{"gold_per_floor":[115,290,304,137,148,148,161,175,200,200,200,200,200,234,234,234],"floor_reached":16,"playtime":919,"items_purged":["Doubt"],"score":100,"play_id":"c01beb98-de7e-4d40-a345-93337108491d","local_time":"20181024233115","is_ascension_mode":false,"campfire_choices":[{"data":"Discovery","floor":6,"key":"SMITH"},{"data":"Flex","floor":12,"key":"SMITH"},{"data":"True Grit","floor":15,"key":"SMITH"}],"neow_cost":"TEN_PERCENT_HP_LOSS","seed_source_timestamp":8911049728200,"circlet_count":0,"master_deck":["Strike_R","Strike_R","Strike_R","Defend_R","Defend_R","Defend_R","Defend_R","Bash","Seeing Red","Flame Barrier","True Grit+1","Dropkick","Discovery+1","Flex+1","Bloodletting","Injury","Entrench"],"relics":["Burning Blood","Art of War","Golden Idol","Oddly Smooth Stone"],"potions_floor_usage":[14,16],"damage_taken":[{"damage":0,"enemies":"Jaw Worm","floor":1,"turns":4},{"damage":0,"enemies":"2 Louse","floor":3,"turns":6},{"damage":3,"enemies":"Small Slimes","floor":5,"turns":4},{"damage":0,"enemies":"Red Slaver","floor":7,"turns":5},{"damage":5,"enemies":"Looter","floor":8,"turns":4},{"damage":16,"enemies":"3 Sentries","floor":14,"turns":13},{"damage":64,"enemies":"Hexaghost","floor":16,"turns":15}],"seed_played":"3964526416951975737","potions_obtained":[{"floor":5,"key":"SkillPotion"},{"floor":8,"key":"GamblersBrew"}],"is_trial":false,"path_per_floor":["M","?","M","$","M","R","M","M","T","$","?","R","?","E","R"],"character_chosen":"IRONCLAD","items_purchased":["Discovery"],"campfire_rested":0,"item_purchase_floors":[4],"current_hp_per_floor":[72,72,72,72,72,72,72,72,72,72,72,72,72,62,62,0],"gold":234,"neow_bonus":"TRANSFORM_TWO_CARDS","is_prod":false,"is_daily":false,"chose_seed":false,"campfire_upgraded":3,"win_rate":0,"timestamp":1540416675,"path_taken":["M","?","?","$","M","R","M","M","T","?","?","R","?","E","R","BOSS"],"build_version":"2018-10-18","purchased_purges":1,"victory":false,"max_hp_per_floor":[72,72,72,72,72,72,72,72,72,72,72,72,72,72,72,72],"card_choices":[{"not_picked":["Reckless Charge","Cleave"],"picked":"True Grit","floor":1},{"not_picked":["Fire Breathing","Cleave"],"picked":"Dropkick","floor":3},{"not_picked":["Burning Pact","Wild Strike"],"picked":"Flex","floor":5},{"not_picked":["Battle Trance","Hemokinesis"],"picked":"Bloodletting","floor":7},{"not_picked":["Pummel","Second Wind","Perfected Strike"],"picked":"SKIP","floor":8},{"not_picked":["Metallicize","Combust"],"picked":"Entrench","floor":14}],"player_experience":764985,"relics_obtained":[{"floor":9,"key":"Art of War"},{"floor":14,"key":"Oddly Smooth Stone"}],"event_choices":[{"damage_healed":0,"gold_gain":175,"player_choice":"AGREE","damage_taken":0,"max_hp_gain":0,"max_hp_loss":0,"event_name":"Liars Game","floor":2,"gold_loss":0,"cards_obtained":["Doubt"]},{"damage_healed":0,"gold_gain":0,"player_choice":"Take Wound","damage_taken":0,"relics_obtained":["Golden Idol"],"max_hp_gain":0,"max_hp_loss":0,"event_name":"Golden Idol","floor":11,"gold_loss":0,"cards_obtained":["Injury"]},{"damage_healed":0,"gold_gain":0,"player_choice":"Ignored","damage_taken":0,"max_hp_gain":0,"max_hp_loss":0,"event_name":"Golden Wing","floor":13,"gold_loss":0}],"is_beta":false,"boss_relics":[],"items_purged_floors":[4],"is_endless":false,"potions_floor_spawned":[5,8],"killed_by":"Hexaghost","ascension_level":0}