{"gold_per_floor":[119,119,139,155,155,180,180,198,268,54,54,86,86,96,96,195,195,208,222,237,237,36,36,36],"floor_reached":24,"playtime":1415,"items_purged":["Regret","Strike_G"],"score":258,"play_id":"0c698cb7-7fcb-449f-9a9c-c5ec7dc5f427","local_time":"20181030161632","is_ascension_mode":true,"campfire_choices":[{"data":"Discovery","floor":11,"key":"SMITH"},{"data":"Neutralize","floor":13,"key":"SMITH"},{"floor":15,"key":"REST"},{"floor":23,"key":"REST"}],"neow_cost":"CURSE","seed_source_timestamp":67757760584500,"circlet_count":0,"master_deck":["Defend_G","Defend_G","Defend_G","Defend_G","Defend_G+1","Strike_G+1","Strike_G","Strike_G","Strike_G","Survivor","Neutralize+1","Discovery+1","Violence","Injury","Blade Dance","PiercingWail","Slice","Slice","A Thousand Cuts+1","Dagger Spray","Envenom+1","Noxious Fumes+1","Finisher","Blade Dance"],"relics":["Ring of the Snake","Calipers","Omamori","The Courier","Frozen Egg 2","Lee\u0027s Waffle","Happy Flower","White Beast Statue","CultistMask","Blood Vial"],"potions_floor_usage":[6,16,18,20,20,24],"damage_taken":[{"damage":0,"enemies":"2 Louse","floor":1,"turns":3},{"damage":0,"enemies":"Jaw Worm","floor":3,"turns":3},{"damage":0,"enemies":"Cultist","floor":4,"turns":4},{"damage":14,"enemies":"3 Sentries","floor":6,"turns":8},{"damage":2,"enemies":"Exordium Wildlife","floor":8,"turns":4},{"damage":24,"enemies":"Lagavulin","floor":12,"turns":7},{"damage":1,"enemies":"2 Fungi Beasts","floor":14,"turns":3},{"damage":28,"enemies":"Hexaghost","floor":16,"turns":9},{"damage":33,"enemies":"2 Thieves","floor":18,"turns":4},{"damage":0,"enemies":"3 Byrds","floor":19,"turns":4},{"damage":15,"enemies":"Centurion and Healer","floor":20,"turns":6},{"damage":69,"enemies":"Book of Stabbing","floor":24,"turns":6}],"seed_played":"1024281552656996083","potions_obtained":[{"floor":3,"key":"Strength Potion"},{"floor":6,"key":"AttackPotion"},{"floor":8,"key":"GamblersBrew"},{"floor":12,"key":"AttackPotion"},{"floor":18,"key":"Weak Potion"},{"floor":19,"key":"Energy Potion"},{"floor":20,"key":"Weak Potion"}],"is_trial":false,"path_per_floor":["M","?","M","M","?","E","?","M","T","$","R","E","R","M","R","B",null,"M","M","M","?","$","R"],"character_chosen":"THE_SILENT","items_purchased":["Lee\u0027s Waffle","Blood Vial"],"campfire_rested":2,"item_purchase_floors":[10,22],"current_hp_per_floor":[70,56,56,56,56,42,42,40,40,77,77,53,53,52,75,47,70,37,37,22,22,22,45,0],"gold":36,"neow_bonus":"RANDOM_COLORLESS_2","is_prod":false,"is_daily":false,"chose_seed":false,"campfire_upgraded":2,"win_rate":0,"timestamp":1540912592,"path_taken":["M","?","M","M","?","E","?","?","T","$","R","E","R","M","R","BOSS","M","M","M","?","$","R","E"],"build_version":"2018-10-25v2","purchased_purges":2,"victory":false,"max_hp_per_floor":[70,70,70,70,70,70,70,70,70,77,77,77,77,77,77,77,77,77,77,77,77,77,77,77],"card_choices":[{"not_picked":["Underhanded Strike","Tactician"],"picked":"Blade Dance","floor":1},{"not_picked":["Acrobatics","Deflect"],"picked":"PiercingWail","floor":3},{"not_picked":["Flying Knee","Backflip"],"picked":"Slice","floor":4},{"not_picked":["Die Die Die","Concentrate"],"picked":"Slice","floor":6},{"not_picked":["Quick Slash","Expertise","Prepared"],"picked":"SKIP","floor":8},{"not_picked":["Crippling Poison","Slice"],"picked":"A Thousand Cuts+1","floor":12},{"not_picked":["Backflip","Sucker Punch"],"picked":"Dagger Spray","floor":14},{"not_picked":["Adrenaline","After Image+1"],"picked":"Envenom+1","floor":16},{"not_picked":["Underhanded Strike+1","Caltrops+1"],"picked":"Noxious Fumes+1","floor":18},{"not_picked":["PiercingWail","Flechettes"],"picked":"Finisher","floor":19},{"not_picked":["Outmaneuver+1","Bane"],"picked":"Blade Dance","floor":20}],"player_experience":812760,"relics_obtained":[{"floor":6,"key":"Omamori"},{"floor":9,"key":"Frozen Egg 2"},{"floor":12,"key":"Happy Flower"}],"event_choices":[{"damage_healed":0,"gold_gain":0,"player_choice":"Entered Light","damage_taken":14,"max_hp_gain":0,"max_hp_loss":0,"event_name":"Shining Light","floor":2,"gold_loss":0,"cards_upgraded":["Defend_G","Strike_G"]},{"damage_healed":0,"gold_gain":0,"player_choice":"Box","damage_taken":0,"relics_obtained":["Calipers"],"max_hp_gain":0,"max_hp_loss":0,"event_name":"Big Fish","floor":5,"gold_loss":0,"cards_obtained":["Regret"]},{"damage_healed":0,"gold_gain":0,"player_choice":"Gave Potion","damage_taken":0,"relics_obtained":["The Courier"],"max_hp_gain":0,"max_hp_loss":0,"event_name":"WeMeetAgain","floor":7,"gold_loss":0},{"damage_healed":0,"gold_gain":0,"player_choice":"Trade","damage_taken":0,"relics_obtained":["CultistMask"],"max_hp_gain":0,"max_hp_loss":0,"event_name":"FaceTrader","floor":21,"gold_loss":0}],"is_beta":false,"boss_relics":[{"not_picked":["Velvet Choker","Ectoplasm"],"picked":"White Beast Statue"}],"items_purged_floors":[10,22],"is_endless":false,"potions_floor_spawned":[3,6,8,12,18,19,20],"killed_by":"Book of Stabbing","ascension_level":5}