{"gold_per_floor":[11,23,23,23,23,23,23,23,23,23,51,65,84,102,102,205,205,218,228,238,254,27,27,52,64,76,120,132,243,255,301,313,430,442,471,483,7,7,22,22,22],"floor_reached":41,"playtime":2711,"items_purged":["Strike_G","Strike_G"],"score":684,"play_id":"772b560b-4750-441a-9f56-a70a2bb35e19","local_time":"20190126001453","is_ascension_mode":true,"campfire_choices":[{"data":"Noxious Fumes","floor":6,"key":"SMITH"},{"data":"Dagger Spray","floor":8,"key":"SMITH"},{"data":"Neutralize","floor":10,"key":"SMITH"},{"data":"Setup","floor":15,"key":"SMITH"},{"floor":23,"key":"REST"},{"data":"Noxious Fumes","floor":25,"key":"SMITH"},{"floor":28,"key":"REST"},{"floor":32,"key":"REST"},{"data":"Discovery","floor":40,"key":"SMITH"}],"neow_cost":"NO_GOLD","seed_source_timestamp":194205980946600,"circlet_count":0,"master_deck":["Defend_G","Defend_G","Defend_G","Defend_G","Defend_G+1","Survivor","Neutralize+1","Venomology","Dagger Spray+1","PiercingWail","Noxious Fumes+1","Setup+1","Bane","Dagger Spray","Doppelganger","Footwork","PiercingWail+1","Unload","Noxious Fumes+1","Bandage Up","Skewer","A Thousand Cuts","Phantasmal Killer","Discovery+1"],"relics":["Ring of the Snake","Orichalcum","Mango","Tough Bandages","Cursed Key","MawBank","Bottled Lightning","War Paint","Lantern","Runic Pyramid","Blood Vial","Mercury Hourglass"],"potions_floor_usage":[11,11,12,14,16,18,18,19,20,20,21,24,24,24,27,27,33,35,41,41,41],"damage_taken":[{"damage":1,"enemies":"Cultist","floor":1,"turns":5},{"damage":1,"enemies":"Small Slimes","floor":2,"turns":6},{"damage":0,"enemies":"3 Sentries","floor":11,"turns":5},{"damage":0,"enemies":"2 Louse","floor":12,"turns":2},{"damage":0,"enemies":"Exordium Wildlife","floor":13,"turns":2},{"damage":4,"enemies":"Blue Slaver","floor":14,"turns":3},{"damage":44,"enemies":"The Guardian","floor":16,"turns":11},{"damage":1,"enemies":"3 Byrds","floor":18,"turns":4},{"damage":8,"enemies":"Shell Parasite","floor":19,"turns":8},{"damage":4,"enemies":"Sentry and Sphere","floor":20,"turns":5},{"damage":11,"enemies":"Cultist and Chosen","floor":21,"turns":8},{"damage":29,"enemies":"Book of Stabbing","floor":24,"turns":8},{"damage":45,"enemies":"Gremlin Leader","floor":27,"turns":8},{"damage":39,"enemies":"Book of Stabbing","floor":31,"turns":7},{"damage":23,"enemies":"Automaton","floor":33,"turns":11},{"damage":4,"enemies":"3 Shapes","floor":35,"turns":3},{"damage":11,"enemies":"3 Darklings","floor":39,"turns":4},{"damage":96,"enemies":"Giant Head","floor":41,"turns":8}],"seed_played":"-2335027990015875692","potions_obtained":[{"floor":2,"key":"Swift Potion"},{"floor":11,"key":"Fire Potion"},{"floor":19,"key":"AttackPotion"},{"floor":21,"key":"SkillPotion"},{"floor":24,"key":"Energy Potion"},{"floor":39,"key":"Poison Potion"}],"is_trial":false,"path_per_floor":["M","M","?","?","$","R","$","R","T","R","E","M","M","M","R","B",null,"M","M","M","M","$","R","E","R","T","E","R","?","?","E","R","B",null,"M","?","$","?","M","R","E"],"character_chosen":"THE_SILENT","items_purchased":["Noxious Fumes","Bandage Up","Blood Vial","Mercury Hourglass"],"campfire_rested":3,"item_purchase_floors":[22,22,37,37],"current_hp_per_floor":[62,61,58,58,58,58,58,58,72,72,72,72,72,68,68,24,69,68,60,56,45,45,70,60,60,60,34,59,59,59,24,49,30,71,71,71,71,71,66,66,0],"gold":22,"neow_bonus":"TRANSFORM_TWO_CARDS","is_prod":false,"is_daily":false,"chose_seed":false,"campfire_upgraded":6,"win_rate":0,"timestamp":1548458093,"path_taken":["M","?","?","?","?","R","$","R","T","R","E","?","M","?","R","BOSS","M","?","M","M","$","R","E","R","T","E","R","?","?","E","R","BOSS","M","?","$","?","M","R","E"],"build_version":"2019-01-23","purchased_purges":2,"victory":false,"max_hp_per_floor":[70,70,70,70,70,70,70,70,84,84,84,84,84,84,84,84,84,84,84,84,84,84,84,84,84,84,84,84,84,84,84,84,84,84,84,84,84,84,84,84,84],"card_choices":[{"not_picked":["Escape Plan","Flechettes"],"picked":"PiercingWail","floor":1},{"not_picked":["Dash","Dagger Spray"],"picked":"Noxious Fumes","floor":2},{"not_picked":["Underhanded Strike","Quick Slash"],"picked":"Setup","floor":11},{"not_picked":["Deadly Poison","Skewer"],"picked":"Bane","floor":12},{"not_picked":["Prepared","Dodge and Roll","Reflex"],"picked":"SKIP","floor":13},{"not_picked":["Expertise","Bane"],"picked":"Dagger Spray","floor":14},{"not_picked":["Storm of Steel","Wraith Form v2"],"picked":"Doppelganger","floor":16},{"not_picked":["Deadly Poison","Dagger Spray"],"picked":"Footwork","floor":18},{"not_picked":["Underhanded Strike","Quick Slash"],"picked":"PiercingWail","floor":19},{"not_picked":["Dagger Throw","Deflect+1","Flechettes"],"picked":"SKIP","floor":20},{"not_picked":["Poisoned Stab","Bane"],"picked":"Unload","floor":21},{"not_picked":["Flying Knee","Masterful Stab"],"picked":"Skewer","floor":24},{"not_picked":["Quick Slash","Bane+1"],"picked":"A Thousand Cuts","floor":27},{"not_picked":["Finisher","Blade Dance","Expertise"],"picked":"SKIP","floor":31},{"not_picked":["Glass Knife","Doppelganger"],"picked":"Phantasmal Killer","floor":33},{"not_picked":["Poisoned Stab+1","Acrobatics+1","Dodge and Roll+1"],"picked":"SKIP","floor":35},{"not_picked":["Impatience","PanicButton"],"picked":"Discovery","floor":38},{"not_picked":["Bane+1","Backflip+1","Underhanded Strike"],"picked":"SKIP","floor":39}],"player_experience":1298687,"relics_obtained":[{"floor":9,"key":"Mango"},{"floor":11,"key":"Tough Bandages"},{"floor":24,"key":"MawBank"},{"floor":26,"key":"Bottled Lightning"},{"floor":27,"key":"War Paint"},{"floor":31,"key":"Lantern"}],"event_choices":[{"damage_healed":0,"gold_gain":0,"player_choice":"Success","damage_taken":3,"relics_obtained":["Orichalcum"],"max_hp_gain":0,"max_hp_loss":0,"event_name":"Scrap Ooze","floor":3,"gold_loss":0},{"cards_removed":["Strike_G"],"damage_healed":0,"gold_gain":0,"player_choice":"Forget","damage_taken":0,"max_hp_gain":0,"max_hp_loss":0,"event_name":"Living Wall","floor":4,"gold_loss":0},{"damage_healed":0,"gold_gain":99,"player_choice":"Stole From Cult","damage_taken":0,"max_hp_gain":0,"max_hp_loss":0,"event_name":"Nest","floor":29,"gold_loss":0},{"cards_removed":["Pain"],"damage_healed":0,"gold_gain":0,"player_choice":"Elegance","damage_taken":0,"max_hp_gain":0,"max_hp_loss":0,"event_name":"Back to Basics","floor":30,"gold_loss":0},{"damage_healed":0,"gold_gain":0,"player_choice":"Ignored","damage_taken":0,"max_hp_gain":0,"max_hp_loss":0,"event_name":"Tomb of Lord Red Mask","floor":36,"gold_loss":0},{"damage_healed":0,"gold_gain":0,"player_choice":"Memory 1","damage_taken":0,"max_hp_gain":0,"max_hp_loss":0,"event_name":"SensoryStone","floor":38,"gold_loss":0}],"is_beta":false,"boss_relics":[{"not_picked":["Lizard Tail","Snecko Eye"],"picked":"Cursed Key"},{"not_picked":["Coffee Dripper","Black Star"],"picked":"Runic Pyramid"}],"items_purged_floors":[22,37],"is_endless":false,"potions_floor_spawned":[2,11,13,19,21,24,39],"killed_by":"Giant Head","ascension_level":9}