{"gold_per_floor":[112,17,17,31,31,31,60,60,60,89,105,13,44,44,44,148,148,168,168,168,182,200,200,230,230,230,230,230,241,289,124,124,223,223,238,338,338,47,66,66,82,94,140,140,166,166,194,210,210,210],"floor_reached":50,"playtime":3383,"items_purged":[],"score":833,"play_id":"70e3c8cf-8a21-4cc7-a5b2-abbb3aac92bc","local_time":"20190414164758","is_ascension_mode":true,"campfire_choices":[{"data":"Footwork","floor":6,"key":"SMITH"},{"data":"Dash","floor":8,"key":"SMITH"},{"data":"Accuracy","floor":15,"key":"SMITH"},{"data":"Infinite Blades","floor":23,"key":"SMITH"},{"data":"Skewer","floor":25,"key":"SMITH"},{"data":"Wraith Form v2","floor":27,"key":"SMITH"},{"floor":32,"key":"REST"},{"floor":40,"key":"REST"},{"data":"A Thousand Cuts","floor":44,"key":"SMITH"},{"floor":49,"key":"REST"}],"neow_cost":"NONE","seed_source_timestamp":255502674610930,"circlet_count":0,"master_deck":["Survivor","Neutralize","Sucker Punch","Footwork+1","Cloak And Dagger","Calculated Gamble","Dagger Throw","Dash+1","Dagger Spray","Noxious Fumes+1","Accuracy+1","Cloak And Dagger","Escape Plan","Die Die Die","Die Die Die","Cloak And Dagger","Skewer+1","Corpse Explosion","Wraith Form v2+1","Deflect+1","Infinite Blades+1","Deflect","Cloak And Dagger+1","Blade Dance","Dash","A Thousand Cuts+1","Blade Dance","Backflip","Corpse Explosion","Sucker Punch","Acrobatics","After Image","Accuracy","Mind Blast+1","PiercingWail","Endless Agony+1","Cloak And Dagger","Caltrops+1","Dodge and Roll","Burst","Well Laid Plans","Sucker Punch+1"],"relics":["Ring of the Snake","NeowsBlessing","Shuriken","Ninja Scroll","Bag of Preparation","Ancient Tea Set","Pandora\u0027s Box","Enchiridion","Lantern","Centennial Puzzle","Boot","HoveringKite","The Specimen","Whetstone","Bottled Lightning","Toxic Egg 2","Strawberry"],"potions_floor_usage":[33,33,41,42,45,48,50,50,50,50,50],"damage_taken":[{"damage":0,"enemies":"Small Slimes","floor":1,"turns":1},{"damage":0,"enemies":"2 Louse","floor":4,"turns":1},{"damage":0,"enemies":"Lagavulin","floor":7,"turns":1},{"damage":7,"enemies":"Gremlin Nob","floor":10,"turns":4},{"damage":1,"enemies":"Jaw Worm","floor":11,"turns":2},{"damage":1,"enemies":"3 Sentries","floor":13,"turns":4},{"damage":30,"enemies":"Slime Boss","floor":16,"turns":7},{"damage":0,"enemies":"Chosen","floor":18,"turns":4},{"damage":0,"enemies":"3 Byrds","floor":21,"turns":3},{"damage":0,"enemies":"Snecko","floor":22,"turns":3},{"damage":6,"enemies":"Slavers","floor":24,"turns":4},{"damage":3,"enemies":"Centurion and Healer","floor":29,"turns":4},{"damage":39,"enemies":"Collector","floor":33,"turns":7},{"damage":2,"enemies":"3 Shapes","floor":35,"turns":2},{"damage":0,"enemies":"Mind Bloom Boss Battle","floor":36,"turns":7},{"damage":11,"enemies":"3 Darklings","floor":39,"turns":3},{"damage":0,"enemies":"Sphere and 2 Shapes","floor":41,"turns":3},{"damage":5,"enemies":"Jaw Worm Horde","floor":42,"turns":3},{"damage":15,"enemies":"Giant Head","floor":45,"turns":7},{"damage":7,"enemies":"Reptomancer","floor":47,"turns":7},{"damage":0,"enemies":"Spire Growth","floor":48,"turns":3},{"damage":84,"enemies":"Time Eater","floor":50,"turns":10}],"seed_played":"-6890704137035691041","potions_obtained":[{"floor":1,"key":"Weak Potion"},{"floor":4,"key":"FearPotion"},{"floor":16,"key":"Strength Potion"},{"floor":22,"key":"Block Potion"},{"floor":33,"key":"Swift Potion"},{"floor":36,"key":"Block Potion"},{"floor":41,"key":"Block Potion"},{"floor":45,"key":"GamblersBrew"},{"floor":48,"key":"EntropicBrew"}],"is_trial":false,"path_per_floor":["M","$","?","M","?","R","E","R","T","E","M","$","E","?","R","B",null,"M","?","?","M","M","R","E","R","T","R","?","M","T","$","R","B",null,"M","?","?","$","M","R","M","M","T","R","E","T","E","M","R","B"],"character_chosen":"THE_SILENT","items_purchased":["Footwork","Cloak And Dagger","Accuracy","Cloak And Dagger","A Thousand Cuts","Blade Dance","Backflip","Accuracy","Mind Blast","PiercingWail","Endless Agony"],"campfire_rested":3,"item_purchase_floors":[2,2,12,12,31,31,31,38,38,38,38],"current_hp_per_floor":[63,63,56,56,56,56,56,56,56,49,48,48,47,47,47,17,57,57,41,41,41,41,41,35,35,35,35,35,32,32,32,53,14,56,54,54,54,54,43,64,64,59,59,59,44,44,44,44,67,0],"gold":210,"neow_bonus":"THREE_ENEMY_KILL","is_prod":false,"is_daily":false,"chose_seed":false,"campfire_upgraded":7,"win_rate":0,"timestamp":1555285678,"path_taken":["M","$","?","M","?","R","E","R","T","E","M","?","E","?","R","BOSS","M","?","?","?","M","R","E","R","T","R","?","M","?","$","R","BOSS","M","?","?","$","?","R","M","M","T","R","E","?","E","M","R","BOSS"],"build_version":"2019-01-23","purchased_purges":0,"victory":false,"max_hp_per_floor":[70,70,70,70,70,70,70,70,70,70,70,70,70,70,70,70,70,70,70,70,70,70,70,70,70,70,70,70,70,70,70,70,70,70,70,70,70,70,70,70,70,70,70,70,70,70,77,77,77,77],"card_choices":[{"not_picked":["Quick Slash","Poisoned Stab"],"picked":"Sucker Punch","floor":1},{"not_picked":["Blade Dance","Bane"],"picked":"Calculated Gamble","floor":4},{"not_picked":["Calculated Gamble","Unload"],"picked":"Dash","floor":7},{"not_picked":["Choke","Bane"],"picked":"Dagger Spray","floor":10},{"not_picked":["Dodge and Roll","Backflip"],"picked":"Noxious Fumes","floor":11},{"not_picked":["Dodge and Roll","Prepared"],"picked":"Escape Plan","floor":13},{"not_picked":["Unload","Night Terror"],"picked":"Die Die Die","floor":16},{"not_picked":["Dagger Throw","Prepared"],"picked":"Deflect+1","floor":18},{"not_picked":["Distraction","Catalyst"],"picked":"Deflect","floor":21},{"not_picked":["Concentrate+1","PiercingWail+1"],"picked":"Cloak And Dagger+1","floor":22},{"not_picked":["Quick Slash","Acrobatics"],"picked":"Blade Dance","floor":24},{"not_picked":["Flying Knee+1","Reflex"],"picked":"Dash","floor":29},{"not_picked":["Phantasmal Killer","Venomology"],"picked":"Corpse Explosion","floor":33},{"not_picked":["Underhanded Strike+1","Slice"],"picked":"Sucker Punch","floor":35},{"not_picked":["Prepared","Flying Knee"],"picked":"Acrobatics","floor":36},{"not_picked":["Outmaneuver","Blade Dance+1"],"picked":"Cloak And Dagger","floor":39},{"not_picked":["Calculated Gamble","Dodge and Roll"],"picked":"Caltrops+1","floor":41},{"not_picked":["Bane","Flying Knee+1"],"picked":"Dodge and Roll","floor":42},{"not_picked":["Dagger Throw+1","Acrobatics+1"],"picked":"Burst","floor":45},{"not_picked":["Eviscerate","Dodge and Roll+1"],"picked":"Well Laid Plans","floor":47},{"not_picked":["Masterful Stab","Flying Knee+1"],"picked":"Sucker Punch+1","floor":48}],"player_experience":1365247,"relics_obtained":[{"floor":7,"key":"Shuriken"},{"floor":9,"key":"Ninja Scroll"},{"floor":10,"key":"Bag of Preparation"},{"floor":13,"key":"Ancient Tea Set"},{"floor":19,"key":"Enchiridion"},{"floor":24,"key":"Lantern"},{"floor":26,"key":"Centennial Puzzle"},{"floor":30,"key":"Boot"},{"floor":36,"key":"The Specimen"},{"floor":43,"key":"Whetstone"},{"floor":45,"key":"Bottled Lightning"},{"floor":46,"key":"Toxic Egg 2"},{"floor":47,"key":"Strawberry"}],"event_choices":[{"cards_removed":["Strike_G"],"damage_healed":0,"gold_gain":0,"player_choice":"Card Removal","damage_taken":7,"max_hp_gain":0,"max_hp_loss":0,"event_name":"Golden Wing","floor":3,"gold_loss":0},{"damage_healed":0,"gold_gain":0,"cards_transformed":["Strike_G"],"player_choice":"Change","damage_taken":0,"max_hp_gain":0,"max_hp_loss":0,"event_name":"Living Wall","floor":5,"gold_loss":0,"cards_obtained":["Dagger Throw"]},{"damage_healed":0,"gold_gain":0,"player_choice":"Upgraded","damage_taken":0,"max_hp_gain":0,"max_hp_loss":0,"event_name":"Upgrade Shrine","floor":14,"gold_loss":0,"cards_upgraded":["Noxious Fumes"]},{"damage_healed":0,"gold_gain":0,"player_choice":"Obtained Book","damage_taken":16,"max_hp_gain":0,"max_hp_loss":0,"event_name":"Cursed Tome","floor":19,"gold_loss":0},{"damage_healed":0,"gold_gain":0,"cards_transformed":["Grand Finale"],"player_choice":"Transformed","damage_taken":0,"max_hp_gain":0,"max_hp_loss":0,"event_name":"Transmorgrifier","floor":20,"gold_loss":0,"cards_obtained":["Infinite Blades"]},{"cards_removed":["Flying Knee"],"damage_healed":0,"gold_gain":0,"player_choice":"Elegance","damage_taken":0,"max_hp_gain":0,"max_hp_loss":0,"event_name":"Back to Basics","floor":28,"gold_loss":0},{"damage_healed":0,"gold_gain":0,"player_choice":"Fight","damage_taken":0,"max_hp_gain":0,"max_hp_loss":0,"event_name":"MindBloom","floor":36,"gold_loss":0},{"damage_healed":0,"gold_gain":0,"cards_transformed":["Predator"],"player_choice":"Transformed","damage_taken":0,"max_hp_gain":0,"max_hp_loss":0,"event_name":"Transmorgrifier","floor":37,"gold_loss":0,"cards_obtained":["After Image"]}],"is_beta":false,"boss_relics":[{"not_picked":["Busted Crown","White Beast Statue"],"picked":"Pandora\u0027s Box"},{"not_picked":["Sozu","Orrery"],"picked":"HoveringKite"}],"items_purged_floors":[],"is_endless":false,"potions_floor_spawned":[1,4,16,22,33,36,41,45,48],"killed_by":"Time Eater","ascension_level":8}