{"gold_per_floor":[115,115,126,146,146,146,203,203,203,213,225,225,298,298,298,403,403,416,416,376,376,376,410,410,320,396,396,396,396,423,433,433,433],"floor_reached":33,"playtime":6006,"items_purged":[],"score":323,"play_id":"9026c0b4-5805-4d4c-a563-9f29cf75158a","local_time":"20181011233443","is_ascension_mode":true,"campfire_choices":[{"data":"Neutralize","floor":6,"key":"SMITH"},{"floor":8,"key":"REST"},{"data":"Backflip","floor":12,"key":"SMITH"},{"floor":15,"key":"REST"},{"data":"Glass Knife","floor":24,"key":"SMITH"},{"data":"Burst","floor":27,"key":"SMITH"},{"floor":32,"key":"REST"}],"neow_cost":"NONE","seed_source_timestamp":292009185334700,"circlet_count":0,"master_deck":["Defend_G","Defend_G+1","Defend_G","Defend_G","Defend_G","Strike_G","Strike_G+1","Strike_G","Strike_G","Survivor","Neutralize+1","Flying Knee+1","Blade Dance+1","Backflip+1","Dagger Spray","Backflip+1","Finisher","Prepared","Burst+1","Flying Knee","Accuracy","Glass Knife+1","Predator+1"],"relics":["Ring of the Snake","Bronze Scales","Juzu Bracelet","Meat on the Bone","The Courier","Du-Vu Doll","Nloth\u0027s Gift","Lantern","Mummified Hand","War Paint"],"potions_floor_usage":[1,16,23,23,30,33],"damage_taken":[{"damage":1,"enemies":"Jaw Worm","floor":1,"turns":5},{"damage":0,"enemies":"Cultist","floor":3,"turns":3},{"damage":2,"enemies":"2 Louse","floor":4,"turns":3},{"damage":19,"enemies":"3 Sentries","floor":7,"turns":6},{"damage":2,"enemies":"2 Fungi Beasts","floor":10,"turns":3},{"damage":14,"enemies":"Large Slime","floor":11,"turns":4},{"damage":24,"enemies":"The Guardian","floor":16,"turns":15},{"damage":9,"enemies":"Spheric Guardian","floor":18,"turns":5},{"damage":5,"enemies":"Slavers","floor":23,"turns":6},{"damage":36,"enemies":"Book of Stabbing","floor":30,"turns":6},{"damage":1,"enemies":"Shell Parasite","floor":31,"turns":4},{"damage":67,"enemies":"Automaton","floor":33,"turns":8}],"seed_played":"-768068145824440300","potions_obtained":[{"floor":0,"key":"Regen Potion"},{"floor":0,"key":"GhostInAJar"},{"floor":0,"key":"SneckoOil"},{"floor":1,"key":"Ancient Potion"},{"floor":7,"key":"GhostInAJar"},{"floor":20,"key":"SteroidPotion"},{"floor":31,"key":"AttackPotion"}],"is_trial":false,"path_per_floor":["M","?","M","M","?","R","?","R","T","M","M","R","T","?","R","B",null,"M","?","?","?","?","E","R","?","T","R","?","?","E","M","R"],"character_chosen":"THE_SILENT","items_purchased":[],"campfire_rested":3,"item_purchase_floors":[],"current_hp_per_floor":[69,66,66,64,64,64,45,66,66,64,50,50,50,36,57,45,70,61,61,61,61,61,56,56,56,56,56,56,56,41,40,61,0],"gold":433,"neow_bonus":"THREE_SMALL_POTIONS","is_prod":false,"is_daily":false,"chose_seed":false,"campfire_upgraded":4,"win_rate":0,"timestamp":1539293683,"path_taken":["M","?","M","?","?","R","?","R","T","M","M","R","?","?","R","BOSS","M","?","?","?","?","E","R","?","T","R","?","?","E","M","R","BOSS"],"build_version":"2018-10-04v2","purchased_purges":0,"victory":false,"max_hp_per_floor":[70,70,70,70,70,70,70,70,70,70,70,70,70,70,70,70,70,70,70,70,70,70,70,70,70,70,70,70,70,70,70,70,70],"card_choices":[{"not_picked":["Slice","Bouncing Flask"],"picked":"Flying Knee","floor":1},{"not_picked":["Dash","Dagger Spray"],"picked":"Blade Dance","floor":3},{"not_picked":["Eviscerate","PiercingWail"],"picked":"Backflip","floor":4},{"not_picked":["Slice","Deflect"],"picked":"Backflip","floor":7},{"not_picked":["Caltrops","Dagger Spray"],"picked":"Finisher","floor":10},{"not_picked":["Choke","Predator"],"picked":"Prepared","floor":11},{"not_picked":["Tools of the Trade","Die Die Die"],"picked":"Burst","floor":16},{"not_picked":["Outmaneuver","Slice"],"picked":"Flying Knee","floor":18},{"not_picked":["After Image","Poisoned Stab"],"picked":"Glass Knife","floor":23},{"not_picked":["Burst","Underhanded Strike"],"picked":"Predator+1","floor":30},{"not_picked":["Deflect","Dagger Throw","Heel Hook+1"],"picked":"SKIP","floor":31}],"player_experience":670871,"relics_obtained":[{"floor":7,"key":"Juzu Bracelet"},{"floor":9,"key":"Meat on the Bone"},{"floor":13,"key":"The Courier"},{"floor":23,"key":"Lantern"},{"floor":26,"key":"Mummified Hand"},{"floor":30,"key":"War Paint"}],"event_choices":[{"event_name":"Scrap Ooze","player_choice":"success","floor":2,"damage_taken":3},{"event_name":"Living Wall","player_choice":"Change","floor":5,"damage_taken":0},{"event_name":"Dead Adventurer","player_choice":"Searched \u00271\u0027 times","floor":7,"damage_taken":0},{"event_name":"Shining Light","player_choice":"Entered Light","floor":14,"damage_taken":0},{"event_name":"The Mausoleum","player_choice":"Yes","floor":19,"damage_taken":0},{"event_name":"The Woman in Blue","player_choice":"Bought 3 Potions","floor":20,"damage_taken":0},{"event_name":"The Library","player_choice":"Read","floor":21,"damage_taken":0},{"event_name":"N\u0027loth","player_choice":"Traded a Runic Pyramid","floor":22,"damage_taken":0},{"event_name":"Designer","player_choice":"Full Service","floor":25,"damage_taken":0},{"event_name":"Ghosts","player_choice":"Ignored","floor":28,"damage_taken":0},{"event_name":"Cursed Tome","player_choice":"Ignored","floor":29,"damage_taken":0}],"is_beta":false,"boss_relics":[{"not_picked":["Snecko Eye","Tiny House"],"picked":"Runic Pyramid"}],"items_purged_floors":[],"is_endless":false,"potions_floor_spawned":[1,7,10,11,31],"killed_by":"Automaton","ascension_level":4}