{"gold_per_floor":[10,27,27,202,220,251,251,270,293,50,50,50,69,85,85,184,184,199,4,4,15,30,57,57,68,143,143,143,143,20,120,120,120],"floor_reached":33,"playtime":2501,"items_purged":["Doubt","Pain"],"score":290,"play_id":"52714c27-da0d-40f9-8bad-3877f9294982","local_time":"20181020162552","is_ascension_mode":false,"campfire_choices":[{"floor":7,"key":"REST"},{"floor":11,"key":"REST"},{"data":"Armaments","floor":15,"key":"SMITH"},{"data":"Battle Trance","floor":24,"key":"SMITH"},{"data":"Double Tap","floor":27,"key":"SMITH"},{"data":"Feed","floor":29,"key":"SMITH"},{"data":"Offering","floor":32,"key":"SMITH"}],"neow_cost":"NO_GOLD","seed_source_timestamp":322320439133100,"circlet_count":0,"master_deck":["Bash","Entrench","Seeing Red","Armaments+1","Battle Trance+1","Clash","Clash","Warcry","Whirlwind","Double Tap+1","Cleave","Intimidate","Iron Wave","Rage","Metallicize","Clothesline","Sword Boomerang","Pommel Strike","Searing Blow+1","Exhume","Blood for Blood+1","Feed+1","Bite","Bite","Bite","Bite","Bite","Offering+1"],"relics":["Burning Blood","Centennial Puzzle","Dream Catcher","Regal Pillow","WarpedTongs","Pandora\u0027s Box","Membership Card","Orichalcum","Paper Frog","Bird Faced Urn","Question Card"],"potions_floor_usage":[8,8,8,16,21,21,25,25,31,33],"damage_taken":[{"damage":10,"enemies":"Cultist","floor":1,"turns":4},{"damage":5,"enemies":"Jaw Worm","floor":2,"turns":6},{"damage":5,"enemies":"Small Slimes","floor":5,"turns":5},{"damage":50,"enemies":"Lagavulin","floor":6,"turns":9},{"damage":26,"enemies":"Gremlin Gang","floor":8,"turns":9},{"damage":4,"enemies":"2 Fungi Beasts","floor":13,"turns":2},{"damage":4,"enemies":"Large Slime","floor":14,"turns":5},{"damage":50,"enemies":"The Guardian","floor":16,"turns":12},{"damage":8,"enemies":"2 Thieves","floor":18,"turns":3},{"damage":3,"enemies":"Spheric Guardian","floor":21,"turns":3},{"damage":29,"enemies":"Snecko","floor":22,"turns":5},{"damage":4,"enemies":"Gremlin Leader","floor":23,"turns":5},{"damage":16,"enemies":"Centurion and Healer","floor":25,"turns":5},{"damage":9,"enemies":"Colosseum Slavers","floor":31,"turns":4},{"damage":32,"enemies":"Colosseum Nobs","floor":31,"turns":5},{"damage":102,"enemies":"Champ","floor":33,"turns":13}],"seed_played":"27619556298015227","potions_obtained":[{"floor":1,"key":"Block Potion"},{"floor":5,"key":"Regen Potion"},{"floor":6,"key":"Energy Potion"},{"floor":14,"key":"EntropicBrew"},{"floor":16,"key":"Poison Potion"},{"floor":21,"key":"FearPotion"},{"floor":23,"key":"Ancient Potion"},{"floor":31,"key":"Block Potion"}],"is_trial":false,"path_per_floor":["M","M","?","?","M","E","R","M","T","$","R","?","M","M","R","B",null,"M","$","?","M","M","E","R","M","T","R","?","R","$","?","R"],"character_chosen":"IRONCLAD","items_purchased":["Regal Pillow","Clash","Membership Card","Offering"],"campfire_rested":2,"item_purchase_floors":[10,10,19,30],"current_hp_per_floor":[92,93,86,86,87,43,71,66,66,66,96,96,96,96,96,52,96,94,94,94,96,73,75,75,65,65,65,65,65,65,53,53,0],"gold":120,"neow_bonus":"TWENTY_PERCENT_HP_BONUS","is_prod":false,"is_daily":false,"chose_seed":false,"campfire_upgraded":5,"win_rate":0,"timestamp":1540045552,"path_taken":["M","M","?","?","?","E","R","M","T","$","R","?","M","M","R","BOSS","M","$","?","M","M","E","R","M","T","R","?","R","$","?","R","BOSS"],"build_version":"2018-10-18","purchased_purges":2,"victory":false,"max_hp_per_floor":[96,96,96,96,96,96,96,96,96,96,96,96,96,96,96,96,96,96,96,96,96,96,96,96,96,96,96,67,67,67,71,71,71],"card_choices":[{"not_picked":["Sword Boomerang","Flex"],"picked":"Entrench","floor":1},{"not_picked":["Wild Strike","Havoc"],"picked":"Seeing Red","floor":2},{"not_picked":["Shrug It Off","Heavy Blade"],"picked":"Armaments","floor":5},{"not_picked":["Clothesline","Havoc","Sentinel"],"picked":"SKIP","floor":6},{"not_picked":["Shrug It Off","Dropkick"],"picked":"Battle Trance","floor":8},{"not_picked":["Juggernaut","Spot Weakness"],"picked":"Clash","floor":11},{"not_picked":["Iron Wave","Heavy Blade"],"picked":"Warcry","floor":13},{"not_picked":["Hemokinesis","Sword Boomerang"],"picked":"Whirlwind","floor":14},{"not_picked":["Impervious","Feed"],"picked":"Double Tap","floor":16},{"not_picked":["Clothesline+1","Heavy Blade"],"picked":"Searing Blow+1","floor":18},{"not_picked":["Iron Wave","Cleave+1","Second Wind+1"],"picked":"SKIP","floor":21},{"not_picked":["Pummel","Entrench+1"],"picked":"Blood for Blood+1","floor":22},{"not_picked":["Havoc+1","Sever Soul"],"picked":"Feed","floor":23},{"not_picked":["Anger","Searing Blow","Twin Strike"],"picked":"SKIP","floor":25}],"player_experience":725259,"relics_obtained":[{"floor":6,"key":"Centennial Puzzle"},{"floor":9,"key":"Dream Catcher"},{"floor":23,"key":"Orichalcum"},{"floor":26,"key":"Paper Frog"},{"floor":31,"key":"Bird Faced Urn"},{"floor":31,"key":"Question Card"}],"event_choices":[{"cards_removed":["Strike_R"],"damage_healed":0,"gold_gain":0,"player_choice":"Card Removal","damage_taken":7,"max_hp_gain":0,"max_hp_loss":0,"event_name":"Golden Wing","floor":3,"gold_loss":0},{"damage_healed":0,"gold_gain":175,"player_choice":"AGREE","damage_taken":0,"max_hp_gain":0,"max_hp_loss":0,"event_name":"Liars Game","floor":4,"gold_loss":0,"cards_obtained":["Doubt"]},{"damage_healed":0,"gold_gain":0,"player_choice":"Rummage","damage_taken":0,"relics_obtained":["WarpedTongs"],"max_hp_gain":0,"max_hp_loss":0,"event_name":"Accursed Blacksmith","floor":12,"gold_loss":0,"cards_obtained":["Pain"]},{"damage_healed":0,"gold_gain":0,"player_choice":"1 cards matched","damage_taken":0,"max_hp_gain":0,"max_hp_loss":0,"event_name":"Match and Keep!","floor":20,"gold_loss":0,"cards_obtained":["Exhume"]},{"damage_healed":0,"gold_gain":0,"player_choice":"Became a vampire","damage_taken":0,"max_hp_gain":0,"max_hp_loss":29,"event_name":"Vampires","floor":28,"gold_loss":0,"cards_obtained":["Bite","Bite","Bite","Bite","Bite"]},{"damage_healed":0,"gold_gain":0,"player_choice":"Fight","damage_taken":0,"max_hp_gain":0,"max_hp_loss":0,"event_name":"Colosseum","floor":31,"gold_loss":0},{"damage_healed":0,"gold_gain":0,"player_choice":"Fought Nobs","damage_taken":0,"max_hp_gain":0,"max_hp_loss":0,"event_name":"Colosseum","floor":31,"gold_loss":0}],"is_beta":false,"boss_relics":[{"not_picked":["Empty Cage","Tiny House"],"picked":"Pandora\u0027s Box"}],"items_purged_floors":[10,30],"is_endless":false,"potions_floor_spawned":[1,5,6,14,16,21,23,31,31],"killed_by":"Champ","ascension_level":0}