{"gold_per_floor":[119,119,130,147,167,198,198,198,198,216,231,231,262,273,273,352,352,326,4,15,34,51,85,85,98,171,171,188,216,13,23,23,96,96,110,110,110,110,129,160,180,208,208,224,275,4,39,68,80,92,104,116,128,18,50,50],"floor_reached":57,"playtime":6285,"items_purged":["Pain","Strike_G","Strike_G"],"score":2946,"play_id":"12364863-efe4-4a06-991c-a14fbd90bbd6","local_time":"20190504060905","is_ascension_mode":true,"campfire_choices":[{"floor":7.0,"key":"REST"},{"data":"Leg Sweep","floor":12.0,"key":"SMITH"},{"data":"Skewer","floor":15.0,"key":"SMITH"},{"data":"Noxious Fumes","floor":24,"key":"SMITH"},{"data":"Well Laid Plans","floor":27,"key":"SMITH"},{"data":"Noxious Fumes","floor":32,"key":"SMITH"},{"floor":49,"key":"RECALL"},{"data":"Noxious Fumes","floor":53,"key":"SMITH"}],"neow_cost":"NONE","seed_source_timestamp":600403401017204,"circlet_count":0,"master_deck":["AscendersBane","Defend_G","Defend_G","Defend_G","Defend_G","Defend_G","Survivor","Neutralize","Predator","Leg Sweep+1","Skewer+1","PiercingWail+1","Crippling Poison+1","Backflip+1","Burst+1","Wraith Form v2","Storm of Steel+1","Reflex+1","Wraith Form v2+1","Noxious Fumes+1","Well Laid Plans","Reflex+1","Well Laid Plans+1","Malaise+1","PiercingWail+1","Footwork+1","Noxious Fumes+1","Tactician+1","Cloak And Dagger+1","Malaise+1","Dark Shackles+1","Backflip+1","Noxious Fumes+1","Deadly Poison+1","Cloak And Dagger+1","Blur+1","PiercingWail+1","Dark Shackles+1","Noxious Fumes"],"special_seed":0,"relics":["HoveringKite","Bird Faced Urn","Toxic Egg 2","WarpedTongs","Blue Candle","Art of War","Astrolabe","Membership Card","Potion Belt","Bottled Tornado","Bag of Preparation","OrangePellets","Busted Crown","Pantograph","Kunai","Thread and Needle","Chemical X","Vajra","MawBank","Bottled Lightning"],"potions_floor_usage":[21,23,35,56,56],"damage_taken":[{"damage":8.0,"enemies":"2 Louse","floor":1.0,"turns":5.0},{"damage":0.0,"enemies":"Cultist","floor":3.0,"turns":4.0},{"damage":7.0,"enemies":"Jaw Worm","floor":4.0,"turns":5.0},{"damage":11.0,"enemies":"Gremlin Gang","floor":5.0,"turns":6.0},{"damage":21.0,"enemies":"Lagavulin","floor":6.0,"turns":8.0},{"damage":1.0,"enemies":"Looter","floor":10.0,"turns":2.0},{"damage":0.0,"enemies":"Large Slime","floor":11.0,"turns":7.0},{"damage":0.0,"enemies":"Gremlin Nob","floor":13.0,"turns":3.0},{"damage":0.0,"enemies":"Exordium Wildlife","floor":14.0,"turns":2.0},{"damage":29,"enemies":"Slime Boss","floor":16,"turns":13},{"damage":2,"enemies":"2 Thieves","floor":18,"turns":4},{"damage":8,"enemies":"3 Byrds","floor":20,"turns":4},{"damage":13,"enemies":"Snecko","floor":21,"turns":4},{"damage":10,"enemies":"Centurion and Healer","floor":22,"turns":10},{"damage":12,"enemies":"Slavers","floor":23,"turns":8},{"damage":0,"enemies":"Snake Plant","floor":25,"turns":6},{"damage":11,"enemies":"Chosen and Byrds","floor":28,"turns":9},{"damage":0,"enemies":"Book of Stabbing","floor":29,"turns":8},{"damage":1,"enemies":"Snecko","floor":31,"turns":7},{"damage":4,"enemies":"Champ","floor":33,"turns":14},{"damage":1,"enemies":"3 Darklings","floor":35,"turns":5},{"damage":1,"enemies":"Orb Walker","floor":39,"turns":5},{"damage":4,"enemies":"Reptomancer","floor":40,"turns":8},{"damage":0,"enemies":"Maw","floor":41,"turns":7},{"damage":2,"enemies":"Giant Head","floor":42,"turns":8},{"damage":1,"enemies":"Sphere and 2 Shapes","floor":44,"turns":5},{"damage":2,"enemies":"2 Orb Walkers","floor":45,"turns":5},{"damage":0,"enemies":"Nemesis","floor":47,"turns":9},{"damage":0,"enemies":"Transient","floor":48,"turns":6},{"damage":7,"enemies":"Awakened One","floor":50,"turns":16},{"damage":12,"enemies":"Time Eater","floor":51,"turns":14},{"damage":22,"enemies":"Shield and Spear","floor":55,"turns":9},{"damage":20,"enemies":"The Heart","floor":56,"turns":12}],"seed_played":"5602770728080958808","potions_obtained":[{"floor":1.0,"key":"Dexterity Potion"},{"floor":4.0,"key":"Ancient Potion"},{"floor":6.0,"key":"Fire Potion"},{"floor":20,"key":"PowerPotion"},{"floor":22,"key":"GamblersBrew"},{"floor":25,"key":"PowerPotion"},{"floor":28,"key":"Weak Potion"},{"floor":31,"key":"SneckoOil"},{"floor":40,"key":"SpeedPotion"}],"is_trial":false,"path_per_floor":["M","?","M","M","M","E","R","?","T","M","M","R","E","M","R","B",null,"M","$","M","M","M","E","R","M","T","R","M","E","$","M","R","B",null,"M","?","?","?","M","E","M","E","T","M","?","$","E","M","R","B","B",null,"R","$","E","B",null],"character_chosen":"THE_SILENT","items_purchased":["Membership Card","Noxious Fumes","SkillPotion","OrangePellets","Tactician+1","Blur+1","Chemical X","Vajra","PiercingWail+1","Dark Shackles+1","Noxious Fumes"],"campfire_rested":1,"item_purchase_floors":[19,19,19,30,30,46,46,46,54,54,54],"current_hp_per_floor":[51,51,51,44,33,12,31,31,31,30,30,30,30,30,30,1,50,50,50,42,33,31,31,31,39,39,39,38,50,50,63,63,66,66,66,56,56,56,63,63,63,63,63,63,63,63,63,63,63,63,59,62,62,62,55,52],"gold":50,"neow_bonus":"BOSS_RELIC","is_prod":false,"is_daily":false,"chose_seed":false,"campfire_upgraded":6,"win_rate":0,"timestamp":1556964545,"path_taken":["M","?","M","?","M","E","R","?","T","M","M","R","E","M","R","BOSS","M","$","?","M","M","E","R","M","T","R","M","E","$","M","R","BOSS","M","?","?","?","M","E","M","E","T","?","?","$","E","M","R","BOSS","BOSS","R","$","E","BOSS"],"build_version":"2019-01-23","purchased_purges":3,"victory":true,"max_hp_per_floor":[66,66,66,66,66,66,66,66,66,66,66,66,66,66,66,66,66,66,66,66,66,66,66,66,66,66,66,66,66,66,66,66,66,66,66,66,66,63,63,63,63,63,63,63,63,63,63,63,63,63,63,63,63,63,63,63],"card_choices":[{"not_picked":["Backstab","Bane"],"picked":"Predator","floor":1.0},{"not_picked":["Dodge and Roll","Deadly Poison"],"picked":"Leg Sweep","floor":3.0},{"not_picked":["Finisher","Sucker Punch"],"picked":"Skewer","floor":4.0},{"not_picked":["Heel Hook","Flying Knee","Deadly Poison"],"picked":"SKIP","floor":5.0},{"not_picked":["Poisoned Stab","Deflect"],"picked":"PiercingWail","floor":6.0},{"not_picked":["Skewer","Reflex+1"],"picked":"Crippling Poison+1","floor":10.0},{"not_picked":["Slice","Dagger Throw"],"picked":"Backflip+1","floor":11.0},{"not_picked":["Heel Hook","Skewer"],"picked":"Predator","floor":13.0},{"not_picked":["Setup+1","Dagger Spray"],"picked":"Burst+1","floor":14.0},{"not_picked":["Grand Finale","Unload"],"picked":"Wraith Form v2","floor":16},{"not_picked":["Backstab","Flying Knee","Deflect+1"],"picked":"SKIP","floor":18},{"not_picked":["Quick Slash","Outmaneuver+1"],"picked":"Well Laid Plans","floor":20},{"not_picked":["Cloak And Dagger+1","Deadly Poison+1"],"picked":"Reflex+1","floor":21},{"not_picked":["All Out Attack","Caltrops"],"picked":"Well Laid Plans","floor":22},{"not_picked":["Finisher","Deadly Poison+1"],"picked":"Malaise+1","floor":23},{"not_picked":["Blade Dance+1","Deflect+1"],"picked":"PiercingWail+1","floor":25},{"not_picked":["Caltrops","Slice+1"],"picked":"Footwork+1","floor":28},{"not_picked":["Endless Agony","Cloak And Dagger+1"],"picked":"Noxious Fumes","floor":29},{"not_picked":["All Out Attack","Backstab"],"picked":"Cloak And Dagger+1","floor":31},{"not_picked":["Die Die Die","Bullet Time+1"],"picked":"Malaise+1","floor":33},{"not_picked":["Quick Slash+1"],"picked":"SKIP","floor":35},{"not_picked":[],"picked":"Dark Shackles+1","floor":36},{"not_picked":[],"picked":"Backflip+1","floor":39},{"not_picked":[],"picked":"Noxious Fumes","floor":40},{"not_picked":[],"picked":"Deadly Poison+1","floor":41},{"not_picked":["Infinite Blades+1"],"picked":"SKIP","floor":42},{"not_picked":["Poisoned Stab+1"],"picked":"SKIP","floor":44},{"not_picked":[],"picked":"Cloak And Dagger+1","floor":45},{"not_picked":["Well Laid Plans"],"picked":"SKIP","floor":47},{"not_picked":["Well Laid Plans"],"picked":"SKIP","floor":48},{"not_picked":["Masterful Stab"],"picked":"SKIP","floor":55}],"player_experience":839792,"relics_obtained":[{"floor":6.0,"key":"Toxic Egg 2"},{"floor":9.0,"key":"Blue Candle"},{"floor":13.0,"key":"Art of War"},{"floor":23,"key":"Potion Belt"},{"floor":26,"key":"Bottled Tornado"},{"floor":29,"key":"Bag of Preparation"},{"floor":40,"key":"Pantograph"},{"floor":42,"key":"Kunai"},{"floor":45,"key":"Thread and Needle"},{"floor":47,"key":"MawBank"},{"floor":55,"key":"Bottled Lightning"}],"event_choices":[{"damage_healed":0.0,"max_hp_gain":0.0,"max_hp_loss":0.0,"gold_gain":0.0,"event_name":"WeMeetAgain","player_choice":"Gave Potion","floor":2.0,"gold_loss":0.0,"damage_taken":0.0,"relics_obtained":["Bird Faced Urn"]},{"damage_healed":0.0,"max_hp_gain":0.0,"max_hp_loss":0.0,"gold_gain":0.0,"event_name":"Accursed Blacksmith","player_choice":"Rummage","floor":8.0,"gold_loss":0.0,"damage_taken":0.0,"relics_obtained":["WarpedTongs"],"cards_obtained":["Pain"]},{"damage_healed":0,"gold_gain":0,"player_choice":"Memory 3","damage_taken":10,"max_hp_gain":0,"max_hp_loss":0,"event_name":"SensoryStone","floor":36,"gold_loss":0},{"cards_removed":["Predator"],"damage_healed":0,"gold_gain":0,"player_choice":"Removed Attack","damage_taken":0,"max_hp_gain":0,"max_hp_loss":0,"event_name":"Falling","floor":37,"gold_loss":0},{"damage_healed":0,"gold_gain":0,"player_choice":"Max HP","damage_taken":0,"max_hp_gain":0,"max_hp_loss":3,"event_name":"Winding Halls","floor":38,"gold_loss":0},{"damage_healed":0,"gold_gain":0,"player_choice":"Fight","damage_taken":0,"max_hp_gain":0,"max_hp_loss":0,"event_name":"Mysterious Sphere","floor":45,"gold_loss":0}],"is_beta":false,"boss_relics":[{"not_picked":["Lizard Tail","Empty Cage"],"picked":"Astrolabe"},{"not_picked":["Eternal Feather","Philosopher\u0027s Stone"],"picked":"Busted Crown"}],"items_purged_floors":[19,30,46],"is_endless":false,"potions_floor_spawned":[1,4,6,20,22,25,28,31,40,45,47,55],"ascension_level":20}