{"gold_per_floor":[17,43,61,61,76,108,108,128,180,212,287,287,347,357,357,461,461,473,398,417,432,432,445,456,456],"floor_reached":25,"playtime":1193,"items_purged":[],"score":323,"play_id":"ce9b181d-5d04-4a0d-8fbe-5e16960ffcbf","local_time":"20190306221109","is_ascension_mode":true,"campfire_choices":[{"floor":7,"key":"REST"},{"floor":12,"key":"REST"},{"floor":15,"key":"REST"}],"neow_cost":"NO_GOLD","seed_source_timestamp":114872113492300,"circlet_count":0,"master_deck":["AscendersBane","Strike_R","Strike_R","Defend_R","Defend_R","Defend_R","Defend_R","Bash","Master of Strategy","Metamorphosis","True Grit","Flame Barrier","Cleave","True Grit","Disarm","Fiend Fire","Exhume"],"relics":["Burning Blood","Potion Belt","Bronze Scales","Centennial Puzzle","Pen Nib","Boot","Empty Cage"],"potions_floor_usage":[6,6,6,10,20,21,24,24],"damage_taken":[{"damage":0,"enemies":"Cultist","floor":1,"turns":2},{"damage":13,"enemies":"2 Louse","floor":3,"turns":2},{"damage":7,"enemies":"Jaw Worm","floor":5,"turns":3},{"damage":34,"enemies":"Gremlin Nob","floor":6,"turns":5},{"damage":7,"enemies":"Blue Slaver","floor":8,"turns":4},{"damage":20,"enemies":"3 Sentries","floor":10,"turns":3},{"damage":4,"enemies":"3 Sentries","floor":13,"turns":6},{"damage":24,"enemies":"Exordium Thugs","floor":14,"turns":4},{"damage":41,"enemies":"The Guardian","floor":16,"turns":14},{"damage":23,"enemies":"Chosen","floor":18,"turns":5},{"damage":0,"enemies":"3 Byrds","floor":20,"turns":3},{"damage":6,"enemies":"Snake Plant","floor":21,"turns":3},{"damage":22,"enemies":"Chosen and Byrds","floor":23,"turns":5},{"damage":29,"enemies":"Shelled Parasite and Fungi","floor":24,"turns":6},{"damage":47,"enemies":"Centurion and Healer","floor":25,"turns":4}],"seed_played":"-8733205600700801559","potions_obtained":[{"floor":1,"key":"Weak Potion"},{"floor":4,"key":"GamblersBrew"},{"floor":4,"key":"BloodPotion"},{"floor":4,"key":"Regen Potion"},{"floor":5,"key":"Poison Potion"},{"floor":8,"key":"SteroidPotion"},{"floor":13,"key":"Weak Potion"},{"floor":20,"key":"Swift Potion"},{"floor":24,"key":"Swift Potion"}],"is_trial":false,"path_per_floor":["M","T","M","?","M","E","R","M","T","E","?","R","?","M","R","B",null,"M","?","M","M","?","M","M","M"],"character_chosen":"IRONCLAD","items_purchased":[],"campfire_rested":3,"item_purchase_floors":[],"current_hp_per_floor":[78,78,71,71,70,42,66,65,65,51,40,64,66,48,72,37,69,52,52,58,58,63,47,46,0],"gold":456,"neow_bonus":"RANDOM_COLORLESS_2","is_prod":false,"is_daily":false,"chose_seed":false,"campfire_upgraded":0,"win_rate":0,"timestamp":1551906669,"path_taken":["M","?","M","?","M","E","R","?","T","E","?","R","?","M","R","BOSS","M","?","M","M","?","M","M","?"],"build_version":"2019-01-23","purchased_purges":0,"victory":false,"max_hp_per_floor":[80,80,80,80,80,80,80,80,80,80,80,80,80,80,80,80,80,80,80,80,80,80,80,80,80],"card_choices":[{"not_picked":["Carnage","Shrug It Off"],"picked":"Havoc","floor":1},{"not_picked":["Clothesline","Reckless Charge"],"picked":"True Grit","floor":3},{"not_picked":["Intimidate","Clothesline"],"picked":"Flame Barrier","floor":5},{"not_picked":["Havoc","Armaments"],"picked":"Cleave","floor":6},{"not_picked":["Reckless Charge","Thunderclap","Wild Strike"],"picked":"SKIP","floor":8},{"not_picked":["Headbutt","Wild Strike"],"picked":"True Grit","floor":10},{"not_picked":["Havoc","Flex"],"picked":"Disarm","floor":14},{"not_picked":["Exhume","Immolate"],"picked":"Fiend Fire","floor":16},{"not_picked":["Cleave","Hemokinesis","Clash"],"picked":"SKIP","floor":18},{"not_picked":["Heavy Blade","Headbutt","Sword Boomerang"],"picked":"SKIP","floor":20},{"not_picked":["Cleave+1","Anger"],"picked":"Exhume","floor":21},{"not_picked":["Perfected Strike","Iron Wave","Burning Pact"],"picked":"SKIP","floor":23},{"not_picked":["Shrug It Off","Twin Strike","Warcry"],"picked":"SKIP","floor":24}],"player_experience":1453914,"relics_obtained":[{"floor":2,"key":"Potion Belt"},{"floor":6,"key":"Bronze Scales"},{"floor":9,"key":"Centennial Puzzle"},{"floor":10,"key":"Pen Nib"},{"floor":13,"key":"Boot"}],"event_choices":[{"damage_healed":0,"gold_gain":0,"player_choice":"Got Potions","damage_taken":0,"max_hp_gain":0,"max_hp_loss":0,"event_name":"Lab","floor":4,"gold_loss":0},{"damage_healed":0,"gold_gain":75,"player_choice":"Gather Gold","damage_taken":11,"max_hp_gain":0,"max_hp_loss":0,"event_name":"World of Goop","floor":11,"gold_loss":0},{"damage_healed":0,"gold_gain":30,"player_choice":"Searched \u00273\u0027 times","damage_taken":0,"max_hp_gain":0,"max_hp_loss":0,"event_name":"Dead Adventurer","floor":13,"gold_loss":0},{"cards_removed":["Strike_R"],"damage_healed":0,"gold_gain":0,"player_choice":"Gave Gold","damage_taken":0,"max_hp_gain":0,"max_hp_loss":0,"event_name":"Beggar","floor":19,"gold_loss":75},{"cards_removed":["Havoc"],"damage_healed":5,"gold_gain":0,"player_choice":"Offered Common","damage_taken":0,"max_hp_gain":0,"max_hp_loss":0,"event_name":"Bonfire Elementals","floor":22,"gold_loss":0},{"cards_removed":["Havoc"],"damage_healed":5,"gold_gain":0,"player_choice":"Offered Special","damage_taken":0,"max_hp_gain":0,"max_hp_loss":0,"event_name":"Bonfire Elementals","floor":22,"gold_loss":0}],"is_beta":false,"boss_relics":[{"not_picked":["Sozu","Orrery"],"picked":"Empty Cage"}],"items_purged_floors":[],"is_endless":false,"potions_floor_spawned":[1,5,8,13,20,24],"killed_by":"Centurion and Healer","ascension_level":10}