{"gold_per_floor":[110,110,35,54,16,49,49,224,224,252,21,48,68,98,98,199,199,211,211,229,229,248,273,273,198,198,198,216,216,235,39,39,144,144,156,173,186,61,361,686,686,288,288,193,212,212,212,212,212,212],"floor_reached":51,"playtime":3721,"items_purged":["Strike_B","Strike_B","Writhe"],"score":1003,"play_id":"3db256a5-92e5-4ff8-a6b7-ced46ebda3df","local_time":"20190513000152","is_ascension_mode":true,"campfire_choices":[{"data":"Zap","floor":7.0,"key":"SMITH"},{"floor":15.0,"key":"REST"},{"floor":24,"key":"REST"},{"data":"Dualcast","floor":27,"key":"SMITH"},{"data":"Capacitor","floor":32,"key":"SMITH"},{"floor":41,"key":"REST"},{"floor":49,"key":"REST"}],"neow_cost":"NONE","seed_source_timestamp":0,"circlet_count":0,"master_deck":["Defend_B+1","Defend_B+1","Defend_B+1","Defend_B+1","Zap+1","Dualcast+1","Coolheaded+1","Cold Snap+1","Buffer+1","Ball Lightning+1","Static Discharge+1","Recycle+1","Doubt","BootSequence+1","Self Repair+1","Coolheaded+1","Ball Lightning+1","Capacitor+1","Barrage+1","Echo Form+1","Hologram+1","Redo+1","Undo+1","Go for the Eyes+1","Redo+1","All For One+1","Doom and Gloom+1","Conserve Battery+1","Storm+1","Capacitor+1","Skim+1","Cold Snap+1","Melter+1","Finesse+1","Buffer+1"],"special_seed":0,"relics":["Cracked Core","Juzu Bracelet","Incense Burner","Kunai","Ice Cream","Odd Mushroom","Potion Belt","Nuclear Battery","Blood Vial","Mummified Hand","Torii","OrangePellets","Fusion Hammer","Old Coin","DataDisk","Frozen Egg 2","Sundial","Mark of the Bloom"],"potions_floor_usage":[23,23,23,23,50],"damage_taken":[{"damage":0.0,"enemies":"Small Slimes","floor":1.0,"turns":3.0},{"damage":1.0,"enemies":"Cultist","floor":4.0,"turns":4.0},{"damage":13.0,"enemies":"Gremlin Nob","floor":6.0,"turns":4.0},{"damage":17.0,"enemies":"Lagavulin","floor":10.0,"turns":7.0},{"damage":18.0,"enemies":"Gremlin Nob","floor":12.0,"turns":4.0},{"damage":12.0,"enemies":"The Mushroom Lair","floor":13.0,"turns":5.0},{"damage":6.0,"enemies":"Hexaghost","floor":16.0,"turns":9.0},{"damage":9,"enemies":"Spheric Guardian","floor":18,"turns":4},{"damage":12,"enemies":"Shell Parasite","floor":20,"turns":6},{"damage":59,"enemies":"Cultist and Chosen","floor":22,"turns":8},{"damage":17,"enemies":"Slavers","floor":23,"turns":6},{"damage":0,"enemies":"Centurion and Healer","floor":28,"turns":8},{"damage":9,"enemies":"Shelled Parasite and Fungi","floor":30,"turns":8},{"damage":10,"enemies":"Champ","floor":33,"turns":15},{"damage":25,"enemies":"3 Darklings","floor":35,"turns":8},{"damage":0,"enemies":"3 Shapes","floor":36,"turns":7},{"damage":13,"enemies":"Jaw Worm Horde","floor":37,"turns":6},{"damage":25,"enemies":"Nemesis","floor":40,"turns":9},{"damage":9,"enemies":"Writhing Mass","floor":45,"turns":8},{"damage":11,"enemies":"Donu and Deca","floor":50,"turns":9}],"seed_played":"-1340085372969411319","potions_obtained":[{"floor":10.0,"key":"Swift Potion"},{"floor":12.0,"key":"Swift Potion"},{"floor":16.0,"key":"EntropicBrew"},{"floor":20,"key":"Explosive Potion"},{"floor":30,"key":"AttackPotion"}],"is_trial":false,"path_per_floor":["M","?","$","M","$","E","R","?","T","E","$","E","?","?","R","B",null,"M","?","M","?","M","E","R","?","T","R","M","?","M","$","R","B",null,"M","M","M","$","?","E","R","$","T","$","M","?","?","?","R","B",null],"character_chosen":"DEFECT","items_purchased":["Static Discharge","Self Repair","Coolheaded","Ball Lightning","OrangePellets","DataDisk","Frozen Egg 2","Skim","Cold Snap"],"campfire_rested":4,"item_purchase_floors":[5,11,11,11,31,42,42,44,44],"current_hp_per_floor":[75,75,75,74,74,61,61,61,61,44,44,33,28,28,52,46,73,71,71,68,68,25,10,34,34,34,34,50,50,50,50,50,56,76,67,82,69,69,69,60,82,82,82,82,80,80,80,80,80,69],"gold":212,"neow_bonus":"TEN_PERCENT_HP_BONUS","is_prod":false,"is_daily":false,"chose_seed":false,"campfire_upgraded":3,"win_rate":0,"timestamp":1557730912,"path_taken":["M","?","$","M","?","E","R","?","T","E","$","E","?","?","R","BOSS","M","?","M","?","M","E","R","?","T","R","M","?","M","$","R","BOSS","M","M","M","$","?","E","R","$","T","$","M","?","?","?","R","BOSS"],"build_version":"2019-01-23","purchased_purges":3,"victory":true,"max_hp_per_floor":[82,82,82,82,82,82,82,82,82,82,82,82,82,82,82,82,82,82,82,82,82,82,82,82,82,82,82,82,82,82,82,82,82,82,82,82,82,82,82,82,82,82,82,82,82,82,82,82,82,82],"card_choices":[{"not_picked":["Conserve Battery","Hologram"],"picked":"Coolheaded","floor":1.0},{"not_picked":["Sweeping Beam","Leap"],"picked":"Ball Lightning","floor":4.0},{"not_picked":["Machine Learning","Double Energy"],"picked":"Recycle","floor":6.0},{"not_picked":["Skim","Aggregate"],"picked":"BootSequence","floor":10.0},{"not_picked":["Sweeping Beam","Redo"],"picked":"Capacitor","floor":12.0},{"not_picked":["Sunder","Leap"],"picked":"Barrage","floor":13.0},{"not_picked":["Biased Cognition","Electrodynamics"],"picked":"Echo Form","floor":16.0},{"not_picked":["Coolheaded","Stack","Auto Shields"],"picked":"SKIP","floor":18},{"not_picked":["Gash","Aggregate"],"picked":"Hologram+1","floor":20},{"not_picked":["Gash+1","Ball Lightning+1"],"picked":"Redo","floor":22},{"not_picked":["Darkness+1","Stack"],"picked":"Undo+1","floor":23},{"not_picked":["Tempest+1","Darkness"],"picked":"Go for the Eyes+1","floor":28},{"not_picked":["Fusion","Static Discharge+1"],"picked":"Redo+1","floor":30},{"not_picked":["Fission","Rainbow"],"picked":"All For One","floor":33},{"not_picked":["Turbo+1","Sweeping Beam"],"picked":"Doom and Gloom+1","floor":35},{"not_picked":["Stack+1","Leap"],"picked":"Conserve Battery+1","floor":36},{"not_picked":["Hello World","Rebound+1"],"picked":"Storm","floor":37},{"not_picked":["Sweeping Beam","Stack+1"],"picked":"Capacitor","floor":40},{"not_picked":["Chill+1","Barrage"],"picked":"Melter+1","floor":45}],"player_experience":465719,"relics_obtained":[{"floor":6.0,"key":"Juzu Bracelet"},{"floor":9.0,"key":"Incense Burner"},{"floor":10.0,"key":"Kunai"},{"floor":12.0,"key":"Ice Cream"},{"floor":13.0,"key":"Odd Mushroom"},{"floor":23,"key":"Mummified Hand"},{"floor":26,"key":"Torii"},{"floor":40,"key":"Old Coin"},{"floor":43,"key":"Sundial"}],"event_choices":[{"damage_healed":0.0,"max_hp_gain":0.0,"max_hp_loss":0.0,"gold_gain":0.0,"event_name":"Match and Keep!","player_choice":"2 cards matched","floor":2.0,"gold_loss":0.0,"damage_taken":0.0,"cards_obtained":["Cold Snap","Buffer"]},{"damage_healed":0.0,"max_hp_gain":0.0,"max_hp_loss":0.0,"gold_gain":175.0,"event_name":"Liars Game","player_choice":"AGREE","floor":8.0,"gold_loss":0.0,"damage_taken":0.0,"cards_obtained":["Doubt"]},{"damage_healed":0.0,"max_hp_gain":0.0,"max_hp_loss":0.0,"gold_gain":0.0,"event_name":"Mushrooms","player_choice":"Fought Mushrooms","floor":13.0,"gold_loss":0.0,"damage_taken":0.0},{"damage_healed":0.0,"max_hp_gain":0.0,"max_hp_loss":0.0,"gold_gain":30.0,"event_name":"Dead Adventurer","player_choice":"Searched \u00272\u0027 times","floor":14.0,"gold_loss":0.0,"damage_taken":0.0,"relics_obtained":["Potion Belt"]},{"damage_healed":0,"gold_gain":0,"player_choice":"Opened","damage_taken":0,"relics_obtained":["Blood Vial"],"max_hp_gain":0,"max_hp_loss":0,"event_name":"The Mausoleum","floor":19,"gold_loss":0,"cards_obtained":["Writhe"]},{"cards_removed":["Strike_B"],"damage_healed":0,"gold_gain":0,"player_choice":"Purged","damage_taken":0,"max_hp_gain":0,"max_hp_loss":0,"event_name":"Purifier","floor":21,"gold_loss":0},{"cards_removed":["Strike_B"],"damage_healed":0,"gold_gain":0,"player_choice":"Gave Gold","damage_taken":0,"max_hp_gain":0,"max_hp_loss":0,"event_name":"Beggar","floor":25,"gold_loss":75},{"damage_healed":0,"gold_gain":0,"player_choice":"0 cards matched","damage_taken":0,"max_hp_gain":0,"max_hp_loss":0,"event_name":"Match and Keep!","floor":29,"gold_loss":0,"cards_obtained":[]},{"damage_healed":0,"gold_gain":300,"player_choice":"Gold","damage_taken":0,"max_hp_gain":0,"max_hp_loss":0,"event_name":"Wheel of Change","floor":39,"gold_loss":0},{"damage_healed":0,"gold_gain":0,"player_choice":"2 cards matched","damage_taken":0,"max_hp_gain":0,"max_hp_loss":0,"event_name":"Match and Keep!","floor":46,"gold_loss":0,"cards_obtained":["Finesse","Buffer"]},{"damage_healed":0,"gold_gain":0,"player_choice":"Upgrade","damage_taken":0,"relics_obtained":["Mark of the Bloom"],"max_hp_gain":0,"max_hp_loss":0,"event_name":"MindBloom","floor":47,"gold_loss":0,"cards_upgraded":["Defend_B","Defend_B","Defend_B","Defend_B","Coolheaded","Cold Snap","Buffer","Ball Lightning","Static Discharge","Recycle","BootSequence","Self Repair","Coolheaded","Ball Lightning","Barrage","Echo Form","Redo","All For One","Storm","Capacitor","Skim","Cold Snap","Finesse"]},{"damage_healed":0,"gold_gain":0,"player_choice":"Ignored","damage_taken":0,"max_hp_gain":0,"max_hp_loss":0,"event_name":"Mysterious Sphere","floor":48,"gold_loss":0}],"is_beta":false,"boss_relics":[{"not_picked":["Snecko Eye","Philosopher\u0027s Stone"],"picked":"Nuclear Battery"},{"not_picked":["FrozenCore","Pandora\u0027s Box"],"picked":"Fusion Hammer"}],"items_purged_floors":[3,11,38],"is_endless":false,"potions_floor_spawned":[10,12,16,20,30,33,40,45],"ascension_level":9}