{"gold_per_floor":[109,34,54,65,65,103,103,139,139,59,59,59,9,52,52,52],"floor_reached":16,"playtime":558,"items_purged":["Decay"],"score":162,"play_id":"bd4fd808-108c-4cca-a0c2-b1650ba8001a","local_time":"20190122154052","is_ascension_mode":true,"campfire_choices":[{"floor":7,"key":"REST"},{"floor":15,"key":"REST"}],"neow_cost":"CURSE","seed_source_timestamp":1083807905550499,"circlet_count":0,"master_deck":["Strike_B","Strike_B","Strike_B","Strike_B","Defend_B","Defend_B","Defend_B","Defend_B","Zap","Dualcast","Echo Form","Turbo","Meteor Strike","Defragment"],"relics":["Cracked Core","Shovel","Golden Idol","Ornamental Fan","Turnip","StoneCalendar","WingedGreaves","Frozen Egg 2"],"potions_floor_usage":[8,16],"damage_taken":[{"damage":0,"enemies":"Cultist","floor":1,"turns":3},{"damage":4,"enemies":"Small Slimes","floor":3,"turns":3},{"damage":9,"enemies":"Jaw Worm","floor":4,"turns":4},{"damage":35,"enemies":"Lagavulin","floor":6,"turns":6},{"damage":15,"enemies":"3 Sentries","floor":8,"turns":4},{"damage":30,"enemies":"Lagavulin","floor":14,"turns":7},{"damage":45,"enemies":"The Guardian","floor":16,"turns":6}],"seed_played":"8052448353214671038","potions_obtained":[{"floor":1,"key":"SmokeBomb"},{"floor":6,"key":"PowerPotion"},{"floor":8,"key":"Dexterity Potion"}],"is_trial":false,"path_per_floor":["M","$","M","M","?","E","R","E","T","$","?","T","?","E","R","B"],"character_chosen":"DEFECT","items_purchased":["Defragment"],"campfire_rested":2,"item_purchase_floors":[10],"current_hp_per_floor":[68,68,64,55,55,20,42,27,27,27,52,52,52,22,44,0],"gold":52,"neow_bonus":"ONE_RARE_RELIC","is_prod":false,"is_daily":false,"chose_seed":false,"campfire_upgraded":0,"win_rate":0,"timestamp":1548168052,"path_taken":["M","?","M","?","?","E","R","E","T","$","?","?","?","E","R","BOSS"],"build_version":"2019-01-17v2","purchased_purges":1,"victory":false,"max_hp_per_floor":[75,75,75,75,75,75,75,75,75,75,75,75,75,75,75,75],"card_choices":[{"not_picked":["Compile Driver","Streamline","Gash"],"picked":"SKIP","floor":1},{"not_picked":["Defragment","Doom and Gloom"],"picked":"Echo Form","floor":3},{"not_picked":["Fusion","Leap"],"picked":"Turbo","floor":4},{"not_picked":["Go for the Eyes","Streamline","Aggregate"],"picked":"SKIP","floor":6},{"not_picked":["Go for the Eyes","Steam Power"],"picked":"Meteor Strike","floor":8},{"not_picked":["Gash","Beam Cell","Compile Driver"],"picked":"SKIP","floor":14}],"player_experience":1274121,"relics_obtained":[{"floor":6,"key":"Ornamental Fan"},{"floor":8,"key":"Turnip"},{"floor":9,"key":"StoneCalendar"},{"floor":12,"key":"WingedGreaves"},{"floor":14,"key":"Frozen Egg 2"}],"event_choices":[{"damage_healed":0,"gold_gain":0,"player_choice":"Take Wound","damage_taken":0,"relics_obtained":["Golden Idol"],"max_hp_gain":0,"max_hp_loss":0,"event_name":"Golden Idol","floor":5,"gold_loss":0,"cards_obtained":["Injury"]},{"damage_healed":25,"gold_gain":0,"player_choice":"Banana","damage_taken":0,"max_hp_gain":0,"max_hp_loss":0,"event_name":"Big Fish","floor":11,"gold_loss":0},{"cards_removed":["Injury"],"damage_healed":0,"gold_gain":0,"player_choice":"Card Removal","damage_taken":0,"max_hp_gain":0,"max_hp_loss":0,"event_name":"The Cleric","floor":13,"gold_loss":50}],"is_beta":false,"boss_relics":[],"items_purged_floors":[2],"is_endless":false,"potions_floor_spawned":[1,6,8],"killed_by":"The Guardian","ascension_level":8}