{"path_per_floor":["M","M","?","M","M","R","?","R","T","M","R","$","E","?","R","B",null,"M","?","$","?","?","R","M","R","T","R","M","M","?","E","R","B",null,"M","M","?","M","?","R","M","?","T","M","?","$","R","$","R"],"character_chosen":"THE_SILENT","items_purchased":["Quick Slash","Footwork","Deadly Poison","Ancient Tea Set","Whetstone","Poisoned Stab"],"gold_per_floor":[111,127,77,90,109,109,172,172,223,239,239,191,216,216,216,315,315,331,256,165,165,65,65,80,80,80,80,97,110,110,137,137,234,234,248,267,267,277,277,277,290,290,317,327,327,5,5,5,5],"floor_reached":50,"campfire_rested":7,"playtime":4577,"current_hp_per_floor":[77,77,77,69,46,46,40,65,65,65,65,65,42,39,64,17,84,62,62,62,46,46,72,68,68,68,68,45,22,22,43,69,15,89,88,67,67,17,17,43,33,33,33,17,17,17,43,43,69],"items_purged":[],"gold":5,"score":433,"play_id":"71897f74-c009-40e2-a159-6b5c6f4de657","is_prod":false,"is_daily":false,"is_ascension_mode":false,"campfire_upgraded":3,"path_taken":["M","M","?","M","M","R","?","R","T","M","R","$","E","?","R","BOSS","M","?","$","?","?","R","M","R","T","R","?","M","?","E","R","BOSS","M","M","?","M","?","R","M","?","T","M","?","$","R","?","R","BOSS"],"build_version":"2018-02-15-PROD1","purchased_purges":1,"victory":false,"master_deck":["Defend_G","Defend_G","Defend_G","Defend_G","Strike_G","Strike_G","Survivor","Neutralize+1","Backflip","Predator+1","Endless Agony","PiercingWail","Backstab","Poisoned Stab","Quick Slash","Dagger Throw","Tools of the Trade","Sucker Punch+1","Footwork+1","Deadly Poison","J.A.X.","Blur+1","Sucker Punch+1","Choke+1","Dagger Throw+1","Finisher","Burst","Crippling Poison+1","Well Laid Plans+1","Bane+1","Noxious Fumes","Pain","Flying Knee+1","Poisoned Stab"],"max_hp_per_floor":[77,77,77,77,77,77,84,84,84,84,84,84,84,84,84,84,84,84,84,84,89,89,89,89,89,89,89,89,89,89,89,89,89,89,89,89,89,89,89,89,89,89,89,89,89,89,89,89,89],"relics":["Ring of the Snake","Strawberry","Snake Skull","Bag of Preparation","Happy Flower","Lizard Tail","Girya","Juzu Bracelet","Cursed Key","Pen Nib","Ancient Tea Set","Whetstone"],"card_choices":[{"not_picked":["Deflect","Prepared"],"picked":"Backflip"},{"not_picked":["Bane","PiercingWail"],"picked":"Predator"},{"not_picked":["Blur","Deflect"],"picked":"Endless Agony"},{"not_picked":["Cloak And Dagger","Deadly Poison"],"picked":"PiercingWail"},{"not_picked":["Deadly Poison","Slice"],"picked":"Backstab"},{"not_picked":["Dagger Spray","Backflip"],"picked":"Poisoned Stab"},{"not_picked":["Wraith Form","Blade Dance"],"picked":"Dagger Throw"},{"not_picked":["Night Terror","Burst"],"picked":"Tools of the Trade"},{"not_picked":["Dagger Throw","Cloak And Dagger"],"picked":"Sucker Punch"},{"not_picked":["Quick Slash","PiercingWail"],"picked":"Blur"},{"not_picked":["Tactician","Quick Slash"],"picked":"Sucker Punch"},{"not_picked":["Outmaneuver","Backflip"],"picked":"Choke"},{"not_picked":["Quick Slash","Masterful Stab"],"picked":"Finisher"},{"not_picked":["Corpse Explosion","A Thousand Cuts"],"picked":"Burst"},{"not_picked":["Cloak And Dagger","Deflect"],"picked":"Crippling Poison"},{"not_picked":["Prepared","Expertise"],"picked":"Well Laid Plans"},{"not_picked":["Acrobatics","All Out Attack"],"picked":"Bane"},{"not_picked":["Infinite Blades","Reflex"],"picked":"Noxious Fumes"},{"not_picked":["Reflex","Backstab"],"picked":"Flying Knee"}],"player_experience":76241,"potions_floor_usage":[7,16,16,29,31,31,33,50,50],"damage_taken":[{"damage":0,"enemies":"Jaw Worm","floor":1,"turns":6},{"damage":0,"enemies":"2 Louse","floor":2,"turns":4},{"damage":8,"enemies":"Small Slimes","floor":4,"turns":5},{"damage":23,"enemies":"Exordium Wildlife","floor":5,"turns":8},{"damage":13,"enemies":"3 Sentries","floor":7,"turns":13},{"damage":0,"enemies":"Looter","floor":10,"turns":2},{"damage":23,"enemies":"Gremlin Nob","floor":13,"turns":4},{"damage":47,"enemies":"Slime Boss","floor":16,"turns":14},{"damage":22,"enemies":"2 Thieves","floor":18,"turns":5},{"damage":4,"enemies":"Shell Parasite","floor":24,"turns":10},{"damage":23,"enemies":"Centurion and Healer","floor":28,"turns":8},{"damage":23,"enemies":"Cultist and Chosen","floor":29,"turns":7},{"damage":26,"enemies":"Gremlin Leader","floor":31,"turns":5},{"damage":54,"enemies":"Collector","floor":33,"turns":13},{"damage":1,"enemies":"Orb Walker","floor":35,"turns":3},{"damage":21,"enemies":"3 Darklings","floor":36,"turns":7},{"damage":50,"enemies":"Sphere and 2 Shapes","floor":38,"turns":8},{"damage":10,"enemies":"Maw","floor":41,"turns":8},{"damage":16,"enemies":"4 Shapes","floor":44,"turns":7},{"damage":77,"enemies":"Awakened One","floor":50,"turns":10}],"event_choices":[{"event_name":"The Cleric","player_choice":"Card Removal","floor":3,"damage_taken":0},{"event_name":"Dead Adventurer","player_choice":"Searched \u00272\u0027 times","floor":7,"damage_taken":0},{"event_name":"Scrap Ooze","player_choice":"success","floor":14,"damage_taken":3},{"event_name":"Beggar","player_choice":"Gave Gold","floor":19,"damage_taken":0},{"event_name":"Forgotten Altar","player_choice":"Shed Blood","floor":21,"damage_taken":0},{"event_name":"Drug Dealer","player_choice":"Got JAXXED","floor":22,"damage_taken":0},{"event_name":"Transmorgrifier","player_choice":"Transform","floor":30,"damage_taken":0},{"event_name":"Tomb of Lord Red Mask","player_choice":"Ignored","floor":37,"damage_taken":0},{"event_name":"The Lab","player_choice":"Got Potions","floor":39,"damage_taken":0},{"event_name":"Mysterious Sphere","player_choice":"Ignore","floor":42,"damage_taken":0}],"boss_relics":[{"not_picked":["The Specimen","Tiny House"],"picked":"Lizard Tail"},{"not_picked":["Orrery","Velvet Choker"],"picked":"Cursed Key"}],"potions_floor_spawned":[2,5,7,13,24,28,31,38,41],"seed_played":"8454225213702661243","killed_by":"Awakened One","ascension_level":0,"is_trial":false}