{"gold_per_floor":[114,114,129,144,159,159,189,204,279,294,294,309,324,339,339,439,439,439,439,439,439,439,439,439,439,439,439,439,439,439,439,439,439,439,439,439,30,30,30,30,7,7,7,7,7,7,7,7,7,7],"floor_reached":51,"playtime":3437,"items_purged":[],"score":952,"play_id":"24bf4bc6-048f-4e24-b75b-c10c0f132657","local_time":"20181223180356","daily_mods":["Insanity","Colorless Cards","Lethality"],"is_ascension_mode":false,"campfire_choices":[{"data":"Mind Blast","floor":6,"key":"SMITH"},{"data":"Mind Blast","floor":15,"key":"SMITH"},{"data":"Concentrate","floor":24,"key":"SMITH"},{"data":"Mind Blast","floor":32,"key":"SMITH"},{"data":"Concentrate","floor":40,"key":"SMITH"},{"data":"Dramatic Entrance","floor":49,"key":"SMITH"}],"neow_cost":"","seed_source_timestamp":0,"circlet_count":0,"master_deck":["PiercingWail","Quick Slash","Finisher","Concentrate+1","Setup","Dagger Spray","PiercingWail","Poisoned Stab","Reflex","Underhanded Strike","Blind","Dark Shackles","Expertise","Dodge and Roll","Concentrate","Catalyst","Mind Blast+1","Terror","Reflex","Discovery","Flying Knee","Concentrate+1","Deadly Poison","Sucker Punch","Acrobatics","Bane","Escape Plan","PiercingWail","PiercingWail","Skewer","Dagger Spray","Poisoned Stab","Flash of Steel","Flying Knee","Blade Dance","Slice","Dagger Spray","Backflip","All Out Attack","Acrobatics","Accuracy","Dagger Throw","PiercingWail","Cloak And Dagger","Masterful Stab","Setup","Deflect","Deflect","Eviscerate","Prepared","Dagger Spray","Dagger Spray","Mind Blast+1","Underhanded Strike","Acrobatics","Deflect","Quick Slash","Burst","Trip","Mind Blast+1","Acrobatics","Concentrate+1","Distraction+1","Calculated Gamble","Tools of the Trade","Mind Blast+1","Thinking Ahead","Underhanded Strike","Slice","Prepared","Dramatic Entrance+1","Slice"],"special_seed":17889,"relics":["Ring of the Snake","Blood Vial","WarpedTongs","Ectoplasm","Singing Bowl","MawBank","Nloth\u0027s Gift","Sozu","Happy Flower","Boot"],"potions_floor_usage":[16],"damage_taken":[{"damage":0,"enemies":"2 Louse","floor":1,"turns":3},{"damage":0,"enemies":"Cultist","floor":3,"turns":1},{"damage":0,"enemies":"Small Slimes","floor":4,"turns":1},{"damage":0,"enemies":"Gremlin Gang","floor":5,"turns":2},{"damage":8,"enemies":"3 Sentries","floor":7,"turns":3},{"damage":3,"enemies":"Exordium Wildlife","floor":8,"turns":2},{"damage":0,"enemies":"Large Slime","floor":10,"turns":2},{"damage":2,"enemies":"2 Fungi Beasts","floor":12,"turns":1},{"damage":0,"enemies":"Lots of Slimes","floor":13,"turns":1},{"damage":0,"enemies":"Large Slime","floor":14,"turns":2},{"damage":45,"enemies":"Hexaghost","floor":16,"turns":5},{"damage":0,"enemies":"2 Thieves","floor":18,"turns":1},{"damage":0,"enemies":"Spheric Guardian","floor":20,"turns":1},{"damage":0,"enemies":"Snake Plant","floor":21,"turns":1},{"damage":0,"enemies":"Centurion and Healer","floor":22,"turns":1},{"damage":0,"enemies":"Book of Stabbing","floor":23,"turns":1},{"damage":0,"enemies":"Shelled Parasite and Fungi","floor":29,"turns":1},{"damage":0,"enemies":"Snake Plant","floor":30,"turns":1},{"damage":0,"enemies":"Collector","floor":33,"turns":1},{"damage":0,"enemies":"3 Darklings","floor":35,"turns":1},{"damage":0,"enemies":"Orb Walker","floor":36,"turns":1},{"damage":0,"enemies":"Sphere and 2 Shapes","floor":38,"turns":1},{"damage":0,"enemies":"3 Darklings","floor":44,"turns":1},{"damage":0,"enemies":"Maw","floor":45,"turns":2},{"damage":0,"enemies":"Transient","floor":48,"turns":5},{"damage":27,"enemies":"Donu and Deca","floor":50,"turns":5}],"seed_played":"9132729475110724367","potions_obtained":[{"floor":2,"key":"AttackPotion"},{"floor":2,"key":"GamblersBrew"},{"floor":2,"key":"SmokeBomb"},{"floor":21,"key":"SmokeBomb"},{"floor":29,"key":"GhostInAJar"},{"floor":30,"key":"Energy Potion"}],"is_trial":false,"path_per_floor":["M","?","M","M","M","R","E","M","T","M","?","M","M","M","R","B",null,"M","?","M","M","M","E","R","?","T","?","?","M","M","?","R","B",null,"M","M","$","M","?","R","$","$","T","M","M","?","?","M","R","B",null],"character_chosen":"THE_SILENT","items_purchased":["Thinking Ahead","Happy Flower","Underhanded Strike","Slice","Prepared"],"campfire_rested":0,"item_purchase_floors":[37,37,37,37,41],"current_hp_per_floor":[70,70,70,70,70,70,62,61,61,63,69,69,71,73,73,30,76,76,76,76,76,76,78,78,78,78,78,78,80,82,82,82,84,84,86,88,88,90,90,90,90,90,90,92,94,94,94,96,96,69],"gold":7,"neow_bonus":"","is_prod":false,"is_daily":true,"chose_seed":false,"campfire_upgraded":6,"win_rate":0.0,"timestamp":1545617036,"path_taken":["M","?","M","M","?","R","E","?","T","M","?","M","M","?","R","BOSS","M","?","?","M","M","E","R","?","T","?","?","?","M","?","R","BOSS","M","?","$","M","?","R","?","$","T","M","M","?","?","M","R","BOSS"],"build_version":"2018-12-20","purchased_purges":0,"victory":true,"max_hp_per_floor":[70,70,70,70,70,70,70,70,70,70,76,76,76,76,76,76,76,76,76,76,76,76,78,78,78,78,78,78,80,82,82,82,84,84,86,88,88,90,90,90,90,90,90,92,94,94,94,96,96,96],"card_choices":[{"not_picked":["Choke","Backflip"],"picked":"Deflect","floor":1},{"not_picked":["Quick Slash","Die Die Die"],"picked":"Eviscerate","floor":3},{"not_picked":["Sucker Punch","Bouncing Flask"],"picked":"Prepared","floor":4},{"not_picked":["Predator","Flechettes"],"picked":"Dagger Spray","floor":5},{"not_picked":["Sucker Punch","Poisoned Stab"],"picked":"Dagger Spray","floor":7},{"not_picked":["Dramatic Entrance","Prepared"],"picked":"Mind Blast","floor":8},{"not_picked":["All Out Attack","Bane"],"picked":"Underhanded Strike","floor":10},{"not_picked":["Poisoned Stab","Deadly Poison"],"picked":"Acrobatics","floor":12},{"not_picked":["Dash","Panacea"],"picked":"Deflect","floor":13},{"not_picked":["A Thousand Cuts","Trip"],"picked":"Quick Slash","floor":14},{"not_picked":["Phantasmal Killer","Night Terror"],"picked":"Burst","floor":16},{"not_picked":["Outmaneuver+1","Good Instincts"],"picked":"Trip","floor":18},{"not_picked":["PiercingWail+1","Sucker Punch"],"picked":"Acrobatics","floor":20},{"not_picked":["Poisoned Stab","Deflect+1"],"picked":"Concentrate+1","floor":21},{"not_picked":["Blade Dance","Deadly Poison"],"picked":"Distraction+1","floor":22},{"not_picked":["Deadly Poison","Dagger Spray","Leg Sweep"],"picked":"Singing Bowl","floor":23},{"not_picked":["Dodge and Roll+1","Bandage Up","Poisoned Stab+1"],"picked":"Singing Bowl","floor":29},{"not_picked":["Dagger Throw","Dagger Spray","Deep Breath"],"picked":"Singing Bowl","floor":30},{"not_picked":["Phantasmal Killer","A Thousand Cuts","Night Terror"],"picked":"Singing Bowl","floor":33},{"not_picked":["Deflect+1","Flying Knee+1","Apotheosis"],"picked":"Singing Bowl","floor":35},{"not_picked":["Cloak And Dagger+1","Chrysalis","Outmaneuver"],"picked":"Singing Bowl","floor":36},{"not_picked":["Dagger Throw+1","Good Instincts+1","Flying Knee+1"],"picked":"Singing Bowl","floor":38},{"not_picked":["Thinking Ahead","Sucker Punch","Dagger Spray"],"picked":"Singing Bowl","floor":44},{"not_picked":["Flechettes","Finisher","Dagger Throw"],"picked":"Singing Bowl","floor":45},{"not_picked":["Slice+1","Underhanded Strike","Bane+1"],"picked":"Singing Bowl","floor":48}],"player_experience":2569,"relics_obtained":[{"floor":7,"key":"Blood Vial"},{"floor":9,"key":"Darkstone Periapt"},{"floor":23,"key":"Singing Bowl"},{"floor":26,"key":"MawBank"},{"floor":43,"key":"Boot"}],"event_choices":[{"damage_healed":0,"gold_gain":0,"player_choice":"Got Potions","damage_taken":0,"max_hp_gain":0,"max_hp_loss":0,"event_name":"Lab","floor":2,"gold_loss":0},{"damage_healed":0,"gold_gain":0,"player_choice":"Rummage","damage_taken":0,"relics_obtained":["WarpedTongs"],"max_hp_gain":0,"max_hp_loss":0,"event_name":"Accursed Blacksmith","floor":11,"gold_loss":0,"cards_obtained":["Pain"]},{"damage_healed":0,"gold_gain":0,"player_choice":"Copied","damage_taken":0,"max_hp_gain":0,"max_hp_loss":0,"event_name":"Duplicator","floor":19,"gold_loss":0,"cards_obtained":["Mind Blast"]},{"damage_healed":0,"gold_gain":0,"cards_transformed":["Leg Sweep","Sucker Punch"],"player_choice":"Became Test Subject","damage_taken":0,"max_hp_gain":0,"max_hp_loss":0,"event_name":"Drug Dealer","floor":25,"gold_loss":0,"cards_obtained":["Calculated Gamble","Tools of the Trade"]},{"damage_healed":0,"gold_gain":0,"player_choice":"Read","damage_taken":0,"max_hp_gain":0,"max_hp_loss":0,"event_name":"The Library","floor":27,"gold_loss":0,"cards_obtained":["Mind Blast"]},{"cards_removed":["Pain"],"damage_healed":0,"gold_gain":0,"player_choice":"Removed Curses","damage_taken":0,"max_hp_gain":0,"max_hp_loss":0,"event_name":"Fountain of Cleansing","floor":28,"gold_loss":0},{"damage_healed":0,"gold_gain":0,"player_choice":"Traded Relic","damage_taken":0,"relics_obtained":["Nloth\u0027s Gift"],"max_hp_gain":0,"max_hp_loss":0,"event_name":"N\u0027loth","floor":31,"relics_lost":["Darkstone Periapt"],"gold_loss":0},{"cards_removed":["Sucker Punch"],"damage_healed":5,"gold_gain":0,"player_choice":"Offered Common","damage_taken":0,"max_hp_gain":0,"max_hp_loss":0,"event_name":"Bonfire Elementals","floor":39,"gold_loss":0},{"cards_removed":["Sucker Punch"],"damage_healed":5,"gold_gain":0,"player_choice":"Offered Special","damage_taken":0,"max_hp_gain":0,"max_hp_loss":0,"event_name":"Bonfire Elementals","floor":39,"gold_loss":0},{"damage_healed":0,"gold_gain":0,"player_choice":"Ignored","damage_taken":0,"max_hp_gain":0,"max_hp_loss":0,"event_name":"Mysterious Sphere","floor":46,"gold_loss":0},{"damage_healed":0,"gold_gain":0,"player_choice":"2 cards matched","damage_taken":0,"max_hp_gain":0,"max_hp_loss":0,"event_name":"Match and Keep!","floor":47,"gold_loss":0,"cards_obtained":["Dramatic Entrance","Slice"]}],"is_beta":false,"boss_relics":[{"not_picked":["Runic Dome","Orrery"],"picked":"Ectoplasm"},{"not_picked":["Fusion Hammer","WristBlade"],"picked":"Sozu"}],"items_purged_floors":[],"is_endless":false,"potions_floor_spawned":[3,7,8,10,12,21,23,29,30,35,45,48],"ascension_level":0}