{"gold_per_floor":[111,286,301,301,20,47,62,94,94,125,167],"floor_reached":11,"playtime":591,"items_purged":["Doubt"],"score":139,"play_id":"36a1a4b5-d86f-4f66-94e8-40a2d9bdd609","local_time":"20181230203355","is_ascension_mode":true,"campfire_choices":[],"neow_cost":"NONE","seed_source_timestamp":284730328887032,"circlet_count":0,"master_deck":["Strike_B","Strike_B","Strike_B","Defend_B","Defend_B","Defend_B","Defend_B","Zap","Dualcast","BootSequence","Turbo","Creative AI","Steam","Undo","Conserve Battery","Streamline"],"relics":["Cracked Core","NeowsBlessing","Toolbox","Matryoshka","Question Card","Centennial Puzzle","Symbiotic Virus","MawBank","Vajra"],"potions_floor_usage":[10,11],"damage_taken":[{"damage":0,"enemies":"Small Slimes","floor":1,"turns":1},{"damage":0,"enemies":"2 Louse","floor":3,"turns":1},{"damage":0,"enemies":"Gremlin Nob","floor":6,"turns":1},{"damage":9,"enemies":"Jaw Worm","floor":7,"turns":5},{"damage":24,"enemies":"Lagavulin","floor":8,"turns":9},{"damage":33,"enemies":"Gremlin Nob","floor":10,"turns":4},{"damage":17,"enemies":"Gremlin Nob","floor":11,"turns":2}],"seed_played":"7381757023226018339","potions_obtained":[{"floor":1,"key":"PowerPotion"},{"floor":8,"key":"Swift Potion"}],"is_trial":false,"path_per_floor":["M","?","M","?","$","E","M","E","T","E","?"],"character_chosen":"DEFECT","items_purchased":["Toolbox"],"campfire_rested":0,"item_purchase_floors":[5],"current_hp_per_floor":[75,75,75,75,75,75,66,42,42,9,0],"gold":167,"neow_bonus":"THREE_ENEMY_KILL","is_prod":false,"is_daily":false,"chose_seed":false,"campfire_upgraded":0,"win_rate":0,"timestamp":1546230835,"path_taken":["M","?","M","?","?","E","M","E","T","E","?"],"build_version":"2018-12-20","purchased_purges":1,"victory":false,"max_hp_per_floor":[75,75,75,75,75,75,75,75,75,75,75],"card_choices":[{"not_picked":["Steam Power","Sweeping Beam"],"picked":"BootSequence","floor":1},{"not_picked":["Ball Lightning","Stack"],"picked":"Turbo","floor":3},{"not_picked":["Tempest","Cold Snap"],"picked":"Steam","floor":6},{"not_picked":["Sweeping Beam","Turbo"],"picked":"Undo","floor":7},{"not_picked":["Rebound","Melter"],"picked":"Conserve Battery","floor":8},{"not_picked":["Capacitor","Turbo","Leap"],"picked":"Streamline","floor":10}],"player_experience":273930,"relics_obtained":[{"floor":6,"key":"Matryoshka"},{"floor":8,"key":"Question Card"},{"floor":9,"key":"Centennial Puzzle"},{"floor":9,"key":"Symbiotic Virus"},{"floor":10,"key":"MawBank"}],"event_choices":[{"damage_healed":0,"gold_gain":175,"player_choice":"AGREE","damage_taken":0,"max_hp_gain":0,"max_hp_loss":0,"event_name":"Liars Game","floor":2,"gold_loss":0,"cards_obtained":["Doubt"]},{"damage_healed":0,"gold_gain":0,"cards_transformed":["Strike_B"],"player_choice":"Change","damage_taken":0,"max_hp_gain":0,"max_hp_loss":0,"event_name":"Living Wall","floor":4,"gold_loss":0,"cards_obtained":["Creative AI"]},{"damage_healed":0,"gold_gain":30,"player_choice":"Searched \u00273\u0027 times","damage_taken":0,"relics_obtained":["Vajra"],"max_hp_gain":0,"max_hp_loss":0,"event_name":"Dead Adventurer","floor":11,"gold_loss":0}],"is_beta":false,"boss_relics":[],"items_purged_floors":[5],"is_endless":false,"potions_floor_spawned":[1,8],"killed_by":"Gremlin Nob","ascension_level":4}