{"gold_per_floor":[116,127,302,577,593,35,35,50,50,61,61,11,11,27,27,147,147,161,161],"floor_reached":19,"playtime":1019,"items_purged":["Regret"],"score":239,"play_id":"3cc6364e-3e66-481f-982b-5cfc0072796c","local_time":"20190424074009","is_ascension_mode":true,"campfire_choices":[{"data":"Mayhem","floor":7.0,"key":"SMITH"},{"floor":13.0,"key":"REST"},{"floor":15.0,"key":"REST"}],"neow_cost":"NONE","seed_source_timestamp":0,"circlet_count":0,"master_deck":["AscendersBane","Defend_G","Defend_G","Defend_G","Defend_G","Defend_G","Strike_G","Strike_G","Strike_G","Strike_G","Strike_G","Survivor","Neutralize","Calculated Gamble","Reflex","Bouncing Flask","Mayhem+1","Envenom","Choke","Well Laid Plans","Cloak And Dagger","Adrenaline","Caltrops"],"special_seed":0,"relics":["Ring of the Snake","NeowsBlessing","Bronze Scales","Blue Candle","Golden Idol","Black Star"],"potions_floor_usage":[18,18,19],"damage_taken":[{"damage":0.0,"enemies":"Jaw Worm","floor":1.0,"turns":1.0},{"damage":0.0,"enemies":"2 Louse","floor":2.0,"turns":1.0},{"damage":0.0,"enemies":"Cultist","floor":5.0,"turns":1.0},{"damage":15.0,"enemies":"2 Fungi Beasts","floor":8.0,"turns":3.0},{"damage":3.0,"enemies":"Looter","floor":10.0,"turns":4.0},{"damage":0.0,"enemies":"Large Slime","floor":14.0,"turns":5.0},{"damage":26.0,"enemies":"The Guardian","floor":16.0,"turns":10.0},{"damage":11,"enemies":"Shell Parasite","floor":18,"turns":6},{"damage":46,"enemies":"Colosseum Slavers","floor":19,"turns":6},{"damage":27,"enemies":"Colosseum Nobs","floor":19,"turns":2}],"seed_played":"5395945711577336473","potions_obtained":[{"floor":1.0,"key":"GhostInAJar"},{"floor":8.0,"key":"Block Potion"},{"floor":10.0,"key":"Regen Potion"},{"floor":16.0,"key":"Energy Potion"}],"is_trial":false,"path_per_floor":["M","M","?","?","M","$","R","M","T","M","?","?","R","M","R","B",null,"M","?"],"character_chosen":"THE_SILENT","items_purchased":["Mayhem","Bronze Scales","Envenom"],"campfire_rested":2,"item_purchase_floors":[6,6,6],"current_hp_per_floor":[63,63,63,63,63,63,63,48,48,45,28,28,49,49,70,44,64,53,0],"gold":161,"neow_bonus":"THREE_ENEMY_KILL","is_prod":false,"is_daily":false,"chose_seed":false,"campfire_upgraded":1,"win_rate":0,"timestamp":1556116809,"path_taken":["M","M","?","?","?","$","R","M","T","M","?","?","R","M","R","BOSS","M","?"],"build_version":"2019-01-23","purchased_purges":1,"victory":false,"max_hp_per_floor":[70,70,70,70,70,70,70,70,70,70,70,70,70,70,70,70,70,70,70],"card_choices":[{"not_picked":["Cloak And Dagger","Poisoned Stab"],"picked":"Calculated Gamble","floor":1.0},{"not_picked":["Backflip","Deadly Poison"],"picked":"Reflex","floor":2.0},{"not_picked":["Dagger Spray","Acrobatics"],"picked":"Bouncing Flask","floor":5.0},{"not_picked":["Eviscerate","Deadly Poison"],"picked":"Choke","floor":8.0},{"not_picked":["Flying Knee","Accuracy"],"picked":"Well Laid Plans","floor":10.0},{"not_picked":["Dagger Spray","Die Die Die"],"picked":"Cloak And Dagger","floor":14.0},{"not_picked":["Grand Finale","Envenom"],"picked":"Adrenaline","floor":16.0},{"not_picked":["Catalyst","Sucker Punch"],"picked":"Caltrops","floor":18}],"player_experience":1446993,"relics_obtained":[{"floor":9.0,"key":"Blue Candle"}],"event_choices":[{"damage_healed":0.0,"max_hp_gain":0.0,"max_hp_loss":0.0,"gold_gain":175.0,"event_name":"Liars Game","player_choice":"AGREE","floor":3.0,"gold_loss":0.0,"damage_taken":0.0,"cards_obtained":["Doubt"]},{"damage_healed":0.0,"max_hp_gain":0.0,"max_hp_loss":0.0,"gold_gain":275.0,"event_name":"Golden Shrine","player_choice":"Desecrate","floor":4.0,"gold_loss":0.0,"damage_taken":0.0,"cards_obtained":["Regret"]},{"damage_healed":0.0,"max_hp_gain":0.0,"max_hp_loss":0.0,"gold_gain":0.0,"event_name":"Golden Idol","player_choice":"Take Damage","floor":11.0,"gold_loss":0.0,"damage_taken":17.0,"relics_obtained":["Golden Idol"]},{"cards_removed":["Doubt"],"damage_healed":0.0,"max_hp_gain":0.0,"max_hp_loss":0.0,"gold_gain":0.0,"event_name":"The Cleric","player_choice":"Card Removal","floor":12.0,"gold_loss":50.0,"damage_taken":0.0},{"damage_healed":0,"gold_gain":0,"player_choice":"Fight","damage_taken":0,"max_hp_gain":0,"max_hp_loss":0,"event_name":"Colosseum","floor":19,"gold_loss":0},{"damage_healed":0,"gold_gain":0,"player_choice":"Fought Nobs","damage_taken":0,"max_hp_gain":0,"max_hp_loss":0,"event_name":"Colosseum","floor":19,"gold_loss":0}],"is_beta":false,"boss_relics":[{"not_picked":["Ring of the Serpent","WristBlade"],"picked":"Black Star"}],"items_purged_floors":[6],"is_endless":false,"potions_floor_spawned":[1,8,10,16,19],"killed_by":"Colosseum Nobs","ascension_level":10}