{"gold_per_floor":[361,376,18,32,42,42,58,58,58,58,74,74,93,107,107,203,203,222,222,222,235,32,32,66,90,90,90,101,26,45,55,55,55],"floor_reached":33,"playtime":1504,"items_purged":["Strike_G"],"score":443,"play_id":"a0617c45-cedb-40f4-975c-89e422fe9741","local_time":"20190419024049","is_ascension_mode":true,"campfire_choices":[{"floor":6,"key":"REST"},{"data":"Noxious Fumes","floor":10,"key":"SMITH"},{"data":"Neutralize","floor":12,"key":"SMITH"},{"floor":15,"key":"REST"},{"floor":23,"key":"REST"},{"floor":27,"key":"REST"},{"floor":32,"key":"DIG"}],"neow_cost":"PERCENT_DAMAGE","seed_source_timestamp":106576996733100,"circlet_count":0,"master_deck":["AscendersBane","Defend_G","Defend_G","Defend_G","Defend_G","Defend_G","Strike_G","Strike_G","Strike_G","Survivor","Neutralize+1","PiercingWail","Dagger Throw","Noxious Fumes+1","Crippling Poison+1","Doppelganger+1","Footwork","Phantasmal Killer+1","Dash","Transmutation+1","Caltrops","Well Laid Plans","Calculated Gamble+1","Catalyst+1"],"relics":["Ring of the Snake","Membership Card","Paper Crane","Toxic Egg 2","Black Star","Matryoshka","Enchiridion","Snake Skull","Shovel","Ornamental Fan","Regal Pillow","Smiling Mask","Orichalcum","Mercury Hourglass","FossilizedHelix"],"potions_floor_usage":[4,14,16,24,24,33],"damage_taken":[{"damage":3,"enemies":"Jaw Worm","floor":1,"turns":6},{"damage":10,"enemies":"Cultist","floor":2,"turns":5},{"damage":5,"enemies":"2 Louse","floor":4,"turns":6},{"damage":7,"enemies":"Blue Slaver","floor":5,"turns":6},{"damage":6,"enemies":"2 Fungi Beasts","floor":7,"turns":4},{"damage":4,"enemies":"Looter","floor":11,"turns":5},{"damage":1,"enemies":"Red Slaver","floor":13,"turns":5},{"damage":3,"enemies":"Gremlin Gang","floor":14,"turns":4},{"damage":51,"enemies":"Slime Boss","floor":16,"turns":12},{"damage":28,"enemies":"Spheric Guardian","floor":18,"turns":6},{"damage":0,"enemies":"3 Byrds","floor":21,"turns":3},{"damage":0,"enemies":"Book of Stabbing","floor":24,"turns":6},{"damage":0,"enemies":"Snake Plant","floor":28,"turns":4},{"damage":20,"enemies":"Centurion and Healer","floor":30,"turns":5},{"damage":0,"enemies":"Snecko","floor":31,"turns":4},{"damage":52,"enemies":"Champ","floor":33,"turns":13}],"seed_played":"4376333892828563209","potions_obtained":[{"floor":2,"key":"Ancient Potion"},{"floor":4,"key":"Block Potion"},{"floor":7,"key":"GhostInAJar"},{"floor":11,"key":"Fire Potion"},{"floor":16,"key":"Dexterity Potion"},{"floor":21,"key":"Energy Potion"},{"floor":30,"key":"EssenceOfSteel"}],"is_trial":false,"path_per_floor":["M","M","$","M","M","R","M","?","T","R","M","R","M","M","R","B",null,"M","T","?","M","$","R","E","T","T","R","M","?","M","M","R","B"],"character_chosen":"THE_SILENT","items_purchased":["Membership Card","Paper Crane","Regen Potion","Snake Skull","Transmutation+1"],"campfire_rested":4,"item_purchase_floors":[3,3,3,22,22],"current_hp_per_floor":[42,32,32,42,35,56,50,55,55,55,51,51,50,47,68,17,57,29,29,13,13,13,34,34,34,34,70,70,70,50,50,50,0],"gold":55,"neow_bonus":"TWO_FIFTY_GOLD","is_prod":false,"is_daily":false,"chose_seed":false,"campfire_upgraded":2,"win_rate":0,"timestamp":1555634449,"path_taken":["M","M","$","M","M","R","M","?","T","R","?","R","M","M","R","BOSS","M","?","?","M","$","R","E","?","T","R","M","?","M","M","R","BOSS"],"build_version":"2019-01-23","purchased_purges":1,"victory":false,"max_hp_per_floor":[70,70,70,70,70,70,70,70,70,70,70,70,70,70,70,70,70,70,70,70,70,70,70,70,70,70,70,70,70,70,70,70,70],"card_choices":[{"not_picked":["Dodge and Roll","Reflex"],"picked":"PiercingWail","floor":1},{"not_picked":["Outmaneuver","Reflex"],"picked":"Dagger Throw","floor":2},{"not_picked":["Sucker Punch","Underhanded Strike","Reflex"],"picked":"SKIP","floor":4},{"not_picked":["Dagger Throw","Poisoned Stab"],"picked":"Noxious Fumes","floor":5},{"not_picked":["Sucker Punch","Cloak And Dagger"],"picked":"Bane","floor":7},{"not_picked":["Underhanded Strike","Bane"],"picked":"Crippling Poison+1","floor":11},{"not_picked":["Backflip+1","Flying Knee"],"picked":"Doppelganger+1","floor":13},{"not_picked":["Tactician+1","Slice"],"picked":"Footwork","floor":14},{"not_picked":["Wraith Form v2","A Thousand Cuts"],"picked":"Phantasmal Killer+1","floor":16},{"not_picked":["Poisoned Stab","Finisher+1"],"picked":"Dash","floor":18},{"not_picked":["Underhanded Strike","Accuracy","Dagger Spray"],"picked":"SKIP","floor":21},{"not_picked":["Accuracy","Flechettes"],"picked":"Caltrops","floor":24},{"not_picked":["Cloak And Dagger+1","Dagger Spray"],"picked":"Well Laid Plans","floor":28},{"not_picked":["Reflex+1","Quick Slash"],"picked":"Calculated Gamble+1","floor":30},{"not_picked":["Poisoned Stab+1","Flying Knee"],"picked":"Catalyst+1","floor":31}],"player_experience":1740411,"relics_obtained":[{"floor":9,"key":"Toxic Egg 2"},{"floor":19,"key":"Matryoshka"},{"floor":20,"key":"Enchiridion"},{"floor":24,"key":"Shovel"},{"floor":24,"key":"Ornamental Fan"},{"floor":25,"key":"Regal Pillow"},{"floor":25,"key":"Smiling Mask"},{"floor":26,"key":"Orichalcum"},{"floor":26,"key":"Mercury Hourglass"},{"floor":32,"key":"FossilizedHelix"}],"event_choices":[{"cards_removed":["Bane"],"damage_healed":5,"gold_gain":0,"player_choice":"Offered Common","damage_taken":0,"max_hp_gain":0,"max_hp_loss":0,"event_name":"Bonfire Elementals","floor":8,"gold_loss":0},{"cards_removed":["Bane"],"damage_healed":5,"gold_gain":0,"player_choice":"Offered Special","damage_taken":0,"max_hp_gain":0,"max_hp_loss":0,"event_name":"Bonfire Elementals","floor":8,"gold_loss":0},{"damage_healed":0,"gold_gain":0,"player_choice":"Obtained Book","damage_taken":16,"max_hp_gain":0,"max_hp_loss":0,"event_name":"Cursed Tome","floor":20,"gold_loss":0},{"cards_removed":["Strike_G"],"damage_healed":0,"gold_gain":0,"player_choice":"Gave Gold","damage_taken":0,"max_hp_gain":0,"max_hp_loss":0,"event_name":"Beggar","floor":29,"gold_loss":75}],"is_beta":false,"boss_relics":[{"not_picked":["Empty Cage","Fusion Hammer"],"picked":"Black Star"}],"items_purged_floors":[22],"is_endless":false,"potions_floor_spawned":[2,4,7,11,16,21,30],"killed_by":"Champ","ascension_level":11}