{"gold_per_floor":[116,126,53,53,65,99,111,111,111,123,123,123,54,68,68,68],"floor_reached":16,"playtime":688,"items_purged":[],"score":107,"play_id":"d97b7cc0-bbec-44b9-8f08-3b15e37845ef","local_time":"20190331103844","is_ascension_mode":true,"campfire_choices":[{"data":"Dash","floor":8,"key":"SMITH"},{"data":"Footwork","floor":12,"key":"SMITH"},{"data":"Footwork","floor":15,"key":"SMITH"}],"neow_cost":"NONE","seed_source_timestamp":143160157408900,"circlet_count":0,"master_deck":["Defend_G","Defend_G","Defend_G+1","Defend_G","Defend_G","Strike_G","Strike_G","Strike_G","Strike_G","Survivor","Neutralize+1","Riddle With Holes","Dagger Spray","Dash+1","Poisoned Stab","Backflip","Footwork+1","Footwork+1","After Image"],"relics":["Ring of the Snake","Blood Vial","Oddly Smooth Stone","Centennial Puzzle"],"potions_floor_usage":[],"damage_taken":[{"damage":16,"enemies":"Jaw Worm","floor":1,"turns":7},{"damage":0,"enemies":"Small Slimes","floor":2,"turns":3},{"damage":0,"enemies":"2 Louse","floor":5,"turns":3},{"damage":4,"enemies":"Gremlin Nob","floor":6,"turns":5},{"damage":0,"enemies":"2 Fungi Beasts","floor":7,"turns":4},{"damage":0,"enemies":"Exordium Thugs","floor":10,"turns":5},{"damage":0,"enemies":"Red Slaver","floor":14,"turns":5},{"damage":45,"enemies":"Hexaghost","floor":16,"turns":17}],"seed_played":"1173678151452816092","potions_obtained":[{"floor":2,"key":"Energy Potion"}],"is_trial":false,"path_per_floor":["M","M","$","?","M","E","M","R","T","M","?","R","$","M","R","B"],"character_chosen":"THE_SILENT","items_purchased":["Dash","Footwork"],"campfire_rested":0,"item_purchase_floors":[3,13],"current_hp_per_floor":[54,56,56,49,51,49,51,51,51,53,39,39,39,41,41,0],"gold":68,"neow_bonus":"RANDOM_COMMON_RELIC","is_prod":false,"is_daily":false,"chose_seed":false,"campfire_upgraded":3,"win_rate":0,"timestamp":1554053924,"path_taken":["M","M","$","?","M","E","M","R","T","M","?","R","?","M","R","BOSS"],"build_version":"2019-01-23","purchased_purges":0,"victory":false,"max_hp_per_floor":[70,70,70,70,70,70,70,70,70,70,70,70,70,70,70,70],"card_choices":[{"not_picked":["PiercingWail","Endless Agony"],"picked":"Riddle With Holes","floor":1},{"not_picked":["Flechettes","Crippling Poison"],"picked":"Dagger Spray","floor":2},{"not_picked":["Bane","Flying Knee"],"picked":"Poisoned Stab","floor":5},{"not_picked":["Finisher","Heel Hook"],"picked":"Backflip","floor":6},{"not_picked":["Leg Sweep","Backflip","Expertise"],"picked":"SKIP","floor":7},{"not_picked":["Acrobatics","Choke"],"picked":"Footwork","floor":10},{"not_picked":["Cloak And Dagger","Eviscerate"],"picked":"After Image","floor":14}],"player_experience":240673,"relics_obtained":[{"floor":6,"key":"Oddly Smooth Stone"},{"floor":9,"key":"Centennial Puzzle"}],"event_choices":[{"cards_removed":["Strike_G"],"damage_healed":0,"gold_gain":0,"player_choice":"Card Removal","damage_taken":7,"max_hp_gain":0,"max_hp_loss":0,"event_name":"Golden Wing","floor":4,"gold_loss":0},{"damage_healed":0,"gold_gain":0,"player_choice":"Entered Light","damage_taken":14,"max_hp_gain":0,"max_hp_loss":0,"event_name":"Shining Light","floor":11,"gold_loss":0,"cards_upgraded":["Neutralize","Defend_G"]}],"is_beta":false,"boss_relics":[],"items_purged_floors":[],"is_endless":false,"potions_floor_spawned":[2],"killed_by":"Hexaghost","ascension_level":1}