{"gold_per_floor":[114,129,129,129,144,144,159,234,309,217,217,232,156,171,171,271,271,286,385,116,116,131,131,146,146,171,198,210,237,249,276,288,400,412,439,451,563,590,617,629,641,653,665,339,339,339,339,354,354,354],"floor_reached":50,"playtime":2494,"items_purged":["Doubt"],"score":457,"play_id":"3e7d5b8e-8cbc-4e3a-b160-3f5be2d2cb13","local_time":"20190215195837","daily_mods":["SealedDeck","ControlledChaos","Terminal"],"is_ascension_mode":false,"campfire_choices":[{"data":"Heavy Blade","floor":6,"key":"SMITH"},{"data":"Searing Blow","floor":11,"key":"SMITH"},{"data":"Double Tap","floor":15,"key":"SMITH"},{"data":"Whirlwind","floor":23,"key":"SMITH"},{"data":"Shrug It Off","floor":25,"key":"SMITH"},{"floor":30,"key":"REST"},{"data":"Shrug It Off","floor":32,"key":"SMITH"},{"floor":40,"key":"REST"},{"data":"Demon Form","floor":42,"key":"SMITH"},{"data":"Searing Blow+1","floor":45,"key":"SMITH"},{"floor":49,"key":"REST"}],"neow_cost":"","seed_source_timestamp":0,"circlet_count":0,"master_deck":["Thunderclap","Evolve","Armaments","Anger","Anger","Anger","Pommel Strike","Shrug It Off+1","Inflame","Heavy Blade+1","Shrug It Off+1","Searing Blow+2","Headbutt","Blood for Blood","Flex","Double Tap+1","Feed","Whirlwind+1","Disarm","Metallicize+1","Necronomicurse","Iron Wave+1","Demon Form+1","Pommel Strike+1","Enlightenment","Decay"],"special_seed":17943,"relics":["Burning Blood","Frozen Eye","Sundial","Question Card","Velvet Choker","Lee\u0027s Waffle","MawBank","Necronomicon","Cursed Key","Pantograph","Membership Card","Happy Flower","Paper Frog"],"potions_floor_usage":[16,16,24,33,33,50,50],"damage_taken":[{"damage":1,"enemies":"2 Louse","floor":1,"turns":2},{"damage":0,"enemies":"Jaw Worm","floor":2,"turns":2},{"damage":0,"enemies":"Cultist","floor":5,"turns":2},{"damage":0,"enemies":"3 Louse","floor":7,"turns":2},{"damage":1,"enemies":"Exordium Thugs","floor":12,"turns":3},{"damage":0,"enemies":"Large Slime","floor":14,"turns":3},{"damage":57,"enemies":"The Guardian","floor":16,"turns":12},{"damage":0,"enemies":"3 Byrds","floor":18,"turns":7},{"damage":5,"enemies":"Chosen","floor":22,"turns":3},{"damage":16,"enemies":"Snake Plant","floor":24,"turns":2},{"damage":11,"enemies":"Centurion and Healer","floor":27,"turns":4},{"damage":0,"enemies":"3 Cultists","floor":29,"turns":1},{"damage":0,"enemies":"Snecko","floor":31,"turns":2},{"damage":42,"enemies":"Champ","floor":33,"turns":8},{"damage":0,"enemies":"3 Darklings","floor":35,"turns":1},{"damage":6,"enemies":"Orb Walker","floor":38,"turns":3},{"damage":30,"enemies":"Spire Growth","floor":39,"turns":5},{"damage":41,"enemies":"Writhing Mass","floor":48,"turns":4},{"damage":74,"enemies":"Time Eater","floor":50,"turns":5}],"seed_played":"2911605258430901299","potions_obtained":[{"floor":2,"key":"SpeedPotion"},{"floor":14,"key":"EntropicBrew"},{"floor":22,"key":"SpeedPotion"},{"floor":24,"key":"FairyPotion"},{"floor":33,"key":"SteroidPotion"},{"floor":35,"key":"GamblersBrew"}],"is_trial":false,"path_per_floor":["M","M","?","?","M","R","M","?","T","$","R","M","$","M","R","B",null,"M","?","$","?","M","R","M","R","T","M","?","M","R","M","R","B",null,"M","?","?","M","M","R","?","R","T","$","R","?","T","M","R","B"],"character_chosen":"IRONCLAD","items_purchased":["Blood for Blood","Flex","Double Tap","Whirlwind","Lee\u0027s Waffle","Membership Card","Dexterity Potion","Happy Flower"],"campfire_rested":3,"item_purchase_floors":[10,10,13,20,20,44,44,44],"current_hp_per_floor":[78,77,76,75,74,73,72,65,65,65,65,67,66,65,64,13,62,64,63,69,68,67,66,56,56,56,54,38,44,62,61,60,24,58,57,56,55,54,30,45,45,45,45,45,45,45,45,10,23,0],"gold":354,"neow_bonus":"","is_prod":false,"is_daily":true,"chose_seed":false,"campfire_upgraded":8,"win_rate":0,"timestamp":1550289517,"path_taken":["M","M","?","?","?","R","M","?","T","$","R","M","?","M","R","BOSS","M","?","$","?","M","R","M","R","T","M","?","M","R","M","R","BOSS","M","?","?","M","?","R","?","R","T","$","R","?","?","M","R","BOSS"],"build_version":"2019-01-23","purchased_purges":1,"victory":false,"max_hp_per_floor":[78,77,76,75,74,73,72,71,70,69,68,67,66,65,64,63,62,64,63,69,68,67,66,65,64,63,65,64,63,62,61,60,59,58,57,56,55,54,53,52,51,50,49,48,47,46,45,44,43,43],"card_choices":[{"not_picked":["Wild Strike","Cleave"],"picked":"Shrug It Off","floor":1},{"not_picked":["Shockwave","Twin Strike"],"picked":"Searing Blow","floor":2},{"not_picked":["Body Slam","Power Through"],"picked":"Headbutt","floor":5},{"not_picked":["Perfected Strike","Iron Wave","Clash"],"picked":"SKIP","floor":7},{"not_picked":["Clothesline","Sever Soul","Heavy Blade","Wild Strike"],"picked":"SKIP","floor":12},{"not_picked":["Reckless Charge","Combust","Twin Strike","Sever Soul"],"picked":"SKIP","floor":14},{"not_picked":["Exhume","Berserk","Bludgeon"],"picked":"Feed","floor":16},{"not_picked":["Pommel Strike","Headbutt","Evolve","Havoc"],"picked":"SKIP","floor":18},{"not_picked":["Heavy Blade","Wild Strike","Clash"],"picked":"Disarm","floor":22},{"not_picked":["Anger","Heavy Blade+1","Clothesline+1"],"picked":"Metallicize+1","floor":24},{"not_picked":["Anger","Havoc","Shrug It Off"],"picked":"Seeing Red+1","floor":27},{"not_picked":["Body Slam","Wild Strike+1","Havoc"],"picked":"Iron Wave+1","floor":29},{"not_picked":["Cleave","True Grit","Clothesline+1","Twin Strike"],"picked":"SKIP","floor":31},{"not_picked":["Brutality","Fiend Fire","Immolate"],"picked":"Demon Form","floor":33},{"not_picked":["Perfected Strike","Body Slam","Reckless Charge"],"picked":"Pommel Strike+1","floor":35},{"not_picked":["Dramatic Entrance","Good Instincts","Jack Of All Trades"],"picked":"Enlightenment","floor":36},{"not_picked":["Blood for Blood","Reckless Charge","Havoc+1","Armaments"],"picked":"SKIP","floor":38},{"not_picked":["Warcry+1","Clash+1","Exhume","Flex"],"picked":"SKIP","floor":39},{"not_picked":["Blood for Blood","Body Slam+1","Headbutt","Reckless Charge"],"picked":"SKIP","floor":48}],"player_experience":251831,"relics_obtained":[{"floor":9,"key":"Question Card"},{"floor":26,"key":"MawBank"},{"floor":28,"key":"Necronomicon"},{"floor":43,"key":"Pantograph"},{"floor":47,"key":"Paper Frog"}],"event_choices":[{"damage_healed":0,"gold_gain":0,"player_choice":"Leave","damage_taken":0,"max_hp_gain":0,"max_hp_loss":0,"event_name":"The Cleric","floor":3,"gold_loss":0},{"damage_healed":0,"gold_gain":0,"player_choice":"Gave Potion","damage_taken":0,"relics_obtained":["Sundial"],"max_hp_gain":0,"max_hp_loss":0,"event_name":"WeMeetAgain","floor":4,"gold_loss":0},{"damage_healed":0,"gold_gain":75,"player_choice":"Touch","damage_taken":7,"max_hp_gain":0,"max_hp_loss":0,"event_name":"FaceTrader","floor":8,"gold_loss":0},{"damage_healed":0,"gold_gain":99,"player_choice":"Stole From Cult","damage_taken":0,"max_hp_gain":0,"max_hp_loss":0,"event_name":"Nest","floor":19,"gold_loss":0},{"damage_healed":0,"gold_gain":0,"player_choice":"Ignored","damage_taken":0,"max_hp_gain":0,"max_hp_loss":0,"event_name":"Beggar","floor":21,"gold_loss":0},{"damage_healed":0,"gold_gain":0,"player_choice":"Obtained Book","damage_taken":16,"max_hp_gain":0,"max_hp_loss":0,"event_name":"Cursed Tome","floor":28,"gold_loss":0},{"damage_healed":0,"gold_gain":0,"player_choice":"Memory 1","damage_taken":0,"max_hp_gain":0,"max_hp_loss":0,"event_name":"SensoryStone","floor":36,"gold_loss":0},{"damage_healed":0,"gold_gain":100,"player_choice":"Pray","damage_taken":0,"max_hp_gain":0,"max_hp_loss":0,"event_name":"Golden Shrine","floor":37,"gold_loss":0},{"damage_healed":0,"gold_gain":0,"player_choice":"Ignored","damage_taken":0,"max_hp_gain":0,"max_hp_loss":0,"event_name":"Tomb of Lord Red Mask","floor":41,"gold_loss":0},{"cards_removed":["Seeing Red"],"damage_healed":0,"gold_gain":0,"player_choice":"Removed Skill","damage_taken":0,"max_hp_gain":0,"max_hp_loss":0,"event_name":"Falling","floor":46,"gold_loss":0}],"is_beta":false,"boss_relics":[{"not_picked":["Calling Bell","Lizard Tail"],"picked":"Velvet Choker"},{"not_picked":["Tiny House","Black Star"],"picked":"Cursed Key"}],"items_purged_floors":[44],"is_endless":false,"potions_floor_spawned":[2,14,22,24,31,33,35],"killed_by":"Time Eater","ascension_level":0}