{"gold_per_floor":[112,112,387,399,409,439,439,403,403,403,403],"floor_reached":11,"playtime":1199,"items_purged":[],"score":117,"play_id":"f9a712bf-9b81-4a33-b24f-9dff0a1a02b9","local_time":"20190502124511","is_ascension_mode":true,"campfire_choices":[{"floor":7,"key":"REST"}],"neow_cost":"NONE","seed_source_timestamp":105691476066025,"circlet_count":0,"master_deck":["AscendersBane","Defend_G","Defend_G","Defend_G","Defend_G","Defend_G","Strike_G","Strike_G","Strike_G","Strike_G","Strike_G","Survivor","Neutralize","Choke","Regret","Predator","Blade Dance","Riddle With Holes","Infinite Blades","Riddle With Holes"],"relics":["Ring of the Snake","NeowsBlessing","Prayer Wheel","Bag of Preparation","Calipers","Bird Faced Urn"],"potions_floor_usage":[11],"damage_taken":[{"damage":0,"enemies":"Cultist","floor":1,"turns":1},{"damage":0,"enemies":"Jaw Worm","floor":4,"turns":1},{"damage":0,"enemies":"2 Louse","floor":5,"turns":1},{"damage":62,"enemies":"Lagavulin","floor":6,"turns":6},{"damage":37,"enemies":"3 Sentries","floor":11,"turns":4}],"seed_played":"3536034829313410847","potions_obtained":[{"floor":1,"key":"Ancient Potion"},{"floor":4,"key":"FairyPotion"},{"floor":6,"key":"AttackPotion"}],"is_trial":false,"path_per_floor":["M","T","?","M","M","E","R","?","T","?","E"],"character_chosen":"THE_SILENT","items_purchased":[],"campfire_rested":1,"item_purchase_floors":[],"current_hp_per_floor":[63,63,63,63,63,1,22,22,22,22,0],"gold":403,"neow_bonus":"THREE_ENEMY_KILL","is_prod":false,"is_daily":false,"chose_seed":false,"campfire_upgraded":0,"win_rate":0,"timestamp":1556826311,"path_taken":["M","?","?","?","M","E","R","?","T","?","E"],"build_version":"2019-01-23","purchased_purges":0,"victory":false,"max_hp_per_floor":[70,70,70,70,70,70,70,70,70,70,70],"card_choices":[{"not_picked":["Endless Agony","Sucker Punch"],"picked":"Choke","floor":1},{"not_picked":["Slice","Calculated Gamble"],"picked":"Predator","floor":4},{"not_picked":["Heel Hook","Deadly Poison"],"picked":"Blade Dance","floor":4},{"not_picked":["Underhanded Strike","Outmaneuver"],"picked":"Riddle With Holes","floor":5},{"not_picked":["Sucker Punch","Cloak And Dagger"],"picked":"Infinite Blades","floor":5},{"not_picked":["Finisher","Caltrops"],"picked":"Riddle With Holes","floor":6}],"player_experience":1553710,"relics_obtained":[{"floor":2,"key":"Prayer Wheel"},{"floor":6,"key":"Bag of Preparation"},{"floor":9,"key":"Calipers"},{"floor":10,"key":"Bird Faced Urn"}],"event_choices":[{"damage_healed":0,"gold_gain":275,"player_choice":"Desecrate","damage_taken":0,"max_hp_gain":0,"max_hp_loss":0,"event_name":"Golden Shrine","floor":3,"gold_loss":0,"cards_obtained":["Regret"]},{"damage_healed":0,"gold_gain":0,"player_choice":"Left Gold","damage_taken":0,"max_hp_gain":0,"max_hp_loss":0,"event_name":"World of Goop","floor":8,"gold_loss":36},{"damage_healed":0,"gold_gain":0,"player_choice":"Relic","damage_taken":0,"max_hp_gain":0,"max_hp_loss":0,"event_name":"Wheel of Change","floor":10,"gold_loss":0}],"is_beta":false,"boss_relics":[],"items_purged_floors":[],"is_endless":false,"potions_floor_spawned":[1,4,6],"killed_by":"3 Sentries","ascension_level":13}