{"path_per_floor":["M","M","?","$","?","E","?","R","T","M","E","R","M","M","R","B",null,"M","M","M","$","M"],"character_chosen":"THE_SILENT","items_purchased":["Acrobatics","Flying Knee","Infinite Blades","Panache"],"gold_per_floor":[112,132,132,53,53,82,82,82,82,102,130,130,149,167,167,265,265,282,293,303,73,88],"floor_reached":23,"campfire_rested":3,"playtime":3088,"current_hp_per_floor":[70,70,70,70,70,10,15,37,37,37,4,26,23,25,47,32,75,48,46,37,37,15],"items_purged":[],"gold":88,"play_id":"440c81a2-a9f5-45d8-846e-8a46570a0141","is_prod":false,"is_daily":false,"is_ascension_mode":false,"campfire_upgraded":0,"path_taken":["M","M","?","$","?","E","?","R","T","M","E","R","M","M","R","BOSS","M","M","?","$","?","E"],"build_version":"2018-01-25-PROD3","purchased_purges":0,"victory":false,"master_deck":["Defend_G","Defend_G","Defend_G","Defend_G","Defend_G","Strike_G","Strike_G","Strike_G","Strike_G","Strike_G","Survivor","Neutralize","Backflip","Quick Slash","Acrobatics","Flying Knee","Dagger Throw","Poisoned Stab","Dash","Well Laid Plans","Escape Plan","Bullet Time","Bane","Outmaneuver","Acrobatics","Infinite Blades","Panache","Sucker Punch+1"],"max_hp_per_floor":[70,70,70,70,70,70,75,75,75,75,75,75,75,75,75,75,75,75,75,75,75,75],"relics":["Ring of the Snake","Snake Skull","Bird Faced Urn","Dodecahedron","Calipers","Lizard Tail"],"card_choices":[{"not_picked":["Dagger Spray","Quick Slash"],"picked":"Backflip"},{"not_picked":["Masterful Stab","Prepared"],"picked":"Quick Slash"},{"not_picked":["Acrobatics","Quick Slash"],"picked":"Dagger Throw"},{"not_picked":["PiercingWail","Acrobatics"],"picked":"Poisoned Stab"},{"not_picked":["Quick Slash","Night Terror"],"picked":"Dash"},{"not_picked":["Flying Knee","Deadly Poison"],"picked":"Well Laid Plans"},{"not_picked":["Flying Knee","Slice"],"picked":"Escape Plan"},{"not_picked":["Corpse Explosion","Doppelganger"],"picked":"Bullet Time"},{"not_picked":["Dagger Spray","Prepared"],"picked":"Bane"},{"not_picked":["Backflip","Flying Knee"],"picked":"Outmaneuver"},{"not_picked":["Slice","Malaise"],"picked":"Acrobatics"},{"not_picked":["Backflip","Calculated Gamble"],"picked":"Sucker Punch"}],"player_experience":8743,"potions_floor_usage":[16,16,19],"damage_taken":[{"damage":0,"enemies":"Small Slimes","floor":1,"turns":4},{"damage":0,"enemies":"Jaw Worm","floor":2,"turns":5},{"damage":60,"enemies":"Gremlin Nob","floor":6,"turns":6},{"damage":0,"enemies":"Cultist","floor":10,"turns":3},{"damage":33,"enemies":"Lagavulin","floor":11,"turns":9},{"damage":3,"enemies":"Large Slime","floor":13,"turns":6},{"damage":0,"enemies":"2 Fungi Beasts","floor":14,"turns":3},{"damage":17,"enemies":"Slime Boss","floor":16,"turns":17},{"damage":27,"enemies":"3 Byrds","floor":18,"turns":9},{"damage":4,"enemies":"Shell Parasite","floor":19,"turns":15},{"damage":53,"enemies":"Snake Plant","floor":20,"turns":6},{"damage":26,"enemies":"Snecko","floor":22,"turns":6},{"damage":19,"enemies":"Gremlin Leader","floor":23,"turns":1}],"event_choices":[{"event_name":"Golden Wing","player_choice":"Ignored","floor":3,"damage_taken":0},{"event_name":"Liars Game","player_choice":"disagreed","floor":5,"damage_taken":0},{"event_name":"Big Fish","player_choice":"Donut","floor":7,"damage_taken":0}],"boss_relics":[{"not_picked":["Sozu","The Specimen"],"picked":"Lizard Tail"}],"potions_floor_spawned":[11,13,14,18,22],"seed_played":"371569917278130840","killed_by":"Gremlin Leader","ascension_level":0,"is_trial":false}