{"gold_per_floor":[116,116,47,67,83,83,106,106,106,121,121,196,196,220,220,349,349,362,362,30,54,54,98,98,23,99,99,112,112,131,154,154,277,277,296,321,421,446,470,470,470,490,517,517,168,168,192,215,215,215],"floor_reached":51,"playtime":3392,"items_purged":[],"score":661,"play_id":"a6397b7b-4589-4d14-9ae1-cd153d6420dd","local_time":"20190309112222","is_ascension_mode":false,"campfire_choices":[{"data":"Buffer","floor":6,"key":"SMITH"},{"data":"Chill","floor":11,"key":"SMITH"},{"data":"Loop","floor":13,"key":"SMITH"},{"data":"Hologram","floor":15,"key":"SMITH"},{"data":"Defragment","floor":24,"key":"SMITH"},{"data":"J.A.X.","floor":27,"key":"SMITH"},{"floor":32,"key":"REST"},{"data":"Seek","floor":40,"key":"SMITH"},{"data":"Compile Driver","floor":44,"key":"SMITH"},{"data":"Glacier","floor":46,"key":"SMITH"},{"floor":49,"key":"REST"}],"neow_cost":"NONE","seed_source_timestamp":305471386871679,"circlet_count":0,"master_deck":["Strike_B","Strike_B+1","Strike_B","Strike_B+1","Defend_B","Defend_B","Defend_B","Defend_B","Zap","Dualcast","Chill+1","Hologram+1","Buffer+1","Compile Driver+1","Loop+1","Glacier+1","Seek+1","Ball Lightning+1","J.A.X.+1","Defragment+1","Capacitor+1","Recycle+1","Auto Shields+1","Barrage+1","Ball Lightning+1","Seek","Coolheaded","FTL+1","Capacitor+1","Beam Cell+1","Blizzard"],"relics":["FrozenCore","NeowsBlessing","Golden Idol","Sundial","Letter Opener","Mercury Hourglass","Ornamental Fan","Question Card","Busted Crown","Bag of Marbles","Whetstone","Medical Kit"],"potions_floor_usage":[16,16,33,33],"damage_taken":[{"damage":0,"enemies":"Jaw Worm","floor":1,"turns":1},{"damage":0,"enemies":"Cultist","floor":4,"turns":1},{"damage":0,"enemies":"2 Louse","floor":5,"turns":1},{"damage":7,"enemies":"Gremlin Gang","floor":7,"turns":6},{"damage":0,"enemies":"3 Louse","floor":10,"turns":6},{"damage":0,"enemies":"Large Slime","floor":14,"turns":6},{"damage":8,"enemies":"The Guardian","floor":16,"turns":11},{"damage":0,"enemies":"Spheric Guardian","floor":18,"turns":14},{"damage":21,"enemies":"2 Thieves","floor":21,"turns":5},{"damage":0,"enemies":"Book of Stabbing","floor":23,"turns":8},{"damage":20,"enemies":"Snake Plant","floor":28,"turns":5},{"damage":0,"enemies":"Cultist and Chosen","floor":30,"turns":7},{"damage":3,"enemies":"3 Cultists","floor":31,"turns":7},{"damage":49,"enemies":"Automaton","floor":33,"turns":10},{"damage":0,"enemies":"3 Shapes","floor":35,"turns":6},{"damage":0,"enemies":"Orb Walker","floor":36,"turns":5},{"damage":0,"enemies":"Maw","floor":38,"turns":9},{"damage":0,"enemies":"Jaw Worm Horde","floor":39,"turns":6},{"damage":11,"enemies":"3 Darklings","floor":42,"turns":5},{"damage":0,"enemies":"Transient","floor":47,"turns":5},{"damage":8,"enemies":"Jaw Worm Horde","floor":48,"turns":6},{"damage":4,"enemies":"Time Eater","floor":50,"turns":12}],"seed_played":"5100597079639968125","potions_obtained":[{"floor":4,"key":"Ancient Potion"},{"floor":7,"key":"Weak Potion"},{"floor":14,"key":"AttackPotion"},{"floor":23,"key":"PowerPotion"},{"floor":29,"key":"EntropicBrew"},{"floor":29,"key":"Regen Potion"},{"floor":33,"key":"Strength Potion"},{"floor":35,"key":"Energy Potion"}],"is_trial":false,"path_per_floor":["M","?","$","M","M","R","M","T","T","M","R","?","R","M","R","B",null,"M","?","$","M","$","E","R","?","T","R","M","?","M","M","R","B",null,"M","M","?","M","M","R","?","M","T","R","$","R","M","M","R","B",null],"character_chosen":"DEFECT","items_purchased":["Chill","Defragment","Mercury Hourglass","Whetstone","Medical Kit"],"campfire_rested":2,"item_purchase_floors":[3,20,20,45,45],"current_hp_per_floor":[75,75,75,75,75,75,68,68,68,68,68,57,57,57,57,49,75,75,75,75,54,54,54,54,54,54,54,34,34,34,31,53,16,75,75,75,75,75,75,75,75,64,64,64,64,64,64,56,75,71],"gold":215,"neow_bonus":"THREE_ENEMY_KILL","is_prod":false,"is_daily":false,"chose_seed":false,"campfire_upgraded":9,"win_rate":0,"timestamp":1552159342,"path_taken":["M","?","?","M","M","R","?","?","T","M","R","?","R","M","R","BOSS","M","?","$","M","$","E","R","?","T","R","M","?","M","M","R","BOSS","M","?","?","?","M","R","?","M","T","R","?","R","M","M","R","BOSS"],"build_version":"2019-01-23","purchased_purges":0,"victory":true,"max_hp_per_floor":[75,75,75,75,75,75,75,75,75,75,75,75,75,75,75,75,75,75,75,75,75,75,75,75,75,75,75,75,75,75,75,75,75,75,75,75,75,75,75,75,75,75,75,75,75,75,75,75,75,75],"card_choices":[{"not_picked":["Gash","Streamline","Redo"],"picked":"SKIP","floor":1},{"not_picked":["Barrage","Rebound"],"picked":"Hologram","floor":4},{"not_picked":["Capacitor","Ball Lightning"],"picked":"Buffer","floor":5},{"not_picked":["Rebound","Turbo"],"picked":"Compile Driver","floor":7},{"not_picked":["Rebound","Recycle"],"picked":"Loop","floor":10},{"not_picked":["Compile Driver","Recycle"],"picked":"Glacier","floor":14},{"not_picked":["All For One","Machine Learning"],"picked":"Seek","floor":16},{"not_picked":["Hello World+1","Leap"],"picked":"Ball Lightning+1","floor":18},{"not_picked":["Hologram","Aggregate"],"picked":"Capacitor+1","floor":21},{"not_picked":["Hologram","Streamline"],"picked":"Recycle+1","floor":23},{"not_picked":["Compile Driver","Sweeping Beam+1","Reinforced Body"],"picked":"Auto Shields+1","floor":28},{"not_picked":["Redo","Steam","Hello World"],"picked":"Barrage","floor":30},{"not_picked":["Multi-Cast","Conserve Battery","Hologram+1"],"picked":"Ball Lightning+1","floor":31},{"not_picked":["Thunder Strike","Rainbow","Biased Cognition"],"picked":"Seek","floor":33},{"not_picked":["Hologram+1"],"picked":"Coolheaded","floor":35},{"not_picked":["Turbo","Static Discharge+1"],"picked":"SKIP","floor":36},{"not_picked":["Compile Driver"],"picked":"FTL+1","floor":38},{"not_picked":["Chaos"],"picked":"Capacitor+1","floor":39},{"not_picked":["Steam+1"],"picked":"Beam Cell+1","floor":42},{"not_picked":["Steam+1","Storm"],"picked":"SKIP","floor":47},{"not_picked":["Glacier"],"picked":"Blizzard","floor":48}],"player_experience":288398,"relics_obtained":[{"floor":8,"key":"Sundial"},{"floor":9,"key":"Letter Opener"},{"floor":23,"key":"Ornamental Fan"},{"floor":26,"key":"Question Card"},{"floor":43,"key":"Bag of Marbles"}],"event_choices":[{"damage_healed":0,"gold_gain":0,"player_choice":"Take Wound","damage_taken":0,"relics_obtained":["Golden Idol"],"max_hp_gain":0,"max_hp_loss":0,"event_name":"Golden Idol","floor":2,"gold_loss":0,"cards_obtained":["Injury"]},{"damage_healed":0,"gold_gain":75,"player_choice":"Gather Gold","damage_taken":11,"max_hp_gain":0,"max_hp_loss":0,"event_name":"World of Goop","floor":12,"gold_loss":0},{"damage_healed":0,"gold_gain":0,"player_choice":"Obtain J.A.X.","damage_taken":0,"max_hp_gain":0,"max_hp_loss":0,"event_name":"Drug Dealer","floor":19,"gold_loss":0,"cards_obtained":["J.A.X."]},{"cards_removed":["Injury"],"damage_healed":0,"gold_gain":0,"player_choice":"Gave Gold","damage_taken":0,"max_hp_gain":0,"max_hp_loss":0,"event_name":"Beggar","floor":25,"gold_loss":75},{"damage_healed":0,"gold_gain":0,"player_choice":"Got Potions","damage_taken":0,"max_hp_gain":0,"max_hp_loss":0,"event_name":"Lab","floor":29,"gold_loss":0},{"damage_healed":0,"gold_gain":100,"player_choice":"Pray","damage_taken":0,"max_hp_gain":0,"max_hp_loss":0,"event_name":"Golden Shrine","floor":37,"gold_loss":0},{"damage_healed":0,"gold_gain":0,"player_choice":"Upgraded","damage_taken":0,"max_hp_gain":0,"max_hp_loss":0,"event_name":"Upgrade Shrine","floor":41,"gold_loss":0,"cards_upgraded":["Barrage"]}],"is_beta":false,"boss_relics":[{"not_picked":["Black Star","Philosopher\u0027s Stone"],"picked":"FrozenCore"},{"not_picked":["Astrolabe","Pandora\u0027s Box"],"picked":"Busted Crown"}],"items_purged_floors":[],"is_endless":false,"potions_floor_spawned":[4,7,14,23,31,33,35,36,42,47,48],"ascension_level":0}