{"path_per_floor":["M","M","?","M","M","R","M","E","T","$","E","M","R","$","R","B",null,"M","$","M","?","M","R","?","M","T","?","M","R","$","M","R"],"character_chosen":"IRONCLAD","items_purchased":["Metallicize","Dropkick","Feed","Flex","Shrug It Off"],"gold_per_floor":[116,127,127,141,154,154,167,199,282,11,46,66,66,39,39,138,138,121,121,133,133,143,143,143,158,182,182,199,199,78,88,88],"floor_reached":33,"campfire_rested":2,"playtime":3598,"current_hp_per_floor":[80,80,73,77,69,69,75,55,55,55,38,40,65,65,65,14,86,84,84,75,75,63,63,55,56,56,56,46,76,76,79,79],"items_purged":["Strike_R"],"gold":88,"play_id":"637830a4-d62c-4354-8598-1b5ee7c78556","is_prod":false,"is_daily":false,"is_ascension_mode":false,"campfire_upgraded":4,"path_taken":["M","M","?","M","M","R","?","E","T","?","E","M","R","$","R","BOSS","M","$","M","?","M","R","?","?","T","?","M","R","?","M","R","BOSS"],"build_version":"2018-02-01-PROD3","purchased_purges":1,"victory":false,"master_deck":["Strike_R","Strike_R","Strike_R","Defend_R","Defend_R","Defend_R","Defend_R","Bash+1","Iron Wave+1","Corruption","Dual Wield","Clash","Uppercut","Impervious","Metallicize","Dropkick","Feed+1","Clothesline","Bludgeon","Flex","Dark Embrace","Whirlwind+1","Searing Blow+2","Shrug It Off","Intimidate","Infernal Blade","Shrug It Off","Shrug It Off"],"max_hp_per_floor":[80,80,80,80,80,80,80,80,80,80,83,86,86,86,86,86,86,90,90,90,90,94,94,94,98,98,98,102,102,102,106,106],"relics":["Burning Blood","Self Forming Clay","Tiny Chest","Darkstone Periapt","White Beast Statue","Orichalcum"],"card_choices":[{"not_picked":["Twin Strike","Rupture"],"picked":"Iron Wave"},{"not_picked":["Perfected Strike","Fire Breathing"],"picked":"Corruption"},{"not_picked":["Warcry","Shockwave"],"picked":"Dual Wield"},{"not_picked":["Cleave","Shrug It Off"],"picked":"Clash"},{"not_picked":["Thunderclap","Dual Wield"],"picked":"Uppercut"},{"not_picked":["Sword Boomerang","Body Slam"],"picked":"Impervious"},{"not_picked":["Iron Wave","True Grit"],"picked":"Clothesline"},{"not_picked":["Seeing Red","Shrug It Off"],"picked":"Bludgeon"},{"not_picked":["Fiend Fire","Barricade"],"picked":"Dark Embrace"},{"not_picked":["Flame Barrier","Rampage"],"picked":"Whirlwind"},{"not_picked":["Disarm","Shrug It Off"],"picked":"Searing Blow"},{"not_picked":["Armaments","Flex"],"picked":"Intimidate"},{"not_picked":["Clash","Reckless Charge"],"picked":"Infernal Blade"},{"not_picked":["Twin Strike","Sever Soul"],"picked":"Shrug It Off"}],"player_experience":57046,"potions_floor_usage":[16,16,25,28,33,33],"damage_taken":[{"damage":0,"enemies":"2 Louse","floor":1,"turns":4},{"damage":0,"enemies":"Small Slimes","floor":2,"turns":5},{"damage":2,"enemies":"Cultist","floor":4,"turns":5},{"damage":14,"enemies":"Red Slaver","floor":5,"turns":5},{"damage":0,"enemies":"Looter","floor":7,"turns":3},{"damage":26,"enemies":"Lagavulin","floor":8,"turns":5},{"damage":26,"enemies":"3 Sentries","floor":11,"turns":10},{"damage":7,"enemies":"2 Fungi Beasts","floor":12,"turns":4},{"damage":57,"enemies":"The Guardian","floor":16,"turns":10},{"damage":12,"enemies":"2 Thieves","floor":18,"turns":4},{"damage":15,"enemies":"Chosen","floor":20,"turns":6},{"damage":22,"enemies":"Snecko","floor":22,"turns":6},{"damage":9,"enemies":"Centurion and Healer","floor":25,"turns":9},{"damage":20,"enemies":"Sentry and Sphere","floor":28,"turns":6},{"damage":7,"enemies":"Snecko","floor":31,"turns":4},{"damage":109,"enemies":"Champ","floor":33,"turns":16}],"event_choices":[{"event_name":"Golden Wing","player_choice":"Card Removal","floor":3,"damage_taken":0},{"event_name":"The Library","player_choice":"Read","floor":21,"damage_taken":0},{"event_name":"Knowing Skull","player_choice":"","floor":24,"damage_taken":0},{"event_name":"The Woman in Blue","player_choice":"Bought 0 Potions","floor":27,"damage_taken":0}],"boss_relics":[{"not_picked":["Orrery","Snecko Eye"],"picked":"White Beast Statue"}],"potions_floor_spawned":[2,4,11,12,18,20,22,25,28,31],"seed_played":"-5913511353458631137","killed_by":"Champ","ascension_level":0,"is_trial":false}