{"gold_per_floor":[116,191,156,156,167,202,1,1,1,1,1],"floor_reached":11,"playtime":218,"items_purged":[],"score":136,"play_id":"95ba87d6-43bb-460a-8fd0-50d795d5036d","local_time":"20190126180634","is_ascension_mode":true,"campfire_choices":[{"data":"Leg Sweep","floor":8,"key":"SMITH"}],"neow_cost":"NONE","seed_source_timestamp":261001015052900,"circlet_count":0,"master_deck":["Defend_G","Defend_G","Defend_G","Defend_G","Defend_G","Strike_G","Strike_G","Strike_G","Strike_G","Survivor","Neutralize","Leg Sweep+1","Terror","Backflip"],"relics":["Ring of the Snake","NeowsBlessing","Darkstone Periapt","Membership Card","Ornamental Fan"],"potions_floor_usage":[11,11],"damage_taken":[{"damage":0,"enemies":"Jaw Worm","floor":1,"turns":1},{"damage":0,"enemies":"Small Slimes","floor":5,"turns":1},{"damage":0,"enemies":"3 Sentries","floor":6,"turns":1},{"damage":89,"enemies":"Gremlin Nob","floor":11,"turns":7}],"seed_played":"7137396677969394750","potions_obtained":[{"floor":1,"key":"SkillPotion"},{"floor":6,"key":"SneckoOil"}],"is_trial":false,"path_per_floor":["M","?","?","$","M","E","$","R","T","?","E"],"character_chosen":"THE_SILENT","items_purchased":["Membership Card"],"campfire_rested":0,"item_purchase_floors":[7],"current_hp_per_floor":[63,52,69,69,69,69,69,69,69,69,0],"gold":1,"neow_bonus":"THREE_ENEMY_KILL","is_prod":false,"is_daily":false,"chose_seed":false,"campfire_upgraded":1,"win_rate":0,"timestamp":1548522394,"path_taken":["M","?","?","$","M","E","$","R","T","?","E"],"build_version":"2019-01-23","purchased_purges":0,"victory":false,"max_hp_per_floor":[70,70,70,70,70,70,70,70,70,70,70],"card_choices":[{"not_picked":["Blade Dance","Bane"],"picked":"Leg Sweep","floor":1},{"not_picked":["Dagger Throw","Backflip"],"picked":"Terror","floor":5},{"not_picked":["Poisoned Stab","Dodge and Roll"],"picked":"Backflip","floor":6}],"player_experience":1314131,"relics_obtained":[{"floor":6,"key":"Darkstone Periapt"},{"floor":9,"key":"Ornamental Fan"}],"event_choices":[{"damage_healed":0,"gold_gain":75,"player_choice":"Gather Gold","damage_taken":11,"max_hp_gain":0,"max_hp_loss":0,"event_name":"World of Goop","floor":2,"gold_loss":0},{"damage_healed":17,"gold_gain":0,"player_choice":"Healed","damage_taken":0,"max_hp_gain":0,"max_hp_loss":0,"event_name":"The Cleric","floor":3,"gold_loss":35},{"cards_removed":["Strike_G"],"damage_healed":0,"gold_gain":0,"player_choice":"Offered Basic","damage_taken":0,"max_hp_gain":0,"max_hp_loss":0,"event_name":"Bonfire Elementals","floor":10,"gold_loss":0}],"is_beta":false,"boss_relics":[],"items_purged_floors":[],"is_endless":false,"potions_floor_spawned":[1,6],"killed_by":"Gremlin Nob","ascension_level":9}