{"path_per_floor":["M","?","M","?","$","R","M","R","T","?","M","R","?","M","R","B",null,"M","?","$","M","?","R","M","R","T","R","$","M","M","M","R","B",null,"M","$","?","M","?","R","E","M","T","M","?","$","R","M","R"],"character_chosen":"THE_SILENT","items_purchased":["Bandage Up","Dagger Spray","Cloak And Dagger","Quick Slash","Cloak And Dagger","Accuracy","Bandage Up","Tools of the Trade"],"gold_per_floor":[116,116,128,128,14,14,27,27,27,57,75,75,75,88,88,183,183,196,121,45,64,64,64,79,79,79,79,57,69,88,103,103,201,201,211,35,0,14,14,14,45,64,64,82,82,8,8,21,21],"floor_reached":50,"campfire_rested":3,"playtime":3647,"current_hp_per_floor":[70,56,56,56,56,56,62,62,62,62,68,68,68,62,62,45,70,66,66,66,54,54,54,51,51,51,51,51,43,15,29,50,30,70,63,63,63,63,63,63,37,17,17,26,26,26,47,59,70],"items_purged":[],"gold":21,"score":478,"play_id":"7a66767f-7a8b-43a4-9d61-1d28fe7f1307","is_prod":false,"is_daily":false,"is_ascension_mode":true,"campfire_upgraded":8,"path_taken":["M","?","M","?","$","R","?","R","T","?","M","R","?","M","R","BOSS","M","?","$","M","?","R","M","R","T","R","?","M","?","M","R","BOSS","M","$","?","M","?","R","E","M","T","?","?","$","R","M","R","BOSS"],"build_version":"2018-02-22-PROD2","purchased_purges":0,"victory":false,"master_deck":["Defend_G+1","Defend_G+1","Defend_G+1","Defend_G+1","Defend_G+1","Strike_G+1","Strike_G+1","Survivor+1","Neutralize+1","Accuracy+1","Bandage Up+1","Dagger Spray+1","Heel Hook","Acrobatics+1","Backflip","Burst+1","Infinite Blades+1","Cloak And Dagger","Quick Slash","Dagger Spray+1","Leg Sweep+1","Cloak And Dagger","Deflect","Footwork+1","Malaise+1","Storm of Steel","Dash+1","Accuracy+1","Bandage Up","Backflip+1","Prepared+1","Quick Slash+1","Slice+1","Tools of the Trade","Dash"],"max_hp_per_floor":[70,70,70,70,70,70,70,70,70,70,70,70,70,70,70,70,70,70,70,70,70,70,70,70,70,70,70,70,70,70,70,70,70,70,70,70,70,70,70,70,70,70,70,70,70,70,70,70,70],"relics":["Ring of the Snake","Ice Cream","Sozu","Blood Vial","Black Star","Red Mask","Bottled Lightning","Ornamental Fan","Thread and Needle"],"card_choices":[{"not_picked":["Dagger Spray","Well Laid Plans"],"picked":"Accuracy"},{"not_picked":["Outmaneuver","Dodge and Roll"],"picked":"Heel Hook"},{"not_picked":["Predator","Bouncing Flask"],"picked":"Acrobatics"},{"not_picked":["Leg Sweep","Malaise"],"picked":"Backflip"},{"not_picked":["Wraith Form","Venomology"],"picked":"Burst"},{"not_picked":["Accuracy","Sucker Punch"],"picked":"Infinite Blades"},{"not_picked":["Concentrate","Dagger Throw"],"picked":"Dagger Spray"},{"not_picked":["Outmaneuver","Slice"],"picked":"Leg Sweep"},{"not_picked":["Cloak And Dagger","Flechettes"],"picked":"Deflect"},{"not_picked":["Well Laid Plans","Quick Slash"],"picked":"Footwork"},{"not_picked":["Outmaneuver","Dodge and Roll"],"picked":"Malaise"},{"not_picked":["Wraith Form","Tools of the Trade"],"picked":"Storm of Steel"},{"not_picked":["Masterful Stab","Heel Hook"],"picked":"Dash"},{"not_picked":["Cloak And Dagger","Prepared"],"picked":"Backflip"},{"not_picked":["Poisoned Stab","Sucker Punch"],"picked":"Prepared"},{"not_picked":["Malaise","Calculated Gamble"],"picked":"Quick Slash"},{"not_picked":["Prepared","Cloak And Dagger"],"picked":"Slice"},{"not_picked":["Flying Knee","PiercingWail"],"picked":"Dash"}],"player_experience":136083,"potions_floor_usage":[41],"damage_taken":[{"damage":0,"enemies":"Cultist","floor":1,"turns":4},{"damage":0,"enemies":"2 Louse","floor":3,"turns":2},{"damage":0,"enemies":"Small Slimes","floor":7,"turns":2},{"damage":0,"enemies":"2 Fungi Beasts","floor":11,"turns":3},{"damage":8,"enemies":"Looter","floor":14,"turns":4},{"damage":23,"enemies":"The Guardian","floor":16,"turns":22},{"damage":10,"enemies":"Shell Parasite","floor":18,"turns":9},{"damage":18,"enemies":"2 Thieves","floor":21,"turns":5},{"damage":15,"enemies":"Snecko","floor":24,"turns":5},{"damage":10,"enemies":"Sentry and Sphere","floor":29,"turns":6},{"damage":36,"enemies":"Chosen and Byrds","floor":30,"turns":8},{"damage":0,"enemies":"Snecko","floor":31,"turns":6},{"damage":34,"enemies":"Automaton","floor":33,"turns":14},{"damage":13,"enemies":"3 Darklings","floor":35,"turns":7},{"damage":7,"enemies":"3 Shapes","floor":38,"turns":7},{"damage":33,"enemies":"2 Orb Walkers","floor":41,"turns":6},{"damage":36,"enemies":"Sphere and 2 Shapes","floor":42,"turns":9},{"damage":3,"enemies":"4 Shapes","floor":44,"turns":8},{"damage":4,"enemies":"Maw","floor":48,"turns":10},{"damage":76,"enemies":"Donu and Deca","floor":50,"turns":11}],"event_choices":[{"event_name":"Shining Light","player_choice":"Entered Light","floor":2,"damage_taken":0},{"event_name":"Bonfire Elementals","player_choice":"BASIC","floor":4,"damage_taken":0},{"event_name":"Dead Adventurer","player_choice":"Searched \u00271\u0027 times","floor":10,"damage_taken":0},{"event_name":"Purifier","player_choice":"One Purge","floor":13,"damage_taken":0},{"event_name":"Beggar","player_choice":"Gave Gold","floor":19,"damage_taken":0},{"event_name":"Back to Basics","player_choice":"Simplicity","floor":22,"damage_taken":0},{"event_name":"Tomb of Lord Red Mask","player_choice":"Paid","floor":37,"damage_taken":0},{"event_name":"Upgrade Shrine","player_choice":"Upgraded","floor":39,"damage_taken":0},{"event_name":"The Moai Head","player_choice":"Ignored","floor":45,"damage_taken":0}],"boss_relics":[{"not_picked":["Runic Dome","Runic Pyramid"],"picked":"Sozu"},{"not_picked":["White Beast Statue","The Specimen"],"picked":"Black Star"}],"potions_floor_spawned":[11,16,31,33,42,44],"seed_played":"5258623130767117508","killed_by":"Donu and Deca","ascension_level":2,"is_trial":false}