{"gold_per_floor":[109,121,132,144,160,160,110,139,165,165,165,175,175,194,194,289,289,303,303,403,403,417,417,417,417,444,444,144,158,170,180,180,284,284,294,309,222,222,239,239,239,253,277,277,277,291,291,310,310,310],"floor_reached":50,"playtime":2339,"items_purged":[],"score":471,"play_id":"4e703e21-2088-4338-8935-b9d7eaf57ce1","local_time":"20190310001037","is_ascension_mode":false,"campfire_choices":[{"floor":11,"key":"REST"},{"floor":15,"key":"REST"},{"floor":23,"key":"RECALL"},{"floor":25,"key":"REST"},{"floor":27,"key":"REST"},{"data":"Double Tap","floor":32,"key":"SMITH"},{"floor":44,"key":"REST"},{"floor":47,"key":"REST"},{"floor":49,"key":"REST"}],"neow_cost":"NONE","seed_source_timestamp":352631595524381,"circlet_count":0,"master_deck":["Strike_R","Strike_R","Strike_R","Defend_R","Bash","Shrug It Off","Flex","Perfected Strike","Inflame","Rampage","Cleave","Double Tap+1","Shrug It Off+1","Infernal Blade","RitualDagger","Shrug It Off","Disarm+1","Corruption","Anger+1","Limit Break","Bandage Up","Trip","Whirlwind+1","Shame"],"relics":["Burning Blood","Bag of Preparation","Empty Cage","Mummified Hand","Ice Cream","Ornamental Fan","Boot","Kunai","Cursed Key","Potion Belt"],"potions_floor_usage":[8,8,16,20,29,33,33,50,50,50],"damage_taken":[{"damage":6,"enemies":"Cultist","floor":1,"turns":3},{"damage":0,"enemies":"Small Slimes","floor":2,"turns":4},{"damage":12,"enemies":"Jaw Worm","floor":3,"turns":4},{"damage":9,"enemies":"3 Louse","floor":4,"turns":4},{"damage":13,"enemies":"Red Slaver","floor":5,"turns":2},{"damage":41,"enemies":"Lagavulin","floor":8,"turns":9},{"damage":7,"enemies":"2 Fungi Beasts","floor":12,"turns":4},{"damage":27,"enemies":"Large Slime","floor":14,"turns":5},{"damage":45,"enemies":"Hexaghost","floor":16,"turns":9},{"damage":10,"enemies":"Chosen","floor":18,"turns":6},{"damage":33,"enemies":"Colosseum Slavers","floor":20,"turns":4},{"damage":30,"enemies":"Colosseum Nobs","floor":20,"turns":4},{"damage":24,"enemies":"2 Thieves","floor":22,"turns":4},{"damage":8,"enemies":"Snecko","floor":29,"turns":3},{"damage":4,"enemies":"Centurion and Healer","floor":30,"turns":6},{"damage":4,"enemies":"Cultist and Chosen","floor":31,"turns":6},{"damage":52,"enemies":"Collector","floor":33,"turns":9},{"damage":13,"enemies":"3 Shapes","floor":35,"turns":5},{"damage":21,"enemies":"3 Darklings","floor":36,"turns":5},{"damage":32,"enemies":"Writhing Mass","floor":39,"turns":6},{"damage":32,"enemies":"Transient","floor":42,"turns":5},{"damage":6,"enemies":"Maw","floor":46,"turns":6},{"damage":20,"enemies":"Writhing Mass","floor":48,"turns":6},{"damage":110,"enemies":"Awakened One","floor":50,"turns":7}],"seed_played":"2459201932903248304","potions_obtained":[{"floor":1,"key":"AttackPotion"},{"floor":2,"key":"Swift Potion"},{"floor":3,"key":"Explosive Potion"},{"floor":14,"key":"SkillPotion"},{"floor":18,"key":"Explosive Potion"},{"floor":29,"key":"Explosive Potion"},{"floor":30,"key":"PowerPotion"},{"floor":33,"key":"Fire Potion"},{"floor":35,"key":"AttackPotion"},{"floor":48,"key":"Regen Potion"}],"is_trial":false,"path_per_floor":["M","M","M","M","M","?","?","E","T","T","R","M","?","M","R","B",null,"M","T","?","?","M","R","?","R","T","R","$","M","M","M","R","B",null,"M","M","$","$","M","?","$","M","T","R","?","M","R","M","R","B"],"character_chosen":"IRONCLAD","items_purchased":["Kunai","Shrug It Off","Bandage Up"],"campfire_rested":7,"item_purchase_floors":[28,28,37],"current_hp_per_floor":[80,80,74,71,64,69,69,34,34,34,59,58,58,37,62,23,85,81,81,30,58,40,40,34,59,59,84,84,82,84,85,85,39,85,78,63,63,63,41,41,41,19,19,44,44,48,73,63,85,0],"gold":310,"neow_bonus":"REMOVE_CARD","is_prod":false,"is_daily":false,"chose_seed":false,"campfire_upgraded":1,"win_rate":0,"timestamp":1552205437,"path_taken":["M","M","M","?","M","?","?","E","T","?","R","M","?","M","R","BOSS","M","?","?","?","M","R","?","R","T","R","$","M","?","M","R","BOSS","M","M","?","$","M","?","?","?","T","R","?","?","R","M","R","BOSS"],"build_version":"2019-01-23","purchased_purges":0,"victory":false,"max_hp_per_floor":[80,80,80,80,80,85,85,85,85,85,85,85,85,85,85,85,85,85,85,85,85,85,85,85,85,85,85,85,85,85,85,85,85,85,85,85,85,85,85,85,85,85,85,85,85,85,85,85,85,85],"card_choices":[{"not_picked":["Havoc","Power Through"],"picked":"Shrug It Off","floor":1},{"not_picked":["Sword Boomerang","Clash","Iron Wave"],"picked":"SKIP","floor":2},{"not_picked":["Dual Wield","Perfected Strike"],"picked":"Flex","floor":3},{"not_picked":["Spot Weakness","Body Slam"],"picked":"Perfected Strike","floor":4},{"not_picked":["Double Tap","Twin Strike"],"picked":"Inflame","floor":5},{"not_picked":["Warcry","Sentinel"],"picked":"Rampage","floor":8},{"not_picked":["Warcry","Sword Boomerang","Wild Strike"],"picked":"SKIP","floor":12},{"not_picked":["Ghostly Armor","Flex"],"picked":"Cleave","floor":14},{"not_picked":["Exhume","Bludgeon"],"picked":"Double Tap","floor":16},{"not_picked":["Havoc+1","Dual Wield"],"picked":"Shrug It Off+1","floor":18},{"not_picked":["Thunderclap","Wild Strike"],"picked":"Infernal Blade","floor":20},{"not_picked":["Cleave","Clash","Rampage"],"picked":"SKIP","floor":22},{"not_picked":["Dropkick+1","Power Through"],"picked":"Disarm+1","floor":29},{"not_picked":["Wild Strike","Combust"],"picked":"Corruption","floor":30},{"not_picked":["Sever Soul","Wild Strike+1"],"picked":"Anger+1","floor":31},{"not_picked":["Immolate","Berserk"],"picked":"Limit Break","floor":33},{"not_picked":["True Grit","Havoc+1","Power Through+1"],"picked":"SKIP","floor":35},{"not_picked":["Clothesline+1","Sword Boomerang+1","Body Slam"],"picked":"SKIP","floor":36},{"not_picked":["Twin Strike","Thunderclap","Clothesline"],"picked":"SKIP","floor":39},{"not_picked":["Forethought","Panacea"],"picked":"Trip","floor":40},{"not_picked":["Body Slam+1","Flex+1"],"picked":"Whirlwind+1","floor":42},{"not_picked":["Reaper","Power Through","Iron Wave"],"picked":"SKIP","floor":46},{"not_picked":["Twin Strike","Clothesline","Cleave"],"picked":"SKIP","floor":48}],"player_experience":293609,"relics_obtained":[{"floor":8,"key":"Bag of Preparation"},{"floor":19,"key":"Mummified Hand"},{"floor":20,"key":"Ice Cream"},{"floor":20,"key":"Ornamental Fan"},{"floor":26,"key":"Boot"},{"floor":43,"key":"Potion Belt"}],"event_choices":[{"damage_healed":0,"gold_gain":0,"player_choice":"Donut","damage_taken":0,"max_hp_gain":5,"max_hp_loss":0,"event_name":"Big Fish","floor":6,"gold_loss":0},{"cards_removed":["Defend_R"],"damage_healed":0,"gold_gain":0,"player_choice":"Card Removal","damage_taken":0,"max_hp_gain":0,"max_hp_loss":0,"event_name":"The Cleric","floor":7,"gold_loss":50},{"cards_removed":["Defend_R"],"damage_healed":0,"gold_gain":0,"player_choice":"Offered Basic","damage_taken":0,"max_hp_gain":0,"max_hp_loss":0,"event_name":"Bonfire Elementals","floor":13,"gold_loss":0},{"damage_healed":0,"gold_gain":0,"player_choice":"Fight","damage_taken":0,"max_hp_gain":0,"max_hp_loss":0,"event_name":"Colosseum","floor":20,"gold_loss":0},{"damage_healed":0,"gold_gain":0,"player_choice":"Fought Nobs","damage_taken":0,"max_hp_gain":0,"max_hp_loss":0,"event_name":"Colosseum","floor":20,"gold_loss":0},{"damage_healed":28,"gold_gain":0,"player_choice":"Heal","damage_taken":0,"max_hp_gain":0,"max_hp_loss":0,"event_name":"The Library","floor":21,"gold_loss":0},{"damage_healed":0,"gold_gain":0,"player_choice":"Joined the Cult","damage_taken":6,"max_hp_gain":0,"max_hp_loss":0,"event_name":"Nest","floor":24,"gold_loss":0,"cards_obtained":["RitualDagger"]},{"damage_healed":0,"gold_gain":0,"player_choice":"Memory 1","damage_taken":0,"max_hp_gain":0,"max_hp_loss":0,"event_name":"SensoryStone","floor":40,"gold_loss":0},{"damage_healed":0,"gold_gain":0,"player_choice":"Bought 0 Potions","damage_taken":0,"max_hp_gain":0,"max_hp_loss":0,"event_name":"The Woman in Blue","floor":45,"gold_loss":0}],"is_beta":false,"boss_relics":[{"not_picked":["Coffee Dripper","Runic Dome"],"picked":"Empty Cage"},{"not_picked":["Black Blood","Runic Cube"],"picked":"Cursed Key"}],"items_purged_floors":[],"is_endless":false,"potions_floor_spawned":[1,2,3,14,18,20,29,30,33,35,48],"killed_by":"Awakened One","ascension_level":0}