{"gold_per_floor":[118,23,36,211,224,224,251,251,332,352,352,372,388,407,407,407],"floor_reached":16,"playtime":633,"items_purged":[],"score":177,"play_id":"cf901b8d-d501-4e6a-ae77-1a5241bbf77f","local_time":"20190503081423","is_ascension_mode":true,"campfire_choices":[{"data":"Uppercut","floor":6,"key":"SMITH"},{"floor":8,"key":"REST"},{"data":"True Grit","floor":11,"key":"SMITH"},{"data":"Rampage","floor":15,"key":"SMITH"}],"neow_cost":"NONE","seed_source_timestamp":1337070405465200,"circlet_count":0,"master_deck":["AscendersBane","Strike_R","Strike_R","Strike_R","Strike_R","Strike_R","Defend_R","Defend_R","Defend_R","Defend_R","Bash","Warcry","Uppercut+1","Shrug It Off","Doubt","Thunderclap","Rampage+1","True Grit+1","Pummel","Sword Boomerang"],"relics":["Burning Blood","Smiling Mask","Pantograph"],"potions_floor_usage":[10,10,13,13],"damage_taken":[{"damage":1,"enemies":"Cultist","floor":1,"turns":3},{"damage":0,"enemies":"2 Louse","floor":3,"turns":3},{"damage":4,"enemies":"Jaw Worm","floor":5,"turns":5},{"damage":52,"enemies":"Lagavulin","floor":7,"turns":11},{"damage":10,"enemies":"Exordium Thugs","floor":10,"turns":6},{"damage":12,"enemies":"2 Fungi Beasts","floor":12,"turns":3},{"damage":6,"enemies":"Large Slime","floor":13,"turns":7},{"damage":14,"enemies":"Looter","floor":14,"turns":3},{"damage":74,"enemies":"Slime Boss","floor":16,"turns":11}],"seed_played":"4304122766221077314","potions_obtained":[{"floor":5,"key":"SneckoOil"},{"floor":7,"key":"Energy Potion"},{"floor":10,"key":"SpeedPotion"},{"floor":12,"key":"SkillPotion"}],"is_trial":false,"path_per_floor":["M","$","M","?","M","R","E","R","T","M","R","M","M","M","R","B"],"character_chosen":"IRONCLAD","items_purchased":["Uppercut","Shrug It Off"],"campfire_rested":1,"item_purchase_floors":[2,2],"current_hp_per_floor":[80,80,82,82,82,82,36,60,60,56,56,50,50,42,42,0],"gold":407,"neow_bonus":"TEN_PERCENT_HP_BONUS","is_prod":false,"is_daily":false,"chose_seed":false,"campfire_upgraded":3,"win_rate":0,"timestamp":1556864063,"path_taken":["M","$","M","?","M","R","E","R","T","M","R","M","M","M","R","BOSS"],"build_version":"2019-01-23","purchased_purges":0,"victory":false,"max_hp_per_floor":[82,82,82,82,82,82,82,82,82,82,82,82,82,82,82,82],"card_choices":[{"not_picked":["Heavy Blade","Wild Strike"],"picked":"Warcry","floor":1},{"not_picked":["Iron Wave","Shrug It Off","Sever Soul"],"picked":"SKIP","floor":3},{"not_picked":["Twin Strike","Berserk"],"picked":"Thunderclap","floor":5},{"not_picked":["Shrug It Off","True Grit"],"picked":"Rampage","floor":7},{"not_picked":["Cleave","Reckless Charge"],"picked":"True Grit","floor":10},{"not_picked":["Anger","Warcry"],"picked":"Pummel","floor":12},{"not_picked":["Shrug It Off","Entrench","Anger"],"picked":"SKIP","floor":13},{"not_picked":["Iron Wave","True Grit"],"picked":"Sword Boomerang","floor":14}],"player_experience":1791409,"relics_obtained":[{"floor":7,"key":"Smiling Mask"},{"floor":9,"key":"Pantograph"}],"event_choices":[{"damage_healed":0,"gold_gain":175,"player_choice":"AGREE","damage_taken":0,"max_hp_gain":0,"max_hp_loss":0,"event_name":"Liars Game","floor":4,"gold_loss":0,"cards_obtained":["Doubt"]}],"is_beta":false,"boss_relics":[],"items_purged_floors":[],"is_endless":false,"potions_floor_spawned":[5,7,10,12],"killed_by":"Slime Boss","ascension_level":14}