{"gold_per_floor":[112,112,131,56,76,110,110,160,207,53,68,100,100,120,120,120],"floor_reached":16,"playtime":257,"items_purged":["Strike_B","Strike_B"],"score":220,"play_id":"1e48f8b2-bf57-4212-9b99-09c6f9ec7a2f","local_time":"20190514170838","is_ascension_mode":true,"campfire_choices":[{"data":"Streamline","floor":7,"key":"SMITH"},{"data":"Zap","floor":15,"key":"SMITH"}],"neow_cost":"NONE","seed_source_timestamp":352714835538840,"circlet_count":0,"master_deck":["AscendersBane","Strike_B","Defend_B","Defend_B","Defend_B","Defend_B","Zap+1","Dualcast","Streamline+1","Double Energy","Echo Form","Beam Cell","Ball Lightning","Auto Shields","Glacier"],"special_seed":0,"relics":["Cracked Core","NeowsBlessing","Anchor","Happy Flower","Question Card"],"potions_floor_usage":[6,11],"damage_taken":[{"damage":0.0,"enemies":"Jaw Worm","floor":1.0,"turns":1.0},{"damage":0.0,"enemies":"Cultist","floor":3.0,"turns":1.0},{"damage":0.0,"enemies":"Small Slimes","floor":5.0,"turns":1.0},{"damage":43,"enemies":"3 Sentries","floor":6,"turns":10},{"damage":0,"enemies":"Looter","floor":11,"turns":2},{"damage":5,"enemies":"Lagavulin","floor":12,"turns":4},{"damage":4,"enemies":"Red Slaver","floor":14,"turns":3},{"damage":18,"enemies":"Slime Boss","floor":16,"turns":3}],"seed_played":"-7268902211927736321","potions_obtained":[{"floor":1.0,"key":"Block Potion"},{"floor":3.0,"key":"AttackPotion"}],"is_trial":false,"path_per_floor":["M","?","M","$","M","E","R","?","T","$","M","E","?","M","R","B"],"character_chosen":"DEFECT","items_purchased":["Beam Cell"],"campfire_rested":0,"item_purchase_floors":[10],"current_hp_per_floor":[64,64,64,64,64,21,21,21,21,21,21,16,16,12,12,0],"gold":120,"neow_bonus":"THREE_ENEMY_KILL","is_prod":false,"is_daily":false,"chose_seed":false,"campfire_upgraded":2,"win_rate":0,"timestamp":1557824918,"path_taken":["M","?","M","$","?","E","R","?","T","$","?","E","?","M","R","BOSS"],"build_version":"2019-01-23","purchased_purges":2,"victory":false,"max_hp_per_floor":[71,71,71,71,71,71,71,71,71,71,71,71,71,71,71,71],"card_choices":[{"not_picked":["Static Discharge","Storm","Compile Driver"],"picked":"SKIP","floor":1.0},{"not_picked":["Steam","Rip and Tear","Sweeping Beam"],"picked":"SKIP","floor":3.0},{"not_picked":["Rebound","Leap"],"picked":"Double Energy","floor":5.0},{"not_picked":["Storm","Turbo"],"picked":"Echo Form","floor":6},{"not_picked":["Sweeping Beam","Stack"],"picked":"Ball Lightning","floor":11},{"not_picked":["Stack","Multi-Cast"],"picked":"Auto Shields","floor":12},{"not_picked":["Go for the Eyes","Leap","Rebound"],"picked":"Glacier","floor":14}],"player_experience":1683219,"relics_obtained":[{"floor":6,"key":"Anchor"},{"floor":9,"key":"Happy Flower"},{"floor":12,"key":"Question Card"}],"event_choices":[{"damage_healed":0.0,"max_hp_gain":0.0,"max_hp_loss":0.0,"gold_gain":0.0,"cards_transformed":["Strike_B"],"event_name":"Transmorgrifier","player_choice":"Transformed","floor":2.0,"gold_loss":0.0,"damage_taken":0.0,"cards_obtained":["Streamline"]},{"damage_healed":0,"gold_gain":50,"player_choice":"Pray","damage_taken":0,"max_hp_gain":0,"max_hp_loss":0,"event_name":"Golden Shrine","floor":8,"gold_loss":0},{"damage_healed":0,"gold_gain":0,"player_choice":"Ignored","damage_taken":0,"max_hp_gain":0,"max_hp_loss":0,"event_name":"Shining Light","floor":13,"gold_loss":0}],"is_beta":false,"boss_relics":[],"items_purged_floors":[4,10],"is_endless":false,"potions_floor_spawned":[1,3,5],"killed_by":"Slime Boss","ascension_level":20}