{"gold_per_floor":[113,388,42,61,61,61,61,92,115,145,165,165,165,178,178,274,274,291,302,143,7,27,27,53,53],"floor_reached":25,"playtime":1468,"items_purged":["Strike_R","Strike_R"],"score":347,"play_id":"a4966aa8-f1e9-43cc-9e94-46296a4ed8c2","local_time":"20190228203951","is_ascension_mode":true,"campfire_choices":[{"data":"True Grit","floor":7,"key":"SMITH"},{"floor":15,"key":"REST"},{"floor":23,"key":"REST"}],"neow_cost":"NONE","seed_source_timestamp":179719362636400,"circlet_count":0,"master_deck":["AscendersBane","Strike_R","Strike_R","Strike_R","Defend_R","Defend_R","Defend_R","Defend_R","Bash","True Grit+1","Pommel Strike","True Grit","Impervious","Flame Barrier","Infernal Blade","Feed","Inflame","Forethought","Inflame","Feel No Pain","Impervious"],"relics":["Black Blood","Strange Spoon","PreservedInsect","Dead Branch","Omamori","Oddly Smooth Stone","WarpedTongs","Gambling Chip"],"potions_floor_usage":[10,12,14,16,22,24,25],"damage_taken":[{"damage":6,"enemies":"Cultist","floor":1,"turns":4},{"damage":9,"enemies":"Small Slimes","floor":4,"turns":4},{"damage":26,"enemies":"Gremlin Nob","floor":8,"turns":4},{"damage":31,"enemies":"Lagavulin","floor":10,"turns":7},{"damage":0,"enemies":"Jaw Worm","floor":11,"turns":5},{"damage":0,"enemies":"Exordium Wildlife","floor":12,"turns":3},{"damage":20,"enemies":"Gremlin Gang","floor":14,"turns":3},{"damage":30,"enemies":"Hexaghost","floor":16,"turns":12},{"damage":12,"enemies":"Shell Parasite","floor":18,"turns":8},{"damage":23,"enemies":"3 Byrds","floor":19,"turns":9},{"damage":52,"enemies":"3 Cultists","floor":22,"turns":9},{"damage":52,"enemies":"Slavers","floor":24,"turns":5},{"damage":18,"enemies":"Snake Plant","floor":25,"turns":2}],"seed_played":"3103195391243706980","potions_obtained":[{"floor":0,"key":"LiquidBronze"},{"floor":0,"key":"SmokeBomb"},{"floor":0,"key":"GamblersBrew"},{"floor":4,"key":"Regen Potion"},{"floor":10,"key":"Strength Potion"},{"floor":19,"key":"Explosive Potion"},{"floor":22,"key":"BloodPotion"},{"floor":24,"key":"SkillPotion"}],"is_trial":false,"path_per_floor":["M","?","$","M","$","?","R","E","T","E","M","M","?","M","R","B",null,"M","M","$","$","M","R","E","M"],"character_chosen":"IRONCLAD","items_purchased":["Strange Spoon","PreservedInsect","Forethought","Inflame"],"campfire_rested":2,"item_purchase_floors":[3,3,20,21],"current_hp_per_floor":[72,72,72,69,69,62,62,42,42,32,38,44,44,30,54,30,68,69,56,56,56,21,48,15,0],"gold":53,"neow_bonus":"THREE_SMALL_POTIONS","is_prod":false,"is_daily":false,"chose_seed":false,"campfire_upgraded":1,"win_rate":0,"timestamp":1551382791,"path_taken":["M","?","?","M","$","?","R","E","T","E","M","?","?","M","R","BOSS","M","?","?","$","M","R","E","M"],"build_version":"2019-01-23","purchased_purges":2,"victory":false,"max_hp_per_floor":[80,80,80,80,80,80,80,80,80,80,80,80,80,80,80,80,80,83,83,83,83,90,90,90,90],"card_choices":[{"not_picked":["Hemokinesis","Armaments"],"picked":"True Grit","floor":1},{"not_picked":["Iron Wave","Seeing Red"],"picked":"Pommel Strike","floor":4},{"not_picked":["Warcry","Thunderclap"],"picked":"True Grit","floor":8},{"not_picked":["Heavy Blade","Fire Breathing"],"picked":"Impervious","floor":10},{"not_picked":["Whirlwind","Perfected Strike"],"picked":"Flame Barrier","floor":11},{"not_picked":["Blood for Blood","Clothesline"],"picked":"Infernal Blade","floor":14},{"not_picked":["Demon Form","Offering"],"picked":"Feed","floor":16},{"not_picked":["Perfected Strike","Wild Strike+1","Anger"],"picked":"SKIP","floor":18},{"not_picked":["Sentinel","Corruption"],"picked":"Inflame","floor":19},{"not_picked":["Clash","Clothesline"],"picked":"Feel No Pain","floor":22},{"not_picked":["Clash","Evolve+1"],"picked":"Impervious","floor":24}],"player_experience":1445154,"relics_obtained":[{"floor":8,"key":"Dead Branch"},{"floor":9,"key":"Omamori"},{"floor":10,"key":"Oddly Smooth Stone"},{"floor":24,"key":"Gambling Chip"}],"event_choices":[{"damage_healed":0,"gold_gain":275,"player_choice":"Desecrate","damage_taken":0,"max_hp_gain":0,"max_hp_loss":0,"event_name":"Golden Shrine","floor":2,"gold_loss":0,"cards_obtained":["Regret"]},{"cards_removed":["Regret"],"damage_healed":0,"gold_gain":0,"player_choice":"Card Removal","damage_taken":7,"max_hp_gain":0,"max_hp_loss":0,"event_name":"Golden Wing","floor":6,"gold_loss":0},{"damage_healed":0,"gold_gain":0,"player_choice":"Rummage","damage_taken":0,"relics_obtained":["WarpedTongs"],"max_hp_gain":0,"max_hp_loss":0,"event_name":"Accursed Blacksmith","floor":13,"gold_loss":0,"cards_obtained":["Pain"]}],"is_beta":false,"boss_relics":[{"not_picked":["Orrery","Fusion Hammer"],"picked":"Black Blood"}],"items_purged_floors":[20,21],"is_endless":false,"potions_floor_spawned":[1,4,10,11,19,22,24],"killed_by":"Snake Plant","ascension_level":10}