{"gold_per_floor":[111,111,36,36,36,36,54,71,71,91,91,106,106,136,136,238,238,252,352,352,372,391,391,417,417,441,516,530,530,564,582,582,582],"floor_reached":33,"playtime":1392,"items_purged":["Strike_R"],"score":388,"play_id":"21b28b9e-33cb-485b-a56f-6097c11e8dba","local_time":"20181031131335","is_ascension_mode":true,"campfire_choices":[{"floor":6,"key":"REST"},{"floor":11,"key":"REST"},{"data":"Whirlwind","floor":13,"key":"SMITH"},{"data":"Rage","floor":15,"key":"SMITH"},{"data":"Limit Break","floor":23,"key":"SMITH"},{"floor":29,"key":"REST"},{"floor":32,"key":"REST"}],"neow_cost":"PERCENT_DAMAGE","seed_source_timestamp":143204107055500,"circlet_count":0,"master_deck":["Defend_R+1","Defend_R","Bash","Headbutt","Carnage","Whirlwind+1","Uppercut","Rage+1","Limit Break+1","Flex+1","Warcry+1","Reckless Charge+1","Heavy Blade+1","Juggernaut","Feed","Seeing Red+1","Rampage"],"relics":["Burning Blood","Mummified Hand","Pen Nib","Nloth\u0027s Gift","Centennial Puzzle","Bronze Scales","Dodecahedron","War Paint"],"potions_floor_usage":[14,14,16,21,22,28],"damage_taken":[{"damage":8,"enemies":"Jaw Worm","floor":1,"turns":5},{"damage":5,"enemies":"2 Louse","floor":7,"turns":3},{"damage":8,"enemies":"Small Slimes","floor":8,"turns":3},{"damage":9,"enemies":"Blue Slaver","floor":10,"turns":5},{"damage":6,"enemies":"Exordium Thugs","floor":12,"turns":3},{"damage":8,"enemies":"Gremlin Nob","floor":14,"turns":3},{"damage":17,"enemies":"Slime Boss","floor":16,"turns":9},{"damage":4,"enemies":"Shell Parasite","floor":18,"turns":3},{"damage":3,"enemies":"3 Byrds","floor":21,"turns":4},{"damage":2,"enemies":"Cultist and Chosen","floor":22,"turns":3},{"damage":47,"enemies":"Book of Stabbing","floor":24,"turns":5},{"damage":15,"enemies":"Snake Plant","floor":28,"turns":2},{"damage":35,"enemies":"Gremlin Leader","floor":30,"turns":5},{"damage":15,"enemies":"Snecko","floor":31,"turns":4},{"damage":42,"enemies":"Collector","floor":33,"turns":6}],"seed_played":"2650472017220451204","potions_obtained":[{"floor":1,"key":"Swift Potion"},{"floor":8,"key":"Poison Potion"},{"floor":10,"key":"Poison Potion"},{"floor":14,"key":"Energy Potion"},{"floor":18,"key":"PowerPotion"},{"floor":22,"key":"EssenceOfSteel"}],"is_trial":false,"path_per_floor":["M","?","$","?","$","R","M","M","T","M","R","M","R","E","R","B",null,"M","?","?","M","M","R","E","?","T","T","M","R","E","M","R"],"character_chosen":"IRONCLAD","items_purchased":[],"campfire_rested":4,"item_purchase_floors":[],"current_hp_per_floor":[54,47,47,39,39,63,64,62,62,59,80,80,80,78,78,67,77,79,79,79,80,80,80,39,39,39,39,30,54,25,16,40,0],"gold":582,"neow_bonus":"REMOVE_TWO","is_prod":false,"is_daily":false,"chose_seed":false,"campfire_upgraded":3,"win_rate":0,"timestamp":1540988015,"path_taken":["M","?","?","?","$","R","M","M","T","?","R","M","R","E","R","BOSS","M","?","?","M","?","R","E","?","T","?","M","R","E","M","R","BOSS"],"build_version":"2018-10-25v2","purchased_purges":1,"victory":false,"max_hp_per_floor":[80,80,80,80,80,80,80,80,80,80,80,80,80,80,80,80,80,80,80,80,80,80,80,80,80,80,80,80,80,80,80,80,80],"card_choices":[{"not_picked":["Bloodletting","Iron Wave"],"picked":"Headbutt","floor":1},{"not_picked":["Combust","Twin Strike"],"picked":"Carnage","floor":7},{"not_picked":["Perfected Strike","Sword Boomerang","Evolve"],"picked":"SKIP","floor":8},{"not_picked":["Fire Breathing","Iron Wave"],"picked":"Whirlwind","floor":10},{"not_picked":["Warcry","Twin Strike"],"picked":"Uppercut","floor":12},{"not_picked":["Perfected Strike","Burning Pact"],"picked":"Rage","floor":14},{"not_picked":["Brutality","Fiend Fire"],"picked":"Limit Break","floor":16},{"not_picked":["Clothesline+1","Searing Blow","Feel No Pain"],"picked":"SKIP","floor":18},{"not_picked":["Havoc+1","Sword Boomerang"],"picked":"Heavy Blade+1","floor":21},{"not_picked":["Thunderclap+1","Anger"],"picked":"Juggernaut","floor":22},{"not_picked":["Clothesline","Ghostly Armor+1"],"picked":"Feed","floor":24},{"not_picked":["Thunderclap","Sword Boomerang"],"picked":"Seeing Red","floor":28},{"not_picked":["Twin Strike","Perfected Strike"],"picked":"Rampage","floor":30},{"not_picked":["Shrug It Off+1","Body Slam","Iron Wave+1"],"picked":"SKIP","floor":31}],"player_experience":827072,"relics_obtained":[{"floor":9,"key":"Mummified Hand"},{"floor":14,"key":"Pen Nib"},{"floor":24,"key":"Centennial Puzzle"},{"floor":26,"key":"Bronze Scales"},{"floor":27,"key":"Dodecahedron"},{"floor":30,"key":"War Paint"}],"event_choices":[{"cards_removed":["Defend_R"],"damage_healed":0,"gold_gain":0,"player_choice":"Card Removal","damage_taken":7,"max_hp_gain":0,"max_hp_loss":0,"event_name":"Golden Wing","floor":2,"gold_loss":0},{"damage_healed":0,"gold_gain":0,"player_choice":"Damaged","damage_taken":8,"max_hp_gain":0,"max_hp_loss":0,"event_name":"Wheel of Change","floor":4,"gold_loss":0},{"damage_healed":0,"gold_gain":100,"player_choice":"Pray","damage_taken":0,"max_hp_gain":0,"max_hp_loss":0,"event_name":"Golden Shrine","floor":19,"gold_loss":0},{"damage_healed":0,"gold_gain":0,"player_choice":"Traded Relic","damage_taken":0,"relics_obtained":["Nloth\u0027s Gift"],"max_hp_gain":0,"max_hp_loss":0,"event_name":"N\u0027loth","floor":20,"relics_lost":["Astrolabe"],"gold_loss":0},{"damage_healed":0,"gold_gain":0,"player_choice":"Ignored","damage_taken":0,"max_hp_gain":0,"max_hp_loss":0,"event_name":"Vampires","floor":25,"gold_loss":0}],"is_beta":false,"boss_relics":[{"not_picked":["Busted Crown","Velvet Choker"],"picked":"Astrolabe"}],"items_purged_floors":[3],"is_endless":false,"potions_floor_spawned":[1,8,10,14,18,22],"killed_by":"Collector","ascension_level":5}