{"gold_per_floor":[114,129,144,159,174,174,189,204,204,219,219,219,249,264,264,364,414,429,444,32,47,62,62,77,92,92,122,122,30,30,30,30,130,130,145,160,160,14,59,59,89,104,104,104,104,119,30,45,45,45],"floor_reached":51,"playtime":3518,"items_purged":["Defend_R"],"score":857,"play_id":"884e1903-9ccf-4955-8f1f-af6ae2fdcff0","local_time":"20181226155916","daily_mods":["Chimera","Vintage","DeadlyEvents"],"is_ascension_mode":false,"campfire_choices":[{"data":"Zap","floor":6,"key":"SMITH"},{"floor":12,"key":"REST"},{"floor":15,"key":"REST"},{"floor":23,"key":"REST"},{"floor":28,"key":"REST"},{"floor":30,"key":"REST"},{"data":"1","floor":32,"key":"LIFT"},{"floor":40,"key":"REST"},{"data":"2","floor":45,"key":"LIFT"},{"data":"3","floor":49,"key":"LIFT"}],"neow_cost":"","seed_source_timestamp":451632380192134,"circlet_count":0,"master_deck":["Bash","Survivor","Zap+1","Strike_R+1","Strike_G","Strike_B","Defend_G+1","Defend_B","Melter","BootSequence","All For One","Ball Lightning+1","Discovery","Turbo","Violence","Beam Cell","Gash+1","Sweeping Beam+1","Discovery+1","Beam Cell","Core Surge","Violence+1","Dramatic Entrance","Violence+1","Flash of Steel","Go for the Eyes","Go for the Eyes+1","Turbo+1","Discovery+1"],"special_seed":17891,"relics":["Cracked Core","Bottled Lightning","Bag of Preparation","Question Card","Girya","Singing Bowl","Pear","Vajra","Shuriken","Dream Catcher","Pen Nib","Nunchaku","Unceasing Top","Tiny House","Whetstone","Bronze Scales","Mercury Hourglass","Toxic Egg 2","Mummified Hand","Frozen Egg 2","Letter Opener","Dodecahedron","Philosopher\u0027s Stone","Boot","Anchor","Tiny Chest","Blood Vial","Orichalcum","Omamori","Strawberry","Sundial"],"potions_floor_usage":[5,8,13,16,18,27,33],"damage_taken":[{"damage":0,"enemies":"Cultist","floor":1,"turns":3},{"damage":7,"enemies":"Jaw Worm","floor":2,"turns":4},{"damage":2,"enemies":"Small Slimes","floor":3,"turns":3},{"damage":5,"enemies":"3 Louse","floor":4,"turns":3},{"damage":0,"enemies":"Blue Slaver","floor":5,"turns":4},{"damage":0,"enemies":"Red Slaver","floor":7,"turns":4},{"damage":2,"enemies":"Large Slime","floor":8,"turns":6},{"damage":3,"enemies":"Lots of Slimes","floor":10,"turns":4},{"damage":22,"enemies":"3 Sentries","floor":13,"turns":7},{"damage":2,"enemies":"2 Fungi Beasts","floor":14,"turns":3},{"damage":0,"enemies":"Slime Boss","floor":16,"turns":6},{"damage":0,"enemies":"Shell Parasite","floor":18,"turns":2},{"damage":6,"enemies":"3 Byrds","floor":19,"turns":5},{"damage":15,"enemies":"Snecko","floor":21,"turns":4},{"damage":0,"enemies":"Sentry and Sphere","floor":22,"turns":2},{"damage":0,"enemies":"Cultist and Chosen","floor":24,"turns":3},{"damage":3,"enemies":"Snake Plant","floor":25,"turns":2},{"damage":16,"enemies":"Slavers","floor":27,"turns":3},{"damage":36,"enemies":"Champ","floor":33,"turns":4},{"damage":0,"enemies":"3 Darklings","floor":35,"turns":1},{"damage":12,"enemies":"3 Shapes","floor":36,"turns":2},{"damage":0,"enemies":"Sphere and 2 Shapes","floor":39,"turns":1},{"damage":0,"enemies":"Nemesis","floor":41,"turns":1},{"damage":0,"enemies":"Transient","floor":42,"turns":5},{"damage":0,"enemies":"Writhing Mass","floor":46,"turns":1},{"damage":0,"enemies":"Spire Growth","floor":48,"turns":1},{"damage":9,"enemies":"Awakened One","floor":50,"turns":6}],"seed_played":"4795555821384986317","potions_obtained":[{"floor":3,"key":"Fire Potion"},{"floor":5,"key":"LiquidBronze"},{"floor":10,"key":"Energy Potion"},{"floor":14,"key":"PowerPotion"},{"floor":17,"key":"Fruit Juice"},{"floor":22,"key":"Strength Potion"},{"floor":24,"key":"Explosive Potion"},{"floor":25,"key":"Swift Potion"},{"floor":33,"key":"Strength Potion"},{"floor":36,"key":"Dexterity Potion"},{"floor":46,"key":"Strength Potion"}],"is_trial":false,"path_per_floor":["M","M","M","M","M","R","M","M","T","M","T","R","E","M","R","B",null,"M","M","$","M","M","R","M","M","T","E","R","$","R","?","R","B",null,"M","M","?","$","M","R","E","M","T","?","R","M","$","M","R","B",null],"character_chosen":"DEFECT","items_purchased":["Discovery","Turbo","Violence","Discovery+1","Flash of Steel","Go for the Eyes","Discovery+1"],"campfire_rested":6,"item_purchase_floors":[20,20,20,29,38,38,47],"current_hp_per_floor":[75,68,66,61,61,61,71,69,69,66,66,85,63,61,85,85,90,95,89,89,74,74,95,95,92,92,76,95,95,95,95,95,59,95,95,83,73,73,73,95,95,95,95,95,95,102,102,102,102,93],"gold":45,"neow_bonus":"","is_prod":false,"is_daily":true,"chose_seed":false,"campfire_upgraded":1,"win_rate":0,"timestamp":1545868756,"path_taken":["M","M","?","M","M","R","M","M","T","M","?","R","?","M","R","BOSS","M","M","$","M","M","R","M","M","T","E","R","$","R","?","R","BOSS","M","M","?","$","M","R","E","M","T","?","R","M","$","M","R","BOSS"],"build_version":"2018-12-20","purchased_purges":1,"victory":true,"max_hp_per_floor":[75,75,75,75,75,75,85,85,85,85,85,85,85,85,85,85,90,95,95,95,95,95,95,95,95,95,95,95,95,95,95,95,95,95,95,95,95,95,95,95,95,95,95,95,95,102,102,102,102,102],"card_choices":[{"not_picked":["Go for the Eyes","Rebound","Auto Shields"],"picked":"Cold Snap","floor":12},{"not_picked":["Loop","Leap","Conserve Battery"],"picked":"Melter","floor":13},{"not_picked":["Reprogram","Hologram","Hello World"],"picked":"BootSequence","floor":15},{"not_picked":["Buffer","Rainbow","Electrodynamics"],"picked":"All For One","floor":16},{"not_picked":["Streamline","Turbo","Barrage"],"picked":"Ball Lightning","floor":17},{"not_picked":["Rebound","Barrage","Compile Driver"],"picked":"Beam Cell","floor":23},{"not_picked":["Turbo+1","Reboot+1","Cold Snap"],"picked":"Gash+1","floor":27},{"not_picked":["Leap+1","Coolheaded+1","Capacitor+1"],"picked":"Sweeping Beam+1","floor":28},{"not_picked":["Conserve Battery+1","Redo+1","Hyperbeam"],"picked":"Beam Cell","floor":30},{"not_picked":["Thunder Strike","Reboot+1","Multi-Cast+1"],"picked":"Core Surge","floor":33},{"not_picked":["Finesse+1","Panacea+1","Good Instincts+1"],"picked":"Violence+1","floor":37},{"not_picked":["Mind Blast","Metamorphosis+1","PanicButton+1"],"picked":"Dramatic Entrance","floor":37},{"not_picked":["Enlightenment+1","Swift Strike","Trip+1"],"picked":"Violence+1","floor":37},{"not_picked":["Redo+1","Undo+1","Hologram+1"],"picked":"Go for the Eyes+1","floor":40},{"not_picked":["Cold Snap+1","Lockon","Rebound+1"],"picked":"Turbo+1","floor":41}],"player_experience":93478,"relics_obtained":[{"floor":1,"key":"Bottled Lightning"},{"floor":2,"key":"Bag of Preparation"},{"floor":3,"key":"Question Card"},{"floor":4,"key":"Girya"},{"floor":5,"key":"Singing Bowl"},{"floor":7,"key":"Pear"},{"floor":8,"key":"Vajra"},{"floor":9,"key":"Shuriken"},{"floor":10,"key":"Dream Catcher"},{"floor":11,"key":"Pen Nib"},{"floor":13,"key":"Nunchaku"},{"floor":14,"key":"Unceasing Top"},{"floor":18,"key":"Whetstone"},{"floor":19,"key":"Bronze Scales"},{"floor":21,"key":"Mercury Hourglass"},{"floor":22,"key":"Toxic Egg 2"},{"floor":24,"key":"Mummified Hand"},{"floor":25,"key":"Frozen Egg 2"},{"floor":26,"key":"Letter Opener"},{"floor":27,"key":"Dodecahedron"},{"floor":35,"key":"Boot"},{"floor":36,"key":"Anchor"},{"floor":39,"key":"Tiny Chest"},{"floor":41,"key":"Blood Vial"},{"floor":42,"key":"Orichalcum"},{"floor":43,"key":"Omamori"},{"floor":46,"key":"Strawberry"},{"floor":48,"key":"Sundial"}],"event_choices":[{"damage_healed":0,"gold_gain":0,"player_choice":"Ignored","damage_taken":0,"max_hp_gain":0,"max_hp_loss":0,"event_name":"Cursed Tome","floor":31,"gold_loss":0},{"damage_healed":0,"gold_gain":0,"player_choice":"Memory 3","damage_taken":10,"max_hp_gain":0,"max_hp_loss":0,"event_name":"SensoryStone","floor":37,"gold_loss":0},{"cards_removed":["Cold Snap"],"damage_healed":0,"gold_gain":0,"player_choice":"Removed Attack","damage_taken":0,"max_hp_gain":0,"max_hp_loss":0,"event_name":"Falling","floor":44,"gold_loss":0}],"is_beta":false,"boss_relics":[{"not_picked":["Runic Pyramid","Black Star"],"picked":"Tiny House"},{"not_picked":["Inserter","Snecko Eye"],"picked":"Philosopher\u0027s Stone"}],"items_purged_floors":[20],"is_endless":false,"potions_floor_spawned":[3,5,10,14,22,24,25,33,36,42,46],"ascension_level":0}