{"gold_per_floor":[368,643,662,662,682,713,105,124,176,188,200,212,236,304,316,424,436,462,474,486,110,26,26,61,61,61,61,61,61,61,77,77,77],"floor_reached":33,"playtime":1088,"items_purged":["Regret","Normality"],"score":369,"play_id":"dbcc18f5-4513-4533-a3f5-1ed432adce18","local_time":"20190310232837","is_ascension_mode":false,"campfire_choices":[{"floor":10,"key":"REST"},{"data":"Secret Weapon","floor":15,"key":"SMITH"},{"floor":23,"key":"DIG"},{"floor":25,"key":"DIG"},{"floor":32,"key":"REST"}],"neow_cost":"PERCENT_DAMAGE","seed_source_timestamp":101140003891600,"circlet_count":0,"master_deck":["Strike_R","Strike_R","Strike_R","Strike_R","Strike_R","Defend_R","Defend_R","Defend_R","Defend_R","Bash","Cleave","Inflame","Cleave","Inflame","Secret Weapon+1","Clothesline","Regret","Evolve","Double Tap","Clumsy","Clumsy","Bandage Up","Shockwave+1","Seeing Red+1","Heavy Blade+1"],"relics":["Burning Blood","Darkstone Periapt","Lantern","Pen Nib","Bag of Marbles","MawBank","Incense Burner","Tiny Chest","Calling Bell","Omamori","Mercury Hourglass","Shovel","Ancient Tea Set","WingedGreaves","Pear","Girya","Dream Catcher","Oddly Smooth Stone","Meat on the Bone"],"potions_floor_usage":[13,16,24,24,33],"damage_taken":[{"damage":0,"enemies":"Small Slimes","floor":1,"turns":3},{"damage":3,"enemies":"Cultist","floor":3,"turns":3},{"damage":0,"enemies":"2 Louse","floor":5,"turns":2},{"damage":42,"enemies":"Lagavulin","floor":6,"turns":7},{"damage":5,"enemies":"Looter","floor":8,"turns":3},{"damage":0,"enemies":"Exordium Wildlife","floor":13,"turns":1},{"damage":2,"enemies":"Gremlin Nob","floor":14,"turns":2},{"damage":39,"enemies":"The Guardian","floor":16,"turns":12},{"damage":18,"enemies":"Spheric Guardian","floor":18,"turns":5},{"damage":62,"enemies":"Book of Stabbing","floor":24,"turns":7},{"damage":21,"enemies":"2 Thieves","floor":31,"turns":3},{"damage":89,"enemies":"Collector","floor":33,"turns":11}],"seed_played":"-7841353458172064790","potions_obtained":[{"floor":6,"key":"Block Potion"},{"floor":8,"key":"GamblersBrew"},{"floor":14,"key":"Poison Potion"},{"floor":24,"key":"SpeedPotion"}],"is_trial":false,"path_per_floor":["M","?","M","?","M","E","$","M","T","R","$","?","M","E","R","B",null,"M","?","?","$","$","R","E","R","T","?","$","T","$","M","R","B"],"character_chosen":"IRONCLAD","items_purchased":["Pen Nib","Bag of Marbles","Secret Weapon","SteroidPotion","WingedGreaves","Bandage Up"],"campfire_rested":2,"item_purchase_floors":[7,7,7,7,21,22],"current_hp_per_floor":[62,62,65,62,68,32,32,33,33,57,57,63,69,73,73,40,104,92,92,92,92,92,102,50,50,50,50,50,50,50,51,85,0],"gold":77,"neow_bonus":"TWO_FIFTY_GOLD","is_prod":false,"is_daily":false,"chose_seed":false,"campfire_upgraded":1,"win_rate":0,"timestamp":1552256917,"path_taken":["M","?","?","?","M","E","$","M","T","R","$","?","M","E","R","BOSS","M","?","?","?","$","R","E","R","T","?","$","?","$","?","R","BOSS"],"build_version":"2019-01-23","purchased_purges":2,"victory":false,"max_hp_per_floor":[80,80,80,80,80,80,80,80,80,80,80,86,86,86,86,86,104,104,104,104,104,104,114,114,114,114,114,114,114,114,114,114,114],"card_choices":[{"not_picked":["Flex","Pommel Strike"],"picked":"Cleave","floor":1},{"not_picked":["Armaments","Hemokinesis"],"picked":"Inflame","floor":3},{"not_picked":["Clothesline","Uppercut"],"picked":"Cleave","floor":5},{"not_picked":["Cleave","Rampage"],"picked":"Inflame","floor":6},{"not_picked":["Whirlwind","Havoc"],"picked":"Clothesline","floor":8},{"not_picked":["Twin Strike","Clash","Perfected Strike"],"picked":"SKIP","floor":13},{"not_picked":["Thunderclap","Brutality"],"picked":"Evolve","floor":14},{"not_picked":["Offering","Berserk"],"picked":"Double Tap","floor":16},{"not_picked":["Twin Strike","Clash","Clothesline+1"],"picked":"SKIP","floor":18},{"not_picked":["Twin Strike","Fire Breathing+1"],"picked":"Shockwave+1","floor":24},{"not_picked":["Thunderclap","Impervious"],"picked":"Seeing Red+1","floor":31},{"not_picked":["Bloodletting+1","Iron Wave"],"picked":"Heavy Blade+1","floor":32}],"player_experience":1490540,"relics_obtained":[{"floor":6,"key":"Lantern"},{"floor":9,"key":"MawBank"},{"floor":14,"key":"Tiny Chest"},{"floor":17,"key":"Omamori"},{"floor":17,"key":"Mercury Hourglass"},{"floor":17,"key":"Shovel"},{"floor":23,"key":"Pear"},{"floor":24,"key":"Girya"},{"floor":25,"key":"Dream Catcher"},{"floor":26,"key":"Oddly Smooth Stone"},{"floor":29,"key":"Meat on the Bone"}],"event_choices":[{"damage_healed":0,"gold_gain":275,"player_choice":"Desecrate","damage_taken":0,"max_hp_gain":0,"max_hp_loss":0,"event_name":"Golden Shrine","floor":2,"gold_loss":0,"cards_obtained":["Regret"]},{"damage_healed":0,"gold_gain":0,"player_choice":"Success","damage_taken":3,"relics_obtained":["Darkstone Periapt"],"max_hp_gain":0,"max_hp_loss":0,"event_name":"Scrap Ooze","floor":4,"gold_loss":0},{"damage_healed":0,"gold_gain":0,"player_choice":"Box","damage_taken":0,"relics_obtained":["Incense Burner"],"max_hp_gain":0,"max_hp_loss":0,"event_name":"Big Fish","floor":12,"gold_loss":0,"cards_obtained":["Regret"]},{"damage_healed":0,"gold_gain":0,"player_choice":"Stole Relic","damage_taken":0,"relics_obtained":["Ancient Tea Set"],"max_hp_gain":0,"max_hp_loss":0,"event_name":"Addict","floor":19,"gold_loss":0,"cards_obtained":["Shame"]},{"damage_healed":0,"gold_gain":0,"player_choice":"Ignored","damage_taken":0,"max_hp_gain":0,"max_hp_loss":0,"event_name":"Ghosts","floor":20,"gold_loss":0},{"damage_healed":0,"gold_gain":0,"player_choice":"Ignored","damage_taken":0,"max_hp_gain":0,"max_hp_loss":0,"event_name":"Beggar","floor":27,"gold_loss":0}],"is_beta":false,"boss_relics":[{"not_picked":["Empty Cage","Eternal Feather"],"picked":"Calling Bell"}],"items_purged_floors":[7,21],"is_endless":false,"potions_floor_spawned":[6,8,14,24],"killed_by":"Collector","ascension_level":0}