{"gold_per_floor":[114,47,47,47,47,80,80,118,199,199,234,234,253,273,273,273],"floor_reached":16,"playtime":493,"items_purged":[],"score":249,"play_id":"0cae6a7c-290b-4a8b-9105-9b9a2cacf088","local_time":"20190324221652","is_ascension_mode":true,"campfire_choices":[{"floor":7,"key":"REST"},{"floor":12,"key":"REST"},{"data":"Caltrops","floor":15,"key":"SMITH"}],"neow_cost":"NONE","seed_source_timestamp":378809734893500,"circlet_count":0,"master_deck":["AscendersBane","Defend_G","Defend_G","Defend_G","Defend_G","Defend_G","Strike_G","Strike_G","Strike_G+1","Strike_G","Strike_G","Survivor+1","Neutralize","Blur","Caltrops+1","Injury","Bane","Unload","Blur"],"relics":["Ring of the Snake","NeowsBlessing","Golden Idol","Omamori","Sundial","Gremlin Horn","Singing Bowl","Ornamental Fan"],"potions_floor_usage":[11],"damage_taken":[{"damage":0,"enemies":"2 Louse","floor":1,"turns":1},{"damage":0,"enemies":"Lagavulin","floor":6,"turns":3},{"damage":0,"enemies":"Gremlin Nob","floor":8,"turns":1},{"damage":25,"enemies":"3 Sentries","floor":11,"turns":13},{"damage":0,"enemies":"Small Slimes","floor":13,"turns":2},{"damage":1,"enemies":"Jaw Worm","floor":14,"turns":4},{"damage":69,"enemies":"Hexaghost","floor":16,"turns":14}],"seed_played":"177463982989062307","potions_obtained":[{"floor":8,"key":"SneckoOil"},{"floor":13,"key":"SpeedPotion"}],"is_trial":false,"path_per_floor":["M","$","?","?","$","E","R","E","T","T","E","R","M","M","R","B"],"character_chosen":"THE_SILENT","items_purchased":["Caltrops"],"campfire_rested":2,"item_purchase_floors":[2],"current_hp_per_floor":[63,63,49,49,49,49,70,70,70,70,45,66,68,69,69,0],"gold":273,"neow_bonus":"THREE_ENEMY_KILL","is_prod":false,"is_daily":false,"chose_seed":false,"campfire_upgraded":1,"win_rate":0,"timestamp":1553462212,"path_taken":["M","$","?","?","$","E","R","E","T","?","E","R","M","M","R","BOSS"],"build_version":"2019-01-23","purchased_purges":0,"victory":false,"max_hp_per_floor":[70,70,70,70,70,70,70,70,70,70,70,70,72,74,74,74],"card_choices":[{"not_picked":["Flying Knee","Dagger Throw"],"picked":"Blur","floor":1},{"not_picked":["Underhanded Strike","Acrobatics"],"picked":"Bane","floor":6},{"not_picked":["Finisher","Reflex"],"picked":"Unload","floor":8},{"not_picked":["Crippling Poison","Escape Plan"],"picked":"Blur","floor":11},{"not_picked":["Deflect","Endless Agony","Poisoned Stab"],"picked":"Singing Bowl","floor":13},{"not_picked":["Flechettes","Expertise","Calculated Gamble"],"picked":"Singing Bowl","floor":14}],"player_experience":1570759,"relics_obtained":[{"floor":6,"key":"Omamori"},{"floor":8,"key":"Sundial"},{"floor":9,"key":"Gremlin Horn"},{"floor":10,"key":"Singing Bowl"},{"floor":11,"key":"Ornamental Fan"}],"event_choices":[{"damage_healed":0,"gold_gain":0,"player_choice":"Entered Light","damage_taken":14,"max_hp_gain":0,"max_hp_loss":0,"event_name":"Shining Light","floor":3,"gold_loss":0,"cards_upgraded":["Survivor","Strike_G"]},{"damage_healed":0,"gold_gain":0,"player_choice":"Take Wound","damage_taken":0,"relics_obtained":["Golden Idol"],"max_hp_gain":0,"max_hp_loss":0,"event_name":"Golden Idol","floor":4,"gold_loss":0,"cards_obtained":["Injury"]}],"is_beta":false,"boss_relics":[],"items_purged_floors":[],"is_endless":false,"potions_floor_spawned":[8,13],"killed_by":"Hexaghost","ascension_level":10}