{"gold_per_floor":[109,123,123,135,67,67,95,95,121,121,138,138,138,152,152,152],"floor_reached":16,"playtime":684,"items_purged":[],"score":120,"play_id":"91db23a6-9ceb-4d7e-b2a7-3ff1cbba2526","local_time":"20181008221823","is_ascension_mode":true,"campfire_choices":[{"floor":6,"key":"DIG"},{"floor":8,"key":"REST"},{"floor":10,"key":"DIG"},{"floor":12,"key":"DIG"},{"floor":15,"key":"REST"}],"neow_cost":"PERCENT_DAMAGE","seed_source_timestamp":35595570645300,"circlet_count":0,"master_deck":["Defend_G","Defend_G","Defend_G","Defend_G","Defend_G","Strike_G","Strike_G","Strike_G","Survivor","Neutralize","Noxious Fumes","Masterful Stab","Die Die Die","Calculated Gamble","Wraith Form v2","Backflip"],"relics":["Ring of the Snake","Shovel","Snake Skull","The Specimen","Juzu Bracelet","Pen Nib","Paper Crane"],"potions_floor_usage":[2,7],"damage_taken":[{"damage":0,"enemies":"Small Slimes","floor":1,"turns":3},{"damage":5,"enemies":"Cultist","floor":2,"turns":5},{"damage":0,"enemies":"2 Louse","floor":4,"turns":3},{"damage":21,"enemies":"Gremlin Nob","floor":7,"turns":4},{"damage":5,"enemies":"Gremlin Gang","floor":11,"turns":5},{"damage":1,"enemies":"Exordium Wildlife","floor":14,"turns":5},{"damage":62,"enemies":"Slime Boss","floor":16,"turns":10}],"seed_played":"-8381926875819964992","potions_obtained":[{"floor":1,"key":"Weak Potion"},{"floor":2,"key":"Poison Potion"}],"is_trial":false,"path_per_floor":["M","M","?","M","$","R","E","R","T","R","M","R","?","M","R"],"character_chosen":"THE_SILENT","items_purchased":["Die Die Die"],"campfire_rested":2,"item_purchase_floors":[5],"current_hp_per_floor":[49,44,44,44,44,44,23,44,44,44,39,39,39,38,59,0],"gold":152,"neow_bonus":"ONE_RARE_RELIC","is_prod":false,"is_daily":false,"chose_seed":false,"campfire_upgraded":0,"win_rate":0,"timestamp":1539029903,"path_taken":["M","M","?","M","$","R","E","R","T","R","M","R","?","M","R","BOSS"],"build_version":"2018-10-04v2","purchased_purges":0,"victory":false,"max_hp_per_floor":[70,70,70,70,70,70,70,70,70,70,70,70,70,70,70,70],"card_choices":[{"not_picked":["Flying Knee","Underhanded Strike"],"picked":"Noxious Fumes","floor":1},{"not_picked":["Dodge and Roll","Bane"],"picked":"Masterful Stab","floor":2},{"not_picked":["Dodge and Roll","Outmaneuver","Skewer"],"picked":"SKIP","floor":4},{"not_picked":["Well Laid Plans","Predator"],"picked":"Calculated Gamble","floor":7},{"not_picked":["Acrobatics","Leg Sweep","Riddle With Holes"],"picked":"SKIP","floor":11},{"not_picked":["Wraith Form v2","Distraction"],"picked":"Backflip","floor":14}],"player_experience":592088,"relics_obtained":[{"floor":6,"key":"Snake Skull"},{"floor":7,"key":"The Specimen"},{"floor":9,"key":"Juzu Bracelet"},{"floor":10,"key":"Pen Nib"},{"floor":12,"key":"Paper Crane"}],"event_choices":[{"event_name":"Bonfire Elementals","player_choice":"BASIC","floor":3,"damage_taken":0},{"event_name":"Living Wall","player_choice":"Change","floor":13,"damage_taken":0}],"is_beta":false,"boss_relics":[],"items_purged_floors":[],"is_endless":false,"potions_floor_spawned":[1,2],"killed_by":"Slime Boss","ascension_level":4}