{"gold_per_floor":[119,136,136,136,146,162,162,162,162,3,3,25,58,72,72,146,146,166,91,141,83,101,101,115,115,115,131,55,55,55,80,80,154,154,166,166,166,218,234,234,51,51,51,51,71,83,100,132,132,132,132,132,132,20,50,50],"floor_reached":56,"playtime":2432,"items_purged":["Strike_B","Defend_B"],"score":2086,"play_id":"e0130163-c361-487b-8fa6-4057d9e86054","local_time":"20190514004304","is_ascension_mode":true,"campfire_choices":[{"data":"Zap","floor":7.0,"key":"SMITH"},{"data":"Dualcast","floor":11.0,"key":"SMITH"},{"data":"Turbo","floor":15.0,"key":"SMITH"},{"data":"Fission","floor":23.0,"key":"SMITH"},{"data":"Turbo","floor":25.0,"key":"SMITH"},{"data":"Defragment","floor":32.0,"key":"SMITH"},{"data":"Heatsinks","floor":40.0,"key":"SMITH"},{"data":"Skim","floor":42.0,"key":"SMITH"},{"data":"Heatsinks","floor":44.0,"key":"SMITH"},{"floor":49.0,"key":"RECALL"},{"data":"Blizzard","floor":53.0,"key":"SMITH"}],"neow_cost":"TEN_PERCENT_HP_LOSS","seed_source_timestamp":0,"circlet_count":0,"master_deck":["AscendersBane","Zap+1","Dualcast+1","Skim+1","Electrodynamics","Cold Snap","Ball Lightning","Cold Snap","Chill","Turbo+1","Fission+1","Steam Power+1","Undo","Turbo+1","All For One","Defragment+1","Heatsinks+1","Heatsinks+1","Sunder","Seek","Stack+1","Recycle+1","Defragment+1","Skim","Blizzard+1","Biased Cognition","Capacitor+1","Reboot","Fusion+1"],"special_seed":0,"relics":["FrozenCore","Pear","Blue Candle","Odd Mushroom","Centennial Puzzle","Ornamental Fan","Bottled Lightning","Astrolabe","Bird Faced Urn","Juzu Bracelet","Unceasing Top"],"potions_floor_usage":[56,56],"damage_taken":[{"damage":9.0,"enemies":"Jaw Worm","floor":1.0,"turns":4.0},{"damage":7.0,"enemies":"Small Slimes","floor":2.0,"turns":3.0},{"damage":1.0,"enemies":"Cultist","floor":5.0,"turns":3.0},{"damage":7.0,"enemies":"Large Slime","floor":6.0,"turns":4.0},{"damage":7.0,"enemies":"The Mushroom Lair","floor":12.0,"turns":3.0},{"damage":6.0,"enemies":"Gremlin Nob","floor":13.0,"turns":3.0},{"damage":0.0,"enemies":"3 Louse","floor":14.0,"turns":2.0},{"damage":0.0,"enemies":"Slime Boss","floor":16.0,"turns":6.0},{"damage":0.0,"enemies":"Spheric Guardian","floor":18.0,"turns":1.0},{"damage":9.0,"enemies":"Shell Parasite","floor":22.0,"turns":2.0},{"damage":0.0,"enemies":"Snake Plant","floor":24.0,"turns":3.0},{"damage":0.0,"enemies":"Centurion and Healer","floor":27.0,"turns":4.0},{"damage":25.0,"enemies":"Slavers","floor":31.0,"turns":2.0},{"damage":0.0,"enemies":"Automaton","floor":33.0,"turns":6.0},{"damage":0.0,"enemies":"Orb Walker","floor":35.0,"turns":2.0},{"damage":10.0,"enemies":"2 Orb Walkers","floor":38.0,"turns":2.0},{"damage":0.0,"enemies":"3 Shapes","floor":39.0,"turns":1.0},{"damage":0.0,"enemies":"Jaw Worm Horde","floor":45.0,"turns":1.0},{"damage":0.0,"enemies":"Spire Growth","floor":46.0,"turns":2.0},{"damage":0.0,"enemies":"3 Darklings","floor":47.0,"turns":1.0},{"damage":0.0,"enemies":"Reptomancer","floor":48.0,"turns":2.0},{"damage":45.0,"enemies":"Awakened One","floor":50.0,"turns":9.0},{"damage":17.0,"enemies":"Time Eater","floor":51.0,"turns":17.0},{"damage":1.0,"enemies":"Shield and Spear","floor":55.0,"turns":2.0},{"damage":58,"enemies":"The Heart","floor":56,"turns":5}],"seed_played":"4398172285338326869","potions_obtained":[{"floor":1.0,"key":"FocusPotion"},{"floor":2.0,"key":"Swift Potion"},{"floor":16.0,"key":"AttackPotion"},{"floor":18.0,"key":"Fire Potion"},{"floor":35.0,"key":"EssenceOfSteel"},{"floor":45.0,"key":"AttackPotion"}],"is_trial":false,"path_per_floor":["M","M","?","?","M","M","R","?","T","$","R","?","E","M","R","B",null,"M","?","?","$","M","R","M","R","T","M","$","?","?","E","R","B",null,"M","?","?","?","M","R","$","R","T","R","M","M","M","E","R","B","B",null,"R","$","E","B"],"character_chosen":"DEFECT","items_purchased":["Ball Lightning","Cold Snap","Compile Driver","Defragment","Blizzard","SkillPotion","Block Potion"],"campfire_rested":0,"item_purchase_floors":[10,10,21,28,41,54,54],"current_hp_per_floor":[55,48,40,40,39,32,32,32,32,32,32,25,19,19,19,19,60,60,60,60,60,51,51,51,51,51,51,51,51,51,26,26,26,62,62,62,62,52,58,58,58,58,58,58,68,74,74,74,74,39,34,64,64,64,74,24],"gold":50,"neow_bonus":"REMOVE_TWO","is_prod":false,"is_daily":false,"chose_seed":false,"campfire_upgraded":10,"win_rate":0,"timestamp":1557765784,"path_taken":["M","M","?","?","M","?","R","?","T","$","R","?","E","M","R","BOSS","M","?","?","$","M","R","M","R","T","?","?","?","?","E","R","BOSS","M","?","?","?","M","R","$","R","T","R","M","M","M","E","R","BOSS","BOSS","R","$","E","BOSS"],"build_version":"2019-01-23","purchased_purges":2,"victory":false,"max_hp_per_floor":[64,64,74,74,74,74,74,74,74,74,74,74,74,74,74,74,74,74,74,74,74,74,74,74,74,74,74,74,74,74,74,74,74,74,74,74,74,74,74,74,74,74,74,74,74,74,74,74,74,74,74,74,74,74,74,74],"card_choices":[{"not_picked":["Stack","Redo"],"picked":"Ball Lightning","floor":1.0},{"not_picked":["Steam","Go for the Eyes","Rebound"],"picked":"SKIP","floor":2.0},{"not_picked":["Compile Driver","Rebound"],"picked":"Melter","floor":5.0},{"not_picked":["Steam Power","Barrage"],"picked":"Cold Snap","floor":6.0},{"not_picked":["Barrage","Doom and Gloom"],"picked":"Chill","floor":12.0},{"not_picked":["Creative AI","Conserve Battery"],"picked":"Turbo","floor":13.0},{"not_picked":["Beam Cell","Redo","Sweeping Beam"],"picked":"SKIP","floor":14.0},{"not_picked":["Meteor Strike","Rainbow"],"picked":"Fission","floor":16.0},{"not_picked":["Beam Cell","Leap"],"picked":"Steam Power+1","floor":18.0},{"not_picked":["Gash","Stack+1"],"picked":"Undo","floor":22.0},{"not_picked":["Gash","Conserve Battery"],"picked":"Turbo","floor":24.0},{"not_picked":["Rebound","Sweeping Beam"],"picked":"All For One","floor":27.0},{"not_picked":["Lockon","Darkness"],"picked":"Sunder","floor":31.0},{"not_picked":["All For One","Rainbow"],"picked":"Seek","floor":33.0},{"not_picked":["Rip and Tear","Self Repair"],"picked":"Skim","floor":35.0},{"not_picked":["Gash","Sweeping Beam","Rebound"],"picked":"SKIP","floor":39.0},{"not_picked":["Consume","Beam Cell"],"picked":"Biased Cognition","floor":45.0},{"not_picked":["Aggregate","Scrape+1"],"picked":"Capacitor+1","floor":46.0},{"not_picked":["Beam Cell+1","Sweeping Beam+1","Barrage"],"picked":"SKIP","floor":47.0},{"not_picked":["Static Discharge","Sunder+1"],"picked":"Reboot","floor":48.0},{"not_picked":["Undo+1","Go for the Eyes"],"picked":"Fusion+1","floor":55.0}],"player_experience":1660656,"relics_obtained":[{"floor":9.0,"key":"Blue Candle"},{"floor":12.0,"key":"Odd Mushroom"},{"floor":13.0,"key":"Centennial Puzzle"},{"floor":26.0,"key":"Ornamental Fan"},{"floor":31.0,"key":"Bottled Lightning"},{"floor":38.0,"key":"Bird Faced Urn"},{"floor":48.0,"key":"Juzu Bracelet"},{"floor":55.0,"key":"Unceasing Top"}],"event_choices":[{"damage_healed":0.0,"max_hp_gain":0.0,"max_hp_loss":0.0,"gold_gain":0.0,"event_name":"Scrap Ooze","player_choice":"Success","floor":3.0,"gold_loss":0.0,"damage_taken":18.0,"relics_obtained":["Pear"]},{"damage_healed":0.0,"max_hp_gain":0.0,"max_hp_loss":0.0,"gold_gain":0.0,"event_name":"Match and Keep!","player_choice":"2 cards matched","floor":4.0,"gold_loss":0.0,"damage_taken":0.0,"cards_obtained":["Skim","Electrodynamics"]},{"cards_removed":["Strike_B"],"damage_healed":0.0,"max_hp_gain":0.0,"max_hp_loss":0.0,"gold_gain":0.0,"event_name":"Living Wall","player_choice":"Forget","floor":8.0,"gold_loss":0.0,"damage_taken":0.0},{"damage_healed":0.0,"max_hp_gain":0.0,"max_hp_loss":0.0,"gold_gain":0.0,"event_name":"Mushrooms","player_choice":"Fought Mushrooms","floor":12.0,"gold_loss":0.0,"damage_taken":0.0},{"cards_removed":["Defend_B"],"damage_healed":0.0,"max_hp_gain":0.0,"max_hp_loss":0.0,"gold_gain":0.0,"event_name":"Beggar","player_choice":"Gave Gold","floor":19.0,"gold_loss":75.0,"damage_taken":0.0},{"damage_healed":0.0,"max_hp_gain":0.0,"max_hp_loss":0.0,"gold_gain":100.0,"event_name":"The Joust","player_choice":"Bet on Murderer","floor":20.0,"gold_loss":50.0,"damage_taken":0.0},{"damage_healed":0.0,"max_hp_gain":0.0,"max_hp_loss":0.0,"gold_gain":0.0,"event_name":"The Library","player_choice":"Read","floor":29.0,"gold_loss":0.0,"damage_taken":0.0,"cards_obtained":["Heatsinks"]},{"damage_healed":0.0,"max_hp_gain":0.0,"max_hp_loss":0.0,"gold_gain":0.0,"cards_transformed":["Defend_B"],"event_name":"Transmorgrifier","player_choice":"Transformed","floor":30.0,"gold_loss":0.0,"damage_taken":0.0,"cards_obtained":["Heatsinks"]},{"damage_healed":0.0,"max_hp_gain":0.0,"max_hp_loss":0.0,"gold_gain":0.0,"event_name":"SensoryStone","player_choice":"Memory 1","floor":36.0,"gold_loss":0.0,"damage_taken":0.0},{"cards_removed":["Compile Driver"],"damage_healed":0.0,"max_hp_gain":0.0,"max_hp_loss":0.0,"gold_gain":0.0,"event_name":"Falling","player_choice":"Removed Attack","floor":37.0,"gold_loss":0.0,"damage_taken":0.0},{"damage_healed":0.0,"max_hp_gain":0.0,"max_hp_loss":0.0,"gold_gain":0.0,"event_name":"Mysterious Sphere","player_choice":"Fight","floor":38.0,"gold_loss":0.0,"damage_taken":0.0}],"is_beta":false,"boss_relics":[{"not_picked":["Velvet Choker","Ectoplasm"],"picked":"FrozenCore"},{"not_picked":["Tiny House","Inserter"],"picked":"Astrolabe"}],"items_purged_floors":[10,41],"is_endless":false,"potions_floor_spawned":[1,2,5,16,18,22,35,45,47],"killed_by":"The Heart","ascension_level":20}