{"gold_per_floor":[114,189,464,464,474,474,501,501,527,37,37,70,83,117,117,214,214,233,259,310,324,324,359,374,374],"floor_reached":25,"playtime":1274,"items_purged":["Regret"],"score":309,"play_id":"6cfb5ba1-c7f5-465d-a575-6bef5f00843e","local_time":"20181008191008","is_ascension_mode":true,"campfire_choices":[{"floor":6,"key":"REST"},{"floor":8,"key":"REST"},{"floor":11,"key":"REST"},{"floor":15,"key":"REST"}],"neow_cost":"NONE","seed_source_timestamp":23709607400300,"circlet_count":0,"master_deck":["Strike_R+1","Strike_R","Strike_R","Strike_R+1","Defend_R","Defend_R+1","Defend_R","Defend_R","Bash+1","Inflame","Heavy Blade","Seeing Red","Feed","Flex","Flex","Flex","Reaper","Rage","Uppercut+1","Bloodletting+1","Demon Form","Thunderclap"],"relics":["Burning Blood","Pen Nib","Whetstone","Happy Flower","Medical Kit","Bottled Tornado","StoneCalendar","Runic Pyramid","Red Mask","Blood Vial","Shuriken"],"potions_floor_usage":[7,19,23,23,23,25],"damage_taken":[{"damage":6,"enemies":"Jaw Worm","floor":1,"turns":5},{"damage":7,"enemies":"Small Slimes","floor":5,"turns":3},{"damage":47,"enemies":"3 Sentries","floor":7,"turns":8},{"damage":33,"enemies":"Lagavulin","floor":12,"turns":6},{"damage":6,"enemies":"Cultist","floor":13,"turns":3},{"damage":8,"enemies":"Gremlin Nob","floor":14,"turns":3},{"damage":53,"enemies":"Hexaghost","floor":16,"turns":6},{"damage":30,"enemies":"Shell Parasite","floor":18,"turns":4},{"damage":27,"enemies":"Masked Bandits","floor":19,"turns":4},{"damage":37,"enemies":"2 Thieves","floor":21,"turns":4},{"damage":57,"enemies":"Slavers","floor":23,"turns":5},{"damage":8,"enemies":"Cultist and Chosen","floor":24,"turns":4},{"damage":46,"enemies":"Centurion and Healer","floor":25,"turns":3}],"seed_played":"7171325234331127799","potions_obtained":[{"floor":1,"key":"Swift Potion"},{"floor":12,"key":"Fire Potion"},{"floor":13,"key":"SpeedPotion"},{"floor":19,"key":"Strength Potion"},{"floor":21,"key":"Explosive Potion"},{"floor":24,"key":"Fire Potion"}],"is_trial":false,"path_per_floor":["M","?","?","?","M","R","E","R","T","$","R","E","M","E","R","B",null,"M","?","T","M","?","E","M"],"character_chosen":"IRONCLAD","items_purchased":["Medical Kit","Feed","Flex"],"campfire_rested":4,"item_purchase_floors":[10,10,10],"current_hp_per_floor":[80,69,69,53,52,76,35,59,59,59,80,56,56,57,82,35,86,69,69,69,55,55,23,26,0],"gold":374,"neow_bonus":"RANDOM_COMMON_RELIC","is_prod":false,"is_daily":false,"chose_seed":false,"campfire_upgraded":0,"win_rate":0,"timestamp":1539018608,"path_taken":["M","?","?","?","M","R","E","R","T","$","R","E","M","E","R","BOSS","M","?","?","M","?","E","M","M"],"build_version":"2018-10-04v2","purchased_purges":1,"victory":false,"max_hp_per_floor":[80,80,80,80,80,80,80,80,80,80,80,83,83,86,86,86,86,89,92,92,95,95,98,101,101],"card_choices":[{"not_picked":["Infernal Blade","Body Slam"],"picked":"Inflame","floor":1},{"not_picked":["Sever Soul","Warcry"],"picked":"Heavy Blade","floor":5},{"not_picked":["Pummel","Searing Blow"],"picked":"Seeing Red","floor":7},{"not_picked":["Burning Pact","Clothesline","Feel No Pain"],"picked":"SKIP","floor":12},{"not_picked":["Twin Strike","Rupture"],"picked":"Flex","floor":13},{"not_picked":["Wild Strike","Perfected Strike"],"picked":"Flex","floor":14},{"not_picked":["Berserk","Impervious"],"picked":"Reaper","floor":16},{"not_picked":["Blood for Blood","Iron Wave+1"],"picked":"Rage","floor":18},{"not_picked":["Clash","Hemokinesis"],"picked":"Uppercut+1","floor":19},{"not_picked":["Headbutt","Twin Strike"],"picked":"Bloodletting+1","floor":21},{"not_picked":["Evolve","Anger"],"picked":"Demon Form","floor":23},{"not_picked":["Wild Strike","Searing Blow"],"picked":"Thunderclap","floor":24}],"player_experience":585821,"relics_obtained":[{"floor":7,"key":"Whetstone"},{"floor":9,"key":"Happy Flower"},{"floor":12,"key":"Bottled Tornado"},{"floor":14,"key":"StoneCalendar"},{"floor":19,"key":"Red Mask"},{"floor":20,"key":"Blood Vial"},{"floor":23,"key":"Shuriken"}],"event_choices":[{"event_name":"World of Goop","player_choice":"Gather Gold","floor":2,"damage_taken":0},{"event_name":"Golden Shrine","player_choice":"Desecrate","floor":3,"damage_taken":0},{"event_name":"Shining Light","player_choice":"Entered Light","floor":4,"damage_taken":0},{"event_name":"Masked Bandits","player_choice":"Fought Bandits","floor":19,"damage_taken":0},{"event_name":"Purifier","player_choice":"One Purge","floor":22,"damage_taken":0}],"is_beta":false,"boss_relics":[{"not_picked":["Sozu","Runic Cube"],"picked":"Runic Pyramid"}],"items_purged_floors":[10],"is_endless":false,"potions_floor_spawned":[1,12,13,19,21,24],"killed_by":"Centurion and Healer","ascension_level":4}