{"gold_per_floor":[116,69,69,79,79,105,105,136,163,42,58,77,27,45,45,45],"floor_reached":16,"playtime":768,"items_purged":["Defend_G","Strike_G"],"score":160,"play_id":"b5f3d5a0-03ab-485a-9574-5e5b298b774c","local_time":"20190125232931","is_ascension_mode":true,"campfire_choices":[{"floor":7,"key":"REST"},{"floor":15,"key":"REST"}],"neow_cost":"NONE","seed_source_timestamp":193427295021000,"circlet_count":0,"master_deck":["Defend_G","Defend_G","Defend_G","Defend_G","Strike_G","Strike_G","Strike_G+1","Survivor","Neutralize+1","Crippling Poison","Flying Knee","Deflect","Blur","Bandage Up","Dagger Spray","Quick Slash","Wraith Form v2"],"relics":["Ring of the Snake","Ancient Tea Set","Smiling Mask","Whetstone","Bag of Preparation","MawBank"],"potions_floor_usage":[6,12],"damage_taken":[{"damage":3,"enemies":"Jaw Worm","floor":1,"turns":5},{"damage":1,"enemies":"Small Slimes","floor":4,"turns":4},{"damage":42,"enemies":"Lagavulin","floor":6,"turns":10},{"damage":26,"enemies":"3 Sentries","floor":8,"turns":13},{"damage":7,"enemies":"2 Louse","floor":11,"turns":2},{"damage":0,"enemies":"Exordium Wildlife","floor":12,"turns":2},{"damage":0,"enemies":"Red Slaver","floor":14,"turns":5},{"damage":52,"enemies":"The Guardian","floor":16,"turns":13}],"seed_played":"-8549097044283559947","potions_obtained":[{"floor":1,"key":"Block Potion"},{"floor":8,"key":"SpeedPotion"}],"is_trial":false,"path_per_floor":["M","?","?","M","?","E","R","E","T","$","M","M","$","M","R","B"],"character_chosen":"THE_SILENT","items_purchased":["Bandage Up"],"campfire_rested":2,"item_purchase_floors":[10],"current_hp_per_floor":[60,60,60,59,52,10,31,5,5,5,2,6,6,10,31,0],"gold":45,"neow_bonus":"RANDOM_COMMON_RELIC","is_prod":false,"is_daily":false,"chose_seed":false,"campfire_upgraded":0,"win_rate":0,"timestamp":1548455371,"path_taken":["M","?","?","M","?","E","R","E","T","?","M","M","$","M","R","BOSS"],"build_version":"2019-01-23","purchased_purges":2,"victory":false,"max_hp_per_floor":[70,70,70,70,70,70,70,70,70,70,70,70,70,70,70,70],"card_choices":[{"not_picked":["Dodge and Roll","Underhanded Strike"],"picked":"Crippling Poison","floor":1},{"not_picked":["Distraction","Quick Slash"],"picked":"Flying Knee","floor":4},{"not_picked":["Underhanded Strike","Escape Plan"],"picked":"Deflect","floor":6},{"not_picked":["Leg Sweep","Dash"],"picked":"Blur","floor":8},{"not_picked":["Slice","Dagger Throw"],"picked":"Dagger Spray","floor":11},{"not_picked":["Sucker Punch","Tactician"],"picked":"Quick Slash","floor":12},{"not_picked":["Riddle With Holes","Predator"],"picked":"Wraith Form v2","floor":14}],"player_experience":1297919,"relics_obtained":[{"floor":6,"key":"Whetstone"},{"floor":8,"key":"Bag of Preparation"},{"floor":9,"key":"MawBank"}],"event_choices":[{"damage_healed":0,"gold_gain":0,"player_choice":"Left Gold","damage_taken":0,"max_hp_gain":0,"max_hp_loss":0,"event_name":"World of Goop","floor":2,"gold_loss":47},{"cards_removed":["Strike_G"],"damage_healed":0,"gold_gain":0,"player_choice":"Forget","damage_taken":0,"max_hp_gain":0,"max_hp_loss":0,"event_name":"Living Wall","floor":3,"gold_loss":0},{"damage_healed":0,"gold_gain":0,"player_choice":"Success","damage_taken":7,"relics_obtained":["Smiling Mask"],"max_hp_gain":0,"max_hp_loss":0,"event_name":"Scrap Ooze","floor":5,"gold_loss":0}],"is_beta":false,"boss_relics":[],"items_purged_floors":[10,13],"is_endless":false,"potions_floor_spawned":[1,8],"killed_by":"The Guardian","ascension_level":9}