{"gold_per_floor":[119,131,131,32,207,207,207,226,226,253,272,272,306,318,318,417,417,427,137,137,37,136,136,154,154,154,154,154],"floor_reached":28,"playtime":1435,"items_purged":["Strike_R","Strike_R"],"score":336,"play_id":"46dfae0d-bc85-4c05-93e2-deba5b43134a","local_time":"20190202173101","is_ascension_mode":true,"campfire_choices":[{"data":"True Grit","floor":7,"key":"SMITH"},{"floor":12,"key":"REST"},{"floor":15,"key":"REST"},{"floor":23,"key":"REST"},{"floor":25,"key":"REST"},{"floor":27,"key":"REST"}],"neow_cost":"NONE","seed_source_timestamp":862449129945400,"circlet_count":0,"master_deck":["AscendersBane","Strike_R","Strike_R","Strike_R","Defend_R","Defend_R","Defend_R","Defend_R","Bash+1","True Grit+1","Clash","Body Slam+1","Dual Wield","Armaments","Juggernaut","Double Tap","Pummel","Clash"],"relics":["Black Blood","Potion Belt","Juzu Bracelet","Mercury Hourglass","Dodecahedron","Whetstone","WingedGreaves","Singing Bowl"],"potions_floor_usage":[13,13,20],"damage_taken":[{"damage":0,"enemies":"Small Slimes","floor":1,"turns":4},{"damage":9,"enemies":"Jaw Worm","floor":2,"turns":4},{"damage":3,"enemies":"2 Louse","floor":8,"turns":3},{"damage":30,"enemies":"Lagavulin","floor":10,"turns":8},{"damage":22,"enemies":"Exordium Thugs","floor":11,"turns":4},{"damage":29,"enemies":"Gremlin Nob","floor":13,"turns":4},{"damage":0,"enemies":"Large Slime","floor":14,"turns":5},{"damage":38,"enemies":"Slime Boss","floor":16,"turns":8},{"damage":27,"enemies":"3 Byrds","floor":18,"turns":5},{"damage":34,"enemies":"Colosseum Slavers","floor":20,"turns":5},{"damage":39,"enemies":"Shell Parasite","floor":24,"turns":5},{"damage":82,"enemies":"3 Cultists","floor":28,"turns":6}],"seed_played":"7002736589572079820","potions_obtained":[{"floor":10,"key":"SteroidPotion"},{"floor":11,"key":"AttackPotion"},{"floor":13,"key":"Fire Potion"}],"is_trial":false,"path_per_floor":["M","M","?","$","?","?","R","M","T","E","M","R","E","M","R","B",null,"M","$","?","$","?","R","M","R","T","R","M"],"character_chosen":"IRONCLAD","items_purchased":["Body Slam","WingedGreaves"],"campfire_rested":5,"item_purchase_floors":[4,19],"current_hp_per_floor":[78,75,68,68,68,61,61,64,64,40,24,48,25,31,55,23,66,49,49,25,25,25,49,20,44,44,68,0],"gold":154,"neow_bonus":"RANDOM_COMMON_RELIC","is_prod":false,"is_daily":false,"chose_seed":false,"campfire_upgraded":1,"win_rate":0,"timestamp":1549125061,"path_taken":["M","M","?","$","?","?","R","M","T","E","M","R","E","M","R","BOSS","M","$","?","$","?","R","M","R","T","R","M"],"build_version":"2019-01-23","purchased_purges":2,"victory":false,"max_hp_per_floor":[80,80,80,80,80,80,80,80,80,80,80,80,80,80,80,80,80,80,80,80,80,80,80,80,80,80,80,80],"card_choices":[{"not_picked":["Twin Strike","Heavy Blade"],"picked":"True Grit","floor":1},{"not_picked":["Havoc","Brutality"],"picked":"Clash","floor":2},{"not_picked":["Headbutt","Twin Strike"],"picked":"Dual Wield","floor":8},{"not_picked":["Dual Wield","Perfected Strike"],"picked":"Armaments","floor":10},{"not_picked":["True Grit","Sword Boomerang","Evolve"],"picked":"SKIP","floor":11},{"not_picked":["Combust","Warcry"],"picked":"Juggernaut","floor":13},{"not_picked":["Wild Strike","Combust","Twin Strike"],"picked":"SKIP","floor":14},{"not_picked":["Exhume","Feed"],"picked":"Double Tap","floor":16},{"not_picked":["Dual Wield","Blood for Blood"],"picked":"Pummel","floor":18},{"not_picked":["Hemokinesis","Heavy Blade"],"picked":"Clash","floor":24}],"player_experience":1403270,"relics_obtained":[{"floor":9,"key":"Mercury Hourglass"},{"floor":10,"key":"Dodecahedron"},{"floor":13,"key":"Whetstone"},{"floor":26,"key":"Singing Bowl"}],"event_choices":[{"damage_healed":0,"gold_gain":0,"player_choice":"Success","damage_taken":7,"relics_obtained":["Juzu Bracelet"],"max_hp_gain":0,"max_hp_loss":0,"event_name":"Scrap Ooze","floor":3,"gold_loss":0},{"damage_healed":0,"gold_gain":175,"player_choice":"AGREE","damage_taken":0,"max_hp_gain":0,"max_hp_loss":0,"event_name":"Liars Game","floor":5,"gold_loss":0,"cards_obtained":["Doubt"]},{"cards_removed":["Doubt"],"damage_healed":0,"gold_gain":0,"player_choice":"Card Removal","damage_taken":7,"max_hp_gain":0,"max_hp_loss":0,"event_name":"Golden Wing","floor":6,"gold_loss":0},{"damage_healed":0,"gold_gain":0,"player_choice":"Fight","damage_taken":0,"max_hp_gain":0,"max_hp_loss":0,"event_name":"Colosseum","floor":20,"gold_loss":0},{"damage_healed":0,"gold_gain":0,"player_choice":"Fled From Nobs","damage_taken":0,"max_hp_gain":0,"max_hp_loss":0,"event_name":"Colosseum","floor":20,"gold_loss":0},{"damage_healed":0,"gold_gain":99,"player_choice":"Stole From Cult","damage_taken":0,"max_hp_gain":0,"max_hp_loss":0,"event_name":"Nest","floor":22,"gold_loss":0}],"is_beta":false,"boss_relics":[{"not_picked":["Runic Pyramid","Pandora\u0027s Box"],"picked":"Black Blood"}],"items_purged_floors":[4,21],"is_endless":false,"potions_floor_spawned":[10,11,13],"killed_by":"3 Cultists","ascension_level":10}