{"gold_per_floor":[111,111,59,9,25,56,66,66,119,131,159,171,152,190,202,214],"floor_reached":16,"playtime":549,"items_purged":[],"score":162,"play_id":"b28d2ad6-b321-475e-b9d3-9e52352cfedd","local_time":"20190227001518","is_ascension_mode":true,"campfire_choices":[{"floor":8,"key":"REST"},{"floor":15,"key":"REST"}],"neow_cost":"CURSE","seed_source_timestamp":20766654671500,"circlet_count":0,"master_deck":["AscendersBane","Strike_R","Strike_R","Strike_R","Strike_R","Strike_R","Defend_R","Defend_R","Defend_R","Defend_R","Bash","Writhe","Combust","Metallicize","True Grit","Flex","Pain","Feed"],"relics":["Burning Blood","Ginger","Happy Flower","Gambling Chip","MawBank","WarpedTongs","Sundial"],"potions_floor_usage":[6,14,16],"damage_taken":[{"damage":6,"enemies":"Cultist","floor":1,"turns":4},{"damage":2,"enemies":"Small Slimes","floor":5,"turns":3},{"damage":28,"enemies":"3 Sentries","floor":6,"turns":6},{"damage":12,"enemies":"Jaw Worm","floor":7,"turns":4},{"damage":20,"enemies":"Large Slime","floor":11,"turns":6},{"damage":50,"enemies":"Gremlin Nob","floor":14,"turns":6},{"damage":42,"enemies":"Hexaghost","floor":16,"turns":9}],"seed_played":"155083185740380411","potions_obtained":[{"floor":5,"key":"GamblersBrew"},{"floor":11,"key":"LiquidBronze"}],"is_trial":false,"path_per_floor":["M","?","$","?","M","E","M","R","T","?","M","$","?","E","R","B"],"character_chosen":"IRONCLAD","items_purchased":["PowerPotion"],"campfire_rested":2,"item_purchase_floors":[3],"current_hp_per_floor":[72,72,72,72,76,54,48,72,72,72,58,58,58,14,38,0],"gold":214,"neow_bonus":"ONE_RARE_RELIC","is_prod":false,"is_daily":false,"chose_seed":false,"campfire_upgraded":0,"win_rate":0,"timestamp":1551222918,"path_taken":["M","?","$","?","?","E","M","R","T","?","M","?","?","E","R","BOSS"],"build_version":"2019-01-23","purchased_purges":0,"victory":false,"max_hp_per_floor":[80,80,80,80,80,80,80,80,80,80,80,80,80,80,80,80],"card_choices":[{"not_picked":["True Grit","Shockwave"],"picked":"Combust","floor":1},{"not_picked":["Armaments","Perfected Strike"],"picked":"Metallicize","floor":5},{"not_picked":["Anger","Headbutt"],"picked":"True Grit","floor":6},{"not_picked":["Body Slam","Clash"],"picked":"Flex","floor":7},{"not_picked":["Clash","Clothesline","Intimidate"],"picked":"SKIP","floor":11},{"not_picked":["Shrug It Off","Flex"],"picked":"Feed","floor":14}],"player_experience":1444605,"relics_obtained":[{"floor":6,"key":"Gambling Chip"},{"floor":9,"key":"MawBank"},{"floor":14,"key":"Sundial"}],"event_choices":[{"damage_healed":0,"gold_gain":0,"player_choice":"Box","damage_taken":0,"relics_obtained":["Happy Flower"],"max_hp_gain":0,"max_hp_loss":0,"event_name":"Big Fish","floor":2,"gold_loss":0,"cards_obtained":["Regret"]},{"cards_removed":["Regret"],"damage_healed":0,"gold_gain":0,"player_choice":"Card Removal","damage_taken":0,"max_hp_gain":0,"max_hp_loss":0,"event_name":"The Cleric","floor":4,"gold_loss":50},{"damage_healed":0,"gold_gain":0,"player_choice":"Rummage","damage_taken":0,"relics_obtained":["WarpedTongs"],"max_hp_gain":0,"max_hp_loss":0,"event_name":"Accursed Blacksmith","floor":10,"gold_loss":0,"cards_obtained":["Pain"]},{"damage_healed":0,"gold_gain":0,"player_choice":"Left Gold","damage_taken":0,"max_hp_gain":0,"max_hp_loss":0,"event_name":"World of Goop","floor":13,"gold_loss":31}],"is_beta":false,"boss_relics":[],"items_purged_floors":[],"is_endless":false,"potions_floor_spawned":[5,11],"killed_by":"Hexaghost","ascension_level":10}