{"gold_per_floor":[119,69,244,20,36,36,36,36,36,311,324,384,57,68,68,167,167,140,160,160,160,160,160],"floor_reached":23,"playtime":1021,"items_purged":["Doubt","Pain"],"score":221,"play_id":"e0f242a6-9311-435f-a5e0-66b3da90a9f5","local_time":"20181031125012","is_ascension_mode":true,"campfire_choices":[{"data":"Heavy Blade","floor":6,"key":"SMITH"},{"data":"Bash","floor":8,"key":"SMITH"},{"floor":15,"key":"REST"}],"neow_cost":"NONE","seed_source_timestamp":142171946445900,"circlet_count":0,"master_deck":["Strike_R","Strike_R","Strike_R","Defend_R","Defend_R","Defend_R","Defend_R","Bash+1","Shrug It Off","Heavy Blade+1","Spot Weakness","Armaments","Heavy Blade","Master of Strategy","Tempest","Writhe"],"relics":["Burning Blood","Juzu Bracelet","Art of War","WarpedTongs","Girya","Happy Flower","PrismaticShard","Empty Cage","Meat on the Bone","Vajra"],"potions_floor_usage":[14,23,23],"damage_taken":[{"damage":4,"enemies":"Small Slimes","floor":1,"turns":4},{"damage":4,"enemies":"Jaw Worm","floor":5,"turns":5},{"damage":5,"enemies":"Cultist","floor":11,"turns":3},{"damage":32,"enemies":"3 Sentries","floor":12,"turns":8},{"damage":11,"enemies":"Exordium Thugs","floor":14,"turns":3},{"damage":64,"enemies":"The Guardian","floor":16,"turns":9},{"damage":21,"enemies":"2 Thieves","floor":18,"turns":5},{"damage":39,"enemies":"3 Byrds","floor":19,"turns":7},{"damage":43,"enemies":"Slavers","floor":23,"turns":7}],"seed_played":"8254305209795836248","potions_obtained":[{"floor":5,"key":"Fire Potion"},{"floor":14,"key":"GamblersBrew"},{"floor":19,"key":"Dexterity Potion"}],"is_trial":false,"path_per_floor":["M","?","?","$","M","R","?","R","T","?","M","?","$","M","R","B",null,"M","M","?","T","?"],"character_chosen":"IRONCLAD","items_purchased":["Art of War","PrismaticShard","Heavy Blade"],"campfire_rested":1,"item_purchase_floors":[4,13,13],"current_hp_per_floor":[80,80,80,80,80,80,80,80,80,80,80,54,54,49,73,15,64,49,16,42,42,42,0],"gold":160,"neow_bonus":"RANDOM_COMMON_RELIC","is_prod":false,"is_daily":false,"chose_seed":false,"campfire_upgraded":2,"win_rate":0,"timestamp":1540986612,"path_taken":["M","?","?","$","M","R","?","R","T","?","M","?","$","M","R","BOSS","M","M","?","?","?","E"],"build_version":"2018-10-25v2","purchased_purges":2,"victory":false,"max_hp_per_floor":[80,80,80,80,80,80,80,80,80,80,80,80,80,80,80,80,80,80,80,80,80,80,80],"card_choices":[{"not_picked":["Wild Strike","Clothesline"],"picked":"Shrug It Off","floor":1},{"not_picked":["Anger","Pummel"],"picked":"Heavy Blade","floor":5},{"not_picked":["Iron Wave","Headbutt"],"picked":"Spot Weakness","floor":11},{"not_picked":["Clash","Wild Strike"],"picked":"Armaments","floor":12},{"not_picked":["Disarm","Shrug It Off","Coolheaded"],"picked":"SKIP","floor":14},{"not_picked":["Fission","Multi-Cast"],"picked":"Master of Strategy","floor":16},{"not_picked":["Redo","Reinforced Body","Stack"],"picked":"SKIP","floor":18},{"not_picked":["Backflip+1","Clothesline"],"picked":"Tempest","floor":19}],"player_experience":826051,"relics_obtained":[{"floor":9,"key":"Girya"},{"floor":12,"key":"Happy Flower"},{"floor":21,"key":"Meat on the Bone"}],"event_choices":[{"cards_removed":["Strike_R"],"damage_healed":0,"gold_gain":0,"player_choice":"Card Removal","damage_taken":0,"max_hp_gain":0,"max_hp_loss":0,"event_name":"The Cleric","floor":2,"gold_loss":50},{"damage_healed":0,"gold_gain":175,"player_choice":"AGREE","damage_taken":0,"max_hp_gain":0,"max_hp_loss":0,"event_name":"Liars Game","floor":3,"gold_loss":0,"cards_obtained":["Doubt"]},{"damage_healed":0,"gold_gain":0,"player_choice":"Rummage","damage_taken":0,"relics_obtained":["WarpedTongs"],"max_hp_gain":0,"max_hp_loss":0,"event_name":"Accursed Blacksmith","floor":7,"gold_loss":0,"cards_obtained":["Pain"]},{"damage_healed":0,"gold_gain":275,"player_choice":"Desecrate","damage_taken":0,"max_hp_gain":0,"max_hp_loss":0,"event_name":"Golden Shrine","floor":10,"gold_loss":0,"cards_obtained":["Regret"]},{"damage_healed":0,"gold_gain":0,"player_choice":"Searched \u00272\u0027 times","damage_taken":0,"max_hp_gain":0,"max_hp_loss":0,"event_name":"Dead Adventurer","floor":12,"gold_loss":0},{"damage_healed":26,"gold_gain":0,"player_choice":"Heal","damage_taken":0,"max_hp_gain":0,"max_hp_loss":0,"event_name":"The Library","floor":20,"gold_loss":0},{"damage_healed":0,"gold_gain":0,"player_choice":"Opened","damage_taken":0,"relics_obtained":["Vajra"],"max_hp_gain":0,"max_hp_loss":0,"event_name":"The Mausoleum","floor":22,"gold_loss":0,"cards_obtained":["Writhe"]}],"is_beta":false,"boss_relics":[{"not_picked":["Astrolabe","Philosopher\u0027s Stone"],"picked":"Empty Cage"}],"items_purged_floors":[4,13],"is_endless":false,"potions_floor_spawned":[5,14,19],"killed_by":"Slavers","ascension_level":5}