{"path_per_floor":["M","M","$","?","M","R","E","R","T","M","R","?","M","M","R","B",null,"M","$","M","?","M","R","?","R","T","M","$","?","E","$","R","B",null,"M","M","M","M","M","R","M","M","T","R","$","?","M","M","R"],"character_chosen":"THE_SILENT","items_purchased":["Paper Crane","Heel Hook","Adrenaline"],"gold_per_floor":[109,125,50,50,66,66,94,94,94,108,108,108,124,137,137,233,233,248,4,13,13,27,27,27,27,27,39,39,39,69,69,69,167,167,185,203,223,241,259,259,274,293,293,293,2,2,20,39,39],"floor_reached":50,"campfire_rested":1,"playtime":4098,"current_hp_per_floor":[76,74,74,71,71,71,60,60,60,62,62,55,55,57,57,48,77,66,66,68,54,56,56,56,56,56,58,58,58,60,60,60,20,82,82,82,76,73,77,77,59,55,55,79,79,79,79,74,74],"items_purged":["Strike_G","Strike_G"],"gold":39,"score":443,"play_id":"85bd92eb-6233-434e-8da8-517ad21c44b1","is_prod":false,"is_daily":false,"is_ascension_mode":false,"campfire_upgraded":7,"path_taken":["M","M","$","?","M","R","E","R","T","M","R","?","?","M","R","BOSS","M","$","M","?","M","R","?","R","T","?","$","?","E","?","R","BOSS","M","M","M","M","?","R","M","M","T","R","$","?","M","M","R","BOSS"],"build_version":"2018-02-15-PROD1","purchased_purges":3,"victory":false,"master_deck":["Defend_G","Defend_G","Defend_G","Defend_G","Defend_G","Strike_G+1","Strike_G+1","Survivor","Neutralize+1","Backflip+1","Flying Knee","Noxious Fumes+1","Leg Sweep+1","Finisher","Acrobatics","Blur+1","Adrenaline+1","Riddle With Holes+1","Predator","Deflect+1","Skewer+1","Night Terror","After Image","Dodge and Roll+1","Blade Dance+1","Escape Plan+1","Dagger Spray+1","Catalyst+1","Footwork+1","Deflect","Heel Hook","Adrenaline","PiercingWail+1","Deadly Poison+1"],"max_hp_per_floor":[77,77,77,77,77,77,77,77,77,77,77,77,77,77,77,77,77,77,77,77,82,82,82,82,82,82,82,82,82,82,82,82,82,82,82,82,82,82,82,82,82,82,82,82,82,82,82,82,82],"relics":["Ring of the Snake","Ninja Scroll","Bird Faced Urn","Whetstone","Cursed Key","Paper Crane","Peace Pipe","Art of War","Sozu"],"card_choices":[{"not_picked":["Deflect","Dagger Throw"],"picked":"Backflip"},{"not_picked":["Dodge and Roll","Prepared"],"picked":"Flying Knee"},{"not_picked":["Dagger Throw","Outmaneuver"],"picked":"Noxious Fumes"},{"not_picked":["Dodge and Roll","Acrobatics"],"picked":"Leg Sweep"},{"not_picked":["Flying Knee","Dagger Spray"],"picked":"Finisher"},{"not_picked":["Poisoned Stab","Endless Agony"],"picked":"Acrobatics"},{"not_picked":["Quick Slash","Flying Knee"],"picked":"Blur"},{"not_picked":["Storm of Steel","Wraith Form"],"picked":"Adrenaline"},{"not_picked":["Quick Slash","Backflip"],"picked":"Riddle With Holes"},{"not_picked":["Slice","Choke"],"picked":"Predator"},{"not_picked":["Cloak And Dagger","Backstab"],"picked":"Deflect"},{"not_picked":["Flechettes","Sucker Punch"],"picked":"Skewer"},{"not_picked":["Acrobatics","Cloak And Dagger"],"picked":"Night Terror"},{"not_picked":["Phantasmal Killer","Doppelganger"],"picked":"After Image"},{"not_picked":["Dagger Spray","Deadly Poison"],"picked":"Dodge and Roll"},{"not_picked":["Sucker Punch","Reflex"],"picked":"Blade Dance"},{"not_picked":["Prepared","Dagger Throw"],"picked":"Escape Plan"},{"not_picked":["Prepared","Blade Dance"],"picked":"Dagger Spray"},{"not_picked":["Quick Slash","Cloak And Dagger"],"picked":"Catalyst"},{"not_picked":["Backflip","Dagger Spray"],"picked":"Footwork"},{"not_picked":["Cloak And Dagger","Wraith Form"],"picked":"Deflect"},{"not_picked":["Deflect","Distraction"],"picked":"PiercingWail"},{"not_picked":["Escape Plan","Endless Agony"],"picked":"Deadly Poison"}],"player_experience":88265,"potions_floor_usage":[16,33,33],"damage_taken":[{"damage":1,"enemies":"2 Louse","floor":1,"turns":3},{"damage":2,"enemies":"Jaw Worm","floor":2,"turns":5},{"damage":0,"enemies":"Small Slimes","floor":5,"turns":3},{"damage":11,"enemies":"Lagavulin","floor":7,"turns":7},{"damage":0,"enemies":"2 Fungi Beasts","floor":10,"turns":3},{"damage":0,"enemies":"Looter","floor":13,"turns":3},{"damage":0,"enemies":"Exordium Thugs","floor":14,"turns":4},{"damage":11,"enemies":"Slime Boss","floor":16,"turns":9},{"damage":11,"enemies":"Spheric Guardian","floor":18,"turns":6},{"damage":0,"enemies":"2 Thieves","floor":20,"turns":4},{"damage":0,"enemies":"Snecko","floor":22,"turns":5},{"damage":0,"enemies":"Snake Plant","floor":27,"turns":5},{"damage":0,"enemies":"Book of Stabbing","floor":30,"turns":6},{"damage":57,"enemies":"Champ","floor":33,"turns":22},{"damage":0,"enemies":"3 Darklings","floor":35,"turns":8},{"damage":0,"enemies":"Orb Walker","floor":36,"turns":3},{"damage":14,"enemies":"Sphere and 2 Shapes","floor":37,"turns":8},{"damage":7,"enemies":"4 Shapes","floor":38,"turns":6},{"damage":0,"enemies":"3 Darklings","floor":39,"turns":5},{"damage":25,"enemies":"Sphere and 2 Shapes","floor":41,"turns":10},{"damage":10,"enemies":"4 Shapes","floor":42,"turns":6},{"damage":3,"enemies":"3 Darklings","floor":47,"turns":5},{"damage":11,"enemies":"Maw","floor":48,"turns":10},{"damage":86,"enemies":"Awakened One","floor":50,"turns":10}],"event_choices":[{"event_name":"Scrap Ooze","player_choice":"success","floor":4,"damage_taken":3},{"event_name":"Golden Wing","player_choice":"Card Removal","floor":12,"damage_taken":0},{"event_name":"Forgotten Altar","player_choice":"Shed Blood","floor":21,"damage_taken":0},{"event_name":"Beggar","player_choice":"Ignored","floor":24,"damage_taken":0},{"event_name":"N\u0027loth","player_choice":"Ignored","floor":29,"damage_taken":0},{"event_name":"Mysterious Sphere","player_choice":"Ignore","floor":46,"damage_taken":0}],"boss_relics":[{"not_picked":["White Beast Statue","Astrolabe"],"picked":"Cursed Key"},{"not_picked":["Black Star","Lizard Tail"],"picked":"Sozu"}],"potions_floor_spawned":[10,14,20,27,33,35,36,37,39,41],"seed_played":"5438511074918495545","killed_by":"Awakened One","ascension_level":0,"is_trial":false}