{"gold_per_floor":[111,111,28,28,38,69,15,15,62,78,95,106,106,119,119,221,221,189,189,48,98,115,115,128,128,128,128],"floor_reached":27,"playtime":1068,"items_purged":[],"score":309,"play_id":"b7f5a1c0-72ce-437a-847a-7086b4bc0ed2","local_time":"20190224185734","is_ascension_mode":true,"campfire_choices":[{"floor":8,"key":"REST"},{"floor":15,"key":"REST"},{"floor":23,"key":"REST"},{"floor":25,"key":"REST"}],"neow_cost":"NONE","seed_source_timestamp":70310678558300,"circlet_count":0,"master_deck":["Strike_B+1","Strike_B","Defend_B","Defend_B","Defend_B","Defend_B","Zap","Dualcast","Darkness","Sunder+1","Turbo","Leap","Defragment+1","Redo","Undo","Darkness","Amplify","White Noise","Hologram","Creative AI+1","Conserve Battery+1","All For One","Doom and Gloom","Turbo+1","Seek","Hologram","Chill"],"relics":["FrozenCore","Dream Catcher","Frozen Egg 2","WarpedTongs","Darkstone Periapt","Whetstone","SsserpentHead","Runic Capacitor","Shovel"],"potions_floor_usage":[6,11,18],"damage_taken":[{"damage":0,"enemies":"Cultist","floor":1,"turns":3},{"damage":11,"enemies":"Jaw Worm","floor":5,"turns":3},{"damage":36,"enemies":"Lagavulin","floor":6,"turns":7},{"damage":1,"enemies":"2 Louse","floor":10,"turns":2},{"damage":9,"enemies":"Exordium Thugs","floor":11,"turns":4},{"damage":12,"enemies":"2 Fungi Beasts","floor":12,"turns":2},{"damage":1,"enemies":"Large Slime","floor":14,"turns":5},{"damage":10,"enemies":"The Guardian","floor":16,"turns":10},{"damage":9,"enemies":"2 Thieves","floor":18,"turns":5},{"damage":0,"enemies":"Spheric Guardian","floor":22,"turns":4},{"damage":8,"enemies":"Snake Plant","floor":24,"turns":5},{"damage":87,"enemies":"Gremlin Leader","floor":27,"turns":6}],"seed_played":"3827803366825736889","potions_obtained":[{"floor":5,"key":"FocusPotion"},{"floor":10,"key":"Weak Potion"},{"floor":14,"key":"Fire Potion"},{"floor":22,"key":"GamblersBrew"}],"is_trial":false,"path_per_floor":["M","?","$","?","M","E","$","R","T","M","M","M","?","M","R","B",null,"M","?","$","?","M","R","M","R","T","E"],"character_chosen":"DEFECT","items_purchased":["Sunder","Turbo","Redo","Runic Capacitor"],"campfire_rested":4,"item_purchase_floors":[3,3,7,20],"current_hp_per_floor":[68,50,50,50,39,3,3,25,25,24,15,3,3,2,24,14,60,51,51,51,51,51,73,65,75,75,0],"gold":128,"neow_bonus":"RANDOM_COMMON_RELIC","is_prod":false,"is_daily":false,"chose_seed":false,"campfire_upgraded":0,"win_rate":0,"timestamp":1551031054,"path_taken":["M","?","$","?","?","E","$","R","T","M","M","M","?","M","R","BOSS","M","?","?","?","M","R","M","R","T","E"],"build_version":"2019-01-23","purchased_purges":0,"victory":false,"max_hp_per_floor":[75,75,75,75,75,75,75,75,75,75,75,75,75,75,75,75,75,75,75,75,75,75,75,75,75,75,75],"card_choices":[{"not_picked":["Hologram","Barrage"],"picked":"Darkness","floor":1},{"not_picked":["Rebound","Skim"],"picked":"Leap","floor":5},{"not_picked":["White Noise","Go for the Eyes"],"picked":"Defragment+1","floor":6},{"not_picked":["Multi-Cast","Steam Power"],"picked":"Undo","floor":8},{"not_picked":["Cold Snap","Hologram","Steam"],"picked":"SKIP","floor":10},{"not_picked":["Capacitor+1","Streamline"],"picked":"Darkness","floor":11},{"not_picked":["Rebound","Coolheaded"],"picked":"Amplify","floor":12},{"not_picked":["Go for the Eyes","Force Field"],"picked":"White Noise","floor":14},{"not_picked":["Capacitor+1","Go for the Eyes"],"picked":"Hologram","floor":15},{"not_picked":["All For One","Biased Cognition+1"],"picked":"Creative AI+1","floor":16},{"not_picked":["Steam","Cold Snap"],"picked":"Conserve Battery+1","floor":18},{"not_picked":["Cold Snap+1","Rebound"],"picked":"Turbo+1","floor":22},{"not_picked":["Hologram+1","Coolheaded"],"picked":"Seek","floor":23},{"not_picked":["Go for the Eyes","Conserve Battery"],"picked":"Hologram","floor":24},{"not_picked":["Leap","Cold Snap+1"],"picked":"Chill","floor":25}],"player_experience":1433332,"relics_obtained":[{"floor":6,"key":"Darkstone Periapt"},{"floor":9,"key":"Whetstone"},{"floor":26,"key":"Shovel"}],"event_choices":[{"damage_healed":0,"gold_gain":0,"player_choice":"Success","damage_taken":18,"relics_obtained":["Frozen Egg 2"],"max_hp_gain":0,"max_hp_loss":0,"event_name":"Scrap Ooze","floor":2,"gold_loss":0},{"damage_healed":0,"gold_gain":0,"player_choice":"Rummage","damage_taken":0,"relics_obtained":["WarpedTongs"],"max_hp_gain":0,"max_hp_loss":0,"event_name":"Accursed Blacksmith","floor":4,"gold_loss":0,"cards_obtained":["Pain"]},{"cards_removed":["Pain"],"damage_healed":0,"gold_gain":0,"player_choice":"Forget","damage_taken":0,"max_hp_gain":0,"max_hp_loss":0,"event_name":"Living Wall","floor":13,"gold_loss":0},{"damage_healed":0,"gold_gain":0,"player_choice":"Trade","damage_taken":0,"relics_obtained":["SsserpentHead"],"max_hp_gain":0,"max_hp_loss":0,"event_name":"FaceTrader","floor":19,"gold_loss":0},{"damage_healed":0,"gold_gain":0,"cards_transformed":["Strike_B","Strike_B"],"player_choice":"Became Test Subject","damage_taken":0,"max_hp_gain":0,"max_hp_loss":0,"event_name":"Drug Dealer","floor":21,"gold_loss":0,"cards_obtained":["All For One","Doom and Gloom"]}],"is_beta":false,"boss_relics":[{"not_picked":["Eternal Feather","Black Star"],"picked":"FrozenCore"}],"items_purged_floors":[],"is_endless":false,"potions_floor_spawned":[5,10,14,22],"killed_by":"Gremlin Leader","ascension_level":9}