{"gold_per_floor":[114,114,129,129,129,129,189,189,189,204,204,219,234,249,249,349,349,349,349,123,93,93,93,93,93,93,93,93,93,93,93,93,93,93,93,93,93,93,0,0,0,0,0,0,0,0,0,0,0,0],"floor_reached":50,"playtime":2428,"items_purged":[],"score":734,"play_id":"d98c1468-18a0-41b0-adb1-3c3b796defd2","local_time":"20190219204131","daily_mods":["Insanity","Hoarder","Binary"],"is_ascension_mode":false,"campfire_choices":[{"data":"Dash","floor":6,"key":"SMITH"},{"data":"Backstab","floor":8,"key":"SMITH"},{"data":"Dagger Spray","floor":11,"key":"SMITH"},{"data":"Noxious Fumes","floor":15,"key":"SMITH"},{"floor":24,"key":"REST"},{"floor":28,"key":"REST"},{"floor":30,"key":"REST"},{"floor":32,"key":"REST"},{"floor":40,"key":"REST"},{"floor":42,"key":"REST"},{"floor":49,"key":"REST"}],"neow_cost":"","seed_source_timestamp":0,"circlet_count":0,"master_deck":["Slice","Dagger Throw","Underhanded Strike","All Out Attack","Poisoned Stab","Dodge and Roll","Cloak And Dagger","Flying Knee","Sucker Punch","Dodge and Roll","Dagger Spray","Bane","Outmaneuver","Infinite Blades","Cloak And Dagger","Cloak And Dagger","Backflip+1","Riddle With Holes","Cloak And Dagger","Dodge and Roll","Bane","Prepared","Predator","Flying Knee","Outmaneuver","Caltrops","Underhanded Strike","Outmaneuver","Endless Agony","Backstab+1","Deadly Poison","Dash+1","Underhanded Strike","Cloak And Dagger","Setup","Deflect","Tactician","Underhanded Strike","Bouncing Flask","Leg Sweep","Cloak And Dagger","Outmaneuver","Riddle With Holes","Backflip","PiercingWail","Finisher","Cloak And Dagger","Dagger Spray+1","Choke","Expertise","Terror","Terror","Terror","Noxious Fumes","Noxious Fumes+1","Noxious Fumes+1","Tools of the Trade","Tools of the Trade","Tools of the Trade","Escape Plan","Escape Plan","Escape Plan","PiercingWail+1","PiercingWail+1","PiercingWail+1","Well Laid Plans","Well Laid Plans","Well Laid Plans","Blur+1","Blur","Blur","Slice+1","Slice+1","Slice+1","Doppelganger","Doppelganger","Doppelganger+1","Dagger Spray+1","Dagger Spray+1","Dagger Spray+1","Backflip+1","Backflip+1","Backflip+1","Accuracy+1","Accuracy+1","Accuracy+1","Night Terror","Night Terror","Night Terror"],"special_seed":17947,"relics":["Ring of the Snake","Darkstone Periapt","Tiny Chest","Bottled Flame","Ectoplasm","Bronze Scales","Mercury Hourglass","Potion Belt","Mango","Fusion Hammer","Red Mask","Ninja Scroll","War Paint"],"potions_floor_usage":[16,16,27,33,33,33,48,50],"damage_taken":[{"damage":0,"enemies":"2 Louse","floor":1,"turns":2},{"damage":4,"enemies":"Small Slimes","floor":3,"turns":2},{"damage":12,"enemies":"3 Sentries","floor":7,"turns":6},{"damage":0,"enemies":"Jaw Worm","floor":10,"turns":2},{"damage":2,"enemies":"Blue Slaver","floor":12,"turns":3},{"damage":0,"enemies":"Lots of Slimes","floor":13,"turns":1},{"damage":6,"enemies":"Exordium Wildlife","floor":14,"turns":3},{"damage":37,"enemies":"The Guardian","floor":16,"turns":8},{"damage":5,"enemies":"3 Byrds","floor":18,"turns":5},{"damage":3,"enemies":"2 Thieves","floor":21,"turns":3},{"damage":4,"enemies":"Snake Plant","floor":22,"turns":3},{"damage":39,"enemies":"Book of Stabbing","floor":23,"turns":5},{"damage":0,"enemies":"Snecko","floor":25,"turns":6},{"damage":12,"enemies":"Slavers","floor":27,"turns":4},{"damage":14,"enemies":"Sentry and Sphere","floor":29,"turns":5},{"damage":53,"enemies":"Collector","floor":33,"turns":9},{"damage":11,"enemies":"3 Shapes","floor":35,"turns":4},{"damage":0,"enemies":"Orb Walker","floor":38,"turns":3},{"damage":45,"enemies":"Transient","floor":41,"turns":5},{"damage":23,"enemies":"3 Darklings","floor":46,"turns":4},{"damage":26,"enemies":"Spire Growth","floor":47,"turns":4},{"damage":18,"enemies":"Jaw Worm Horde","floor":48,"turns":4},{"damage":46,"enemies":"Time Eater","floor":50,"turns":3}],"seed_played":"1081760636794799279","potions_obtained":[{"floor":7,"key":"Explosive Potion"},{"floor":12,"key":"PowerPotion"},{"floor":13,"key":"Energy Potion"},{"floor":16,"key":"SkillPotion"},{"floor":22,"key":"Block Potion"},{"floor":27,"key":"SteroidPotion"},{"floor":35,"key":"SkillPotion"},{"floor":48,"key":"Energy Potion"}],"is_trial":false,"path_per_floor":["M","?","M","?","$","R","E","R","T","M","R","M","M","M","R","B",null,"M","?","$","M","M","E","R","M","T","E","R","M","R","?","R","B",null,"M","?","$","M","?","R","M","R","T","T","?","M","M","M","R","B"],"character_chosen":"THE_SILENT","items_purchased":["Bronze Scales","Escape Plan"],"campfire_rested":7,"item_purchase_floors":[20,20],"current_hp_per_floor":[70,76,72,72,72,72,60,60,60,60,60,58,58,52,52,15,76,71,71,71,68,64,25,47,47,47,49,76,62,89,71,95,42,95,84,84,84,84,84,95,50,78,78,78,78,55,29,11,39,0],"gold":0,"neow_bonus":"","is_prod":false,"is_daily":true,"chose_seed":false,"campfire_upgraded":4,"win_rate":0,"timestamp":1550637691,"path_taken":["M","?","M","?","$","R","E","R","T","M","R","M","M","?","R","BOSS","M","?","$","M","M","E","R","?","T","E","R","M","R","?","R","BOSS","M","?","$","?","?","R","M","R","T","?","?","M","M","?","R","BOSS"],"build_version":"2019-01-23","purchased_purges":0,"victory":false,"max_hp_per_floor":[70,76,76,76,76,76,76,76,76,76,76,76,76,76,76,76,76,76,76,76,76,76,76,76,76,76,90,90,90,90,95,95,95,95,95,95,95,95,95,95,95,95,95,95,95,95,95,95,95,95],"card_choices":[{"not_picked":["Outmaneuver","Prepared"],"picked":"SKIP","floor":1},{"not_picked":["Bane","Dagger Spray"],"picked":"SKIP","floor":3},{"not_picked":["Infinite Blades","Quick Slash"],"picked":"SKIP","floor":7},{"not_picked":["Dodge and Roll","Deadly Poison"],"picked":"SKIP","floor":10},{"not_picked":["Prepared","Backflip"],"picked":"SKIP","floor":12},{"not_picked":["Bouncing Flask"],"picked":"Terror","floor":13},{"not_picked":["Dagger Spray"],"picked":"Noxious Fumes","floor":14},{"not_picked":["Grand Finale"],"picked":"Tools of the Trade","floor":16},{"not_picked":["Flechettes","Backflip"],"picked":"SKIP","floor":18},{"not_picked":["Setup+1"],"picked":"PiercingWail+1","floor":21},{"not_picked":["Deadly Poison"],"picked":"Well Laid Plans","floor":22},{"not_picked":["Blade Dance"],"picked":"Blur","floor":23},{"not_picked":["Dagger Spray","Concentrate"],"picked":"SKIP","floor":25},{"not_picked":["Riddle With Holes"],"picked":"Slice+1","floor":27},{"not_picked":["Heel Hook","Concentrate"],"picked":"SKIP","floor":29},{"not_picked":["Tools of the Trade"],"picked":"Doppelganger","floor":33},{"not_picked":["Cloak And Dagger"],"picked":"Dagger Spray+1","floor":35},{"not_picked":["Outmaneuver"],"picked":"Backflip+1","floor":38},{"not_picked":["Dagger Throw","Distraction"],"picked":"SKIP","floor":41},{"not_picked":["Quick Slash","Acrobatics"],"picked":"SKIP","floor":46},{"not_picked":["Flechettes"],"picked":"Accuracy+1","floor":47},{"not_picked":["Dagger Throw"],"picked":"Night Terror","floor":48}],"player_experience":256538,"relics_obtained":[{"floor":7,"key":"Tiny Chest"},{"floor":9,"key":"Bottled Flame"},{"floor":23,"key":"Mercury Hourglass"},{"floor":26,"key":"Potion Belt"},{"floor":27,"key":"Mango"},{"floor":43,"key":"Ninja Scroll"},{"floor":44,"key":"War Paint"}],"event_choices":[{"damage_healed":0,"gold_gain":0,"player_choice":"Box","damage_taken":0,"relics_obtained":["Darkstone Periapt"],"max_hp_gain":0,"max_hp_loss":0,"event_name":"Big Fish","floor":2,"gold_loss":0,"cards_obtained":["Regret"]},{"damage_healed":0,"gold_gain":0,"player_choice":"Ignored","damage_taken":0,"max_hp_gain":0,"max_hp_loss":0,"event_name":"Liars Game","floor":4,"gold_loss":0},{"damage_healed":0,"gold_gain":0,"player_choice":"Forge","damage_taken":0,"max_hp_gain":0,"max_hp_loss":0,"event_name":"Accursed Blacksmith","floor":19,"gold_loss":0,"cards_upgraded":["Noxious Fumes"]},{"damage_healed":0,"gold_gain":0,"player_choice":"Shed Blood","damage_taken":23,"max_hp_gain":5,"max_hp_loss":0,"event_name":"Forgotten Altar","floor":31,"gold_loss":0},{"cards_removed":["Regret","Regret","Regret"],"damage_healed":0,"gold_gain":0,"player_choice":"Removed Curses","damage_taken":0,"max_hp_gain":0,"max_hp_loss":0,"event_name":"Fountain of Cleansing","floor":36,"gold_loss":0},{"damage_healed":0,"gold_gain":0,"player_choice":"Paid","damage_taken":0,"relics_obtained":["Red Mask"],"max_hp_gain":0,"max_hp_loss":0,"event_name":"Tomb of Lord Red Mask","floor":39,"gold_loss":93},{"damage_healed":0,"gold_gain":0,"player_choice":"Upgraded","damage_taken":0,"max_hp_gain":0,"max_hp_loss":0,"event_name":"Upgrade Shrine","floor":45,"gold_loss":0,"cards_upgraded":["Blur"]}],"is_beta":false,"boss_relics":[{"not_picked":["Busted Crown","Ring of the Serpent"],"picked":"Ectoplasm"},{"not_picked":["Orrery","Snecko Eye"],"picked":"Fusion Hammer"}],"items_purged_floors":[],"is_endless":false,"potions_floor_spawned":[7,12,13,16,22,25,27,35,48],"killed_by":"Time Eater","ascension_level":0}