{"gold_per_floor":[116,134,84,58,75,75,109,124,148,148,158,158,184,184,184,289,289,307,307,320,320,334,334,366,366,366,89,105,105,124,140,140,236,236,255,267,267,283,294,322,322,322],"floor_reached":42,"playtime":2159,"items_purged":["Regret"],"score":460,"play_id":"27829562-b070-4eea-b2ed-9a75bba3f33e","local_time":"20190219215527","is_ascension_mode":false,"campfire_choices":[{"data":"Headbutt","floor":6,"key":"SMITH"},{"data":"Limit Break","floor":10,"key":"SMITH"},{"floor":12,"key":"REST"},{"floor":15,"key":"REST"},{"data":"Spot Weakness","floor":23,"key":"SMITH"},{"data":"Armaments","floor":25,"key":"SMITH"},{"floor":32,"key":"REST"},{"data":"Pummel","floor":41,"key":"SMITH"}],"neow_cost":"NONE","seed_source_timestamp":565266217527000,"circlet_count":0,"master_deck":["Strike_R+1","Strike_R+1","Strike_R+1","Strike_R+1","Defend_R+1","Defend_R+1","Defend_R+1","Defend_R+1","Bash","Pummel+1","Headbutt+1","Pommel Strike","Disarm","Limit Break+1","Shrug It Off","Rampage+1","Offering","Twin Strike","Infernal Blade","Spot Weakness+1","Armaments+1","Shrug It Off+1","Headbutt","Ghostly Armor","Reaper","Sword Boomerang+1","Metallicize+1"],"relics":["Burning Blood","Juzu Bracelet","Art of War","Pen Nib","Meat on the Bone","Sozu","Question Card","Blood Vial","Sling","Mark of Pain","PreservedInsect"],"potions_floor_usage":[24,42],"damage_taken":[{"damage":1,"enemies":"Cultist","floor":1,"turns":4},{"damage":0,"enemies":"Small Slimes","floor":2,"turns":3},{"damage":2,"enemies":"2 Louse","floor":5,"turns":3},{"damage":44,"enemies":"Lagavulin","floor":7,"turns":8},{"damage":0,"enemies":"Blue Slaver","floor":8,"turns":5},{"damage":21,"enemies":"Gremlin Gang","floor":11,"turns":6},{"damage":26,"enemies":"3 Sentries","floor":13,"turns":14},{"damage":58,"enemies":"Hexaghost","floor":16,"turns":12},{"damage":24,"enemies":"2 Thieves","floor":18,"turns":4},{"damage":22,"enemies":"Shell Parasite","floor":20,"turns":3},{"damage":14,"enemies":"Chosen and Byrds","floor":22,"turns":6},{"damage":23,"enemies":"Slavers","floor":24,"turns":4},{"damage":13,"enemies":"Snake Plant","floor":28,"turns":3},{"damage":4,"enemies":"Cultist and Chosen","floor":30,"turns":5},{"damage":21,"enemies":"Snecko","floor":31,"turns":4},{"damage":49,"enemies":"Collector","floor":33,"turns":4},{"damage":0,"enemies":"Orb Walker","floor":35,"turns":3},{"damage":34,"enemies":"3 Darklings","floor":36,"turns":4},{"damage":50,"enemies":"Spire Growth","floor":38,"turns":5},{"damage":5,"enemies":"Jaw Worm Horde","floor":39,"turns":4},{"damage":24,"enemies":"Nemesis","floor":40,"turns":5},{"damage":70,"enemies":"2 Orb Walkers","floor":42,"turns":6}],"seed_played":"-3063708063125876121","potions_obtained":[{"floor":2,"key":"Strength Potion"},{"floor":8,"key":"Energy Potion"},{"floor":13,"key":"Strength Potion"}],"is_trial":false,"path_per_floor":["M","M","?","$","M","R","E","M","T","R","M","R","E","?","R","B",null,"M","?","M","?","M","R","E","R","T","$","M","?","M","M","R","B",null,"M","M","?","M","M","E","R","?"],"character_chosen":"IRONCLAD","items_purchased":["Pommel Strike","Sling"],"campfire_rested":3,"item_purchase_floors":[4,27],"current_hp_per_floor":[88,88,88,88,88,88,50,56,56,56,41,67,47,47,73,33,88,70,70,54,54,58,58,53,53,53,53,60,60,64,51,77,48,88,88,84,84,72,75,59,59,0],"gold":322,"neow_bonus":"TEN_PERCENT_HP_BONUS","is_prod":false,"is_daily":false,"chose_seed":false,"campfire_upgraded":5,"win_rate":0,"timestamp":1550642127,"path_taken":["M","M","?","$","M","R","E","M","T","R","M","R","E","?","R","BOSS","M","?","M","?","M","R","E","R","T","$","M","?","M","M","R","BOSS","M","M","?","M","M","E","R","?"],"build_version":"2019-01-23","purchased_purges":1,"victory":false,"max_hp_per_floor":[88,88,88,88,88,88,88,88,88,88,88,88,88,88,88,88,88,88,88,88,88,88,88,88,88,88,88,88,88,88,88,88,88,88,88,88,88,88,88,88,88,88],"card_choices":[{"not_picked":["Heavy Blade","Power Through"],"picked":"Pummel","floor":1},{"not_picked":["Dropkick","Flex"],"picked":"Headbutt","floor":2},{"not_picked":["Clothesline","Cleave","Sentinel"],"picked":"SKIP","floor":5},{"not_picked":["Thunderclap","Clothesline"],"picked":"Disarm","floor":7},{"not_picked":["Headbutt","Dual Wield"],"picked":"Limit Break","floor":8},{"not_picked":["Sever Soul","Headbutt"],"picked":"Shrug It Off","floor":11},{"not_picked":["Thunderclap","True Grit"],"picked":"Rampage","floor":13},{"not_picked":["Dark Embrace","Limit Break"],"picked":"Offering","floor":16},{"not_picked":["True Grit","Sword Boomerang"],"picked":"Twin Strike","floor":18},{"not_picked":["Body Slam+1","Clothesline"],"picked":"Infernal Blade","floor":20},{"not_picked":["Wild Strike","Sentinel"],"picked":"Spot Weakness","floor":22},{"not_picked":["Evolve","Havoc"],"picked":"Armaments","floor":24},{"not_picked":["Warcry","Armaments","Feel No Pain"],"picked":"Shrug It Off+1","floor":28},{"not_picked":["Havoc+1","Thunderclap","Iron Wave"],"picked":"Headbutt","floor":30},{"not_picked":["Blood for Blood","Havoc","Twin Strike"],"picked":"Ghostly Armor","floor":31},{"not_picked":["Juggernaut","Offering","Berserk"],"picked":"Reaper","floor":33},{"not_picked":["Feel No Pain","Thunderclap","Iron Wave","Wild Strike"],"picked":"SKIP","floor":35},{"not_picked":["Anger","Headbutt","Clothesline+1","Combust+1"],"picked":"SKIP","floor":36},{"not_picked":["Evolve+1","Uppercut","Rampage+1"],"picked":"Sword Boomerang+1","floor":38},{"not_picked":["Clothesline","Body Slam+1","Wild Strike+1"],"picked":"Metallicize+1","floor":39},{"not_picked":["Ghostly Armor+1","Reckless Charge","Limit Break","Bloodletting"],"picked":"SKIP","floor":40}],"player_experience":203170,"relics_obtained":[{"floor":7,"key":"Juzu Bracelet"},{"floor":9,"key":"Art of War"},{"floor":13,"key":"Pen Nib"},{"floor":24,"key":"Question Card"},{"floor":26,"key":"Blood Vial"},{"floor":40,"key":"PreservedInsect"}],"event_choices":[{"cards_removed":["Strike_R"],"damage_healed":0,"gold_gain":0,"player_choice":"Card Removal","damage_taken":0,"max_hp_gain":0,"max_hp_loss":0,"event_name":"The Cleric","floor":3,"gold_loss":50},{"damage_healed":0,"gold_gain":0,"player_choice":"Box","damage_taken":0,"relics_obtained":["Meat on the Bone"],"max_hp_gain":0,"max_hp_loss":0,"event_name":"Big Fish","floor":14,"gold_loss":0,"cards_obtained":["Regret"]},{"damage_healed":0,"gold_gain":0,"player_choice":"Simplicity","damage_taken":0,"max_hp_gain":0,"max_hp_loss":0,"event_name":"Back to Basics","floor":19,"gold_loss":0,"cards_upgraded":["Strike_R","Strike_R","Strike_R","Strike_R","Defend_R","Defend_R","Defend_R","Defend_R"]},{"damage_healed":0,"gold_gain":0,"player_choice":"Upgraded","damage_taken":0,"max_hp_gain":0,"max_hp_loss":0,"event_name":"Upgrade Shrine","floor":21,"gold_loss":0,"cards_upgraded":["Rampage"]},{"damage_healed":0,"gold_gain":0,"player_choice":"Ignored","damage_taken":0,"max_hp_gain":0,"max_hp_loss":0,"event_name":"Ghosts","floor":29,"gold_loss":0},{"damage_healed":0,"gold_gain":0,"player_choice":"Got Potions","damage_taken":0,"max_hp_gain":0,"max_hp_loss":0,"event_name":"Lab","floor":37,"gold_loss":0},{"damage_healed":0,"gold_gain":0,"player_choice":"Fight","damage_taken":0,"max_hp_gain":0,"max_hp_loss":0,"event_name":"Mysterious Sphere","floor":42,"gold_loss":0}],"is_beta":false,"boss_relics":[{"not_picked":["Lizard Tail","Velvet Choker"],"picked":"Sozu"},{"not_picked":["Runic Dome","Snecko Eye"],"picked":"Mark of Pain"}],"items_purged_floors":[27],"is_endless":false,"potions_floor_spawned":[2,8,13,18,24,28,33,35,36],"killed_by":"2 Orb Walkers","ascension_level":0}