{"gold_per_floor":[117,46,46,46,0,34,34,49,73,73,113,149,169,193,193,193],"floor_reached":16,"playtime":710,"items_purged":[],"score":187,"play_id":"8e07cf43-38bf-4180-a5c6-0c50538ca8a7","local_time":"20190306151604","is_ascension_mode":true,"campfire_choices":[{"floor":10,"key":"REST"},{"data":"Body Slam","floor":15,"key":"SMITH"}],"neow_cost":"PERCENT_DAMAGE","seed_source_timestamp":90449637575600,"circlet_count":0,"master_deck":["AscendersBane","Strike_R","Strike_R","Strike_R","Strike_R","Strike_R","Defend_R","Defend_R","Defend_R","Defend_R","Bash","Power Through","Inflame","Body Slam","Power Through","Injury","Shrug It Off","Inflame","Evolve","Cleave","Body Slam+1"],"relics":["Burning Blood","PreservedInsect","Paper Frog","Golden Idol","Blood Vial","Anchor","Odd Mushroom"],"potions_floor_usage":[6,8,16],"damage_taken":[{"damage":23,"enemies":"Jaw Worm","floor":1,"turns":5},{"damage":8,"enemies":"Lagavulin","floor":6,"turns":7},{"damage":2,"enemies":"Small Slimes","floor":8,"turns":4},{"damage":16,"enemies":"Gremlin Nob","floor":11,"turns":4},{"damage":30,"enemies":"The Mushroom Lair","floor":12,"turns":5},{"damage":1,"enemies":"2 Louse","floor":13,"turns":3},{"damage":12,"enemies":"Exordium Wildlife","floor":14,"turns":5},{"damage":61,"enemies":"Slime Boss","floor":16,"turns":11}],"seed_played":"-8449978823106193895","potions_obtained":[{"floor":1,"key":"Block Potion"},{"floor":6,"key":"Explosive Potion"},{"floor":13,"key":"Fruit Juice"}],"is_trial":false,"path_per_floor":["M","$","?","?","$","E","?","M","T","R","E","?","M","M","R","B"],"character_chosen":"IRONCLAD","items_purchased":["Inflame","Body Slam"],"campfire_rested":1,"item_purchase_floors":[2,5],"current_hp_per_floor":[50,50,38,43,43,41,41,45,45,75,67,45,52,48,48,0],"gold":193,"neow_bonus":"TWENTY_PERCENT_HP_BONUS","is_prod":false,"is_daily":false,"chose_seed":false,"campfire_upgraded":1,"win_rate":0,"timestamp":1551881764,"path_taken":["M","$","?","?","$","E","?","M","T","R","E","?","?","M","R","BOSS"],"build_version":"2019-01-23","purchased_purges":0,"victory":false,"max_hp_per_floor":[96,96,96,101,101,101,101,101,101,101,101,101,101,101,101,106],"card_choices":[{"not_picked":["Clash","Hemokinesis"],"picked":"Power Through","floor":1},{"not_picked":["Perfected Strike","Sentinel"],"picked":"Power Through","floor":6},{"not_picked":["Armaments","Berserk"],"picked":"Shrug It Off","floor":8},{"not_picked":["Blood for Blood","Twin Strike"],"picked":"Inflame","floor":11},{"not_picked":["Flex","Pommel Strike"],"picked":"Evolve","floor":12},{"not_picked":["Anger","Havoc"],"picked":"Cleave","floor":13},{"not_picked":["Corruption","Ghostly Armor"],"picked":"Body Slam","floor":14}],"player_experience":1451532,"relics_obtained":[{"floor":6,"key":"Paper Frog"},{"floor":9,"key":"Blood Vial"},{"floor":11,"key":"Anchor"},{"floor":12,"key":"Odd Mushroom"}],"event_choices":[{"damage_healed":0,"gold_gain":0,"player_choice":"Success","damage_taken":12,"relics_obtained":["PreservedInsect"],"max_hp_gain":0,"max_hp_loss":0,"event_name":"Scrap Ooze","floor":3,"gold_loss":0},{"damage_healed":0,"gold_gain":0,"player_choice":"Donut","damage_taken":0,"max_hp_gain":5,"max_hp_loss":0,"event_name":"Big Fish","floor":4,"gold_loss":0},{"damage_healed":0,"gold_gain":0,"player_choice":"Take Wound","damage_taken":0,"relics_obtained":["Golden Idol"],"max_hp_gain":0,"max_hp_loss":0,"event_name":"Golden Idol","floor":7,"gold_loss":0,"cards_obtained":["Injury"]},{"damage_healed":0,"gold_gain":0,"player_choice":"Fought Mushrooms","damage_taken":0,"max_hp_gain":0,"max_hp_loss":0,"event_name":"Mushrooms","floor":12,"gold_loss":0}],"is_beta":false,"boss_relics":[],"items_purged_floors":[],"is_endless":false,"potions_floor_spawned":[1,6,13],"killed_by":"Slime Boss","ascension_level":10}