{"gold_per_floor":[19,19,29,29,52,52,52,52,52,95,70,34,34,53,53,182,182,206,206,206,206,220,220,220],"floor_reached":24,"playtime":899,"items_purged":[],"score":288,"play_id":"f22671b0-ab0e-4041-90bb-8bb2d799fcd7","local_time":"20190406161251","is_ascension_mode":true,"campfire_choices":[{"data":"Bane","floor":6,"key":"SMITH"},{"data":"Well Laid Plans","floor":8,"key":"SMITH"},{"floor":13,"key":"REST"},{"floor":15,"key":"REST"},{"floor":23,"key":"REST"}],"neow_cost":"NO_GOLD","seed_source_timestamp":1055775301800,"circlet_count":0,"master_deck":["AscendersBane","Defend_G","Defend_G","Defend_G","Defend_G","Strike_G","Strike_G","Strike_G","Strike_G","Survivor","Neutralize","Bane","Well Laid Plans+1","Injury","Bane+1","Envenom","Poisoned Stab","Deadly Poison","Burst","Flying Knee+1","Dagger Throw"],"relics":["Ring of the Serpent","Bloody Idol","Bag of Preparation","Bottled Lightning","Paper Crane","Matryoshka"],"potions_floor_usage":[10,18],"damage_taken":[{"damage":1,"enemies":"2 Louse","floor":1,"turns":3},{"damage":0,"enemies":"Small Slimes","floor":3,"turns":3},{"damage":2,"enemies":"Jaw Worm","floor":5,"turns":4},{"damage":29,"enemies":"3 Sentries","floor":10,"turns":7},{"damage":0,"enemies":"3 Louse","floor":14,"turns":3},{"damage":33,"enemies":"Hexaghost","floor":16,"turns":8},{"damage":39,"enemies":"Spheric Guardian","floor":18,"turns":6},{"damage":26,"enemies":"Colosseum Slavers","floor":19,"turns":5},{"damage":0,"enemies":"Chosen","floor":22,"turns":4},{"damage":37,"enemies":"Book of Stabbing","floor":24,"turns":5}],"seed_played":"2192607707988325762","potions_obtained":[{"floor":3,"key":"Ancient Potion"},{"floor":5,"key":"AttackPotion"},{"floor":14,"key":"FairyPotion"},{"floor":16,"key":"Strength Potion"}],"is_trial":false,"path_per_floor":["M","?","M","?","M","R","T","R","T","E","$","?","R","M","R","B",null,"M","?","?","?","M","R","E"],"character_chosen":"THE_SILENT","items_purchased":["Poisoned Stab"],"campfire_rested":3,"item_purchase_floors":[11],"current_hp_per_floor":[62,62,62,62,60,60,60,60,60,31,31,31,52,52,70,37,62,23,7,7,7,12,33,0],"gold":220,"neow_bonus":"REMOVE_TWO","is_prod":false,"is_daily":false,"chose_seed":false,"campfire_upgraded":2,"win_rate":0,"timestamp":1554559971,"path_taken":["M","?","M","?","M","R","?","R","T","E","$","?","R","?","R","BOSS","M","?","?","?","M","R","E"],"build_version":"2019-01-23","purchased_purges":0,"victory":false,"max_hp_per_floor":[70,70,70,70,70,70,70,70,70,70,70,70,70,70,70,70,70,70,70,70,70,70,70,70],"card_choices":[{"not_picked":["Cloak And Dagger","Backflip"],"picked":"Bane","floor":1},{"not_picked":["Escape Plan","Deflect"],"picked":"Well Laid Plans","floor":3},{"not_picked":["Accuracy","Quick Slash"],"picked":"Bane","floor":5},{"not_picked":["Sucker Punch","Well Laid Plans"],"picked":"Envenom","floor":10},{"not_picked":["Cloak And Dagger","Blur"],"picked":"Deadly Poison","floor":14},{"not_picked":["Night Terror","Die Die Die"],"picked":"Burst","floor":16},{"not_picked":["Skewer","Setup"],"picked":"Flying Knee+1","floor":18},{"not_picked":["Expertise","Prepared"],"picked":"Dagger Throw","floor":22}],"player_experience":1607829,"relics_obtained":[{"floor":7,"key":"Bag of Preparation"},{"floor":9,"key":"Bottled Lightning"},{"floor":10,"key":"Paper Crane"}],"event_choices":[{"damage_healed":0,"gold_gain":0,"player_choice":"Ignored","damage_taken":0,"max_hp_gain":0,"max_hp_loss":0,"event_name":"Golden Wing","floor":2,"gold_loss":0},{"damage_healed":0,"gold_gain":0,"player_choice":"Take Wound","damage_taken":0,"relics_obtained":["Golden Idol"],"max_hp_gain":0,"max_hp_loss":0,"event_name":"Golden Idol","floor":4,"gold_loss":0,"cards_obtained":["Injury"]},{"damage_healed":0,"gold_gain":0,"player_choice":"Left Gold","damage_taken":0,"max_hp_gain":0,"max_hp_loss":0,"event_name":"World of Goop","floor":12,"gold_loss":36},{"damage_healed":0,"gold_gain":0,"player_choice":"Fight","damage_taken":0,"max_hp_gain":0,"max_hp_loss":0,"event_name":"Colosseum","floor":19,"gold_loss":0},{"damage_healed":0,"gold_gain":0,"player_choice":"Fled From Nobs","damage_taken":0,"max_hp_gain":0,"max_hp_loss":0,"event_name":"Colosseum","floor":19,"gold_loss":0},{"damage_healed":0,"gold_gain":0,"player_choice":"Gave Idol","damage_taken":0,"relics_obtained":["Bloody Idol"],"max_hp_gain":0,"max_hp_loss":0,"event_name":"Forgotten Altar","floor":20,"relics_lost":["Golden Idol"],"gold_loss":0},{"damage_healed":0,"gold_gain":0,"player_choice":"Opened","damage_taken":0,"relics_obtained":["Matryoshka"],"max_hp_gain":0,"max_hp_loss":0,"event_name":"The Mausoleum","floor":21,"gold_loss":0}],"is_beta":false,"boss_relics":[{"not_picked":["Runic Dome","Ectoplasm"],"picked":"Ring of the Serpent"}],"items_purged_floors":[],"is_endless":false,"potions_floor_spawned":[3,5,14,16],"killed_by":"Book of Stabbing","ascension_level":10}