{"gold_per_floor":[114,114,39,214,214,214,164,15,15,15,40,40,60,86,86,182,182,193,193,193,193,193,220,220,19,66,66,77,96,96,130,130,130],"floor_reached":33,"playtime":1232,"items_purged":["Strike_B"],"score":388,"play_id":"54b25f5e-3b01-4433-94fc-ed2cfe7a6c2c","local_time":"20181027223210","is_ascension_mode":true,"campfire_choices":[{"floor":6,"key":"REST"},{"data":"Loop","floor":15,"key":"SMITH"},{"data":"Buffer","floor":24,"key":"SMITH"},{"floor":27,"key":"REST"},{"floor":30,"key":"REST"},{"floor":32,"key":"REST"}],"neow_cost":"NONE","seed_source_timestamp":264253786692000,"circlet_count":0,"master_deck":["Strike_B+1","Defend_B","Defend_B+1","Defend_B","Zap","Dualcast","Compile Driver","Melter","Loop+1","Genetic Algorithm","Doom and Gloom","Buffer+1","Tempest+1","Hyperbeam","Redo","White Noise","Redo+1","Sunder","Consume+1"],"relics":["Cracked Core","DataDisk","Tiny Chest","Sundial","Bird Faced Urn","Turnip","Smiling Mask","Inserter","Omamori","Dodecahedron","Question Card","Singing Bowl","OrangePellets","Pen Nib","Gremlin Horn"],"potions_floor_usage":[2,11,11,16,23,31,33],"damage_taken":[{"damage":4,"enemies":"2 Louse","floor":1,"turns":2},{"damage":10,"enemies":"Gremlin Nob","floor":11,"turns":3},{"damage":0,"enemies":"Cultist","floor":13,"turns":3},{"damage":20,"enemies":"Lagavulin","floor":14,"turns":5},{"damage":12,"enemies":"The Guardian","floor":16,"turns":7},{"damage":22,"enemies":"Shell Parasite","floor":18,"turns":5},{"damage":0,"enemies":"Gremlin Leader","floor":23,"turns":7},{"damage":0,"enemies":"Spheric Guardian","floor":28,"turns":3},{"damage":24,"enemies":"Snake Plant","floor":29,"turns":4},{"damage":80,"enemies":"Slavers","floor":31,"turns":5},{"damage":70,"enemies":"Automaton","floor":33,"turns":6}],"seed_played":"2120052115448488704","potions_obtained":[{"floor":2,"key":"SneckoOil"},{"floor":2,"key":"Fruit Juice"},{"floor":2,"key":"LiquidBronze"},{"floor":14,"key":"Weak Potion"},{"floor":18,"key":"Energy Potion"},{"floor":23,"key":"Explosive Potion"},{"floor":31,"key":"LiquidBronze"}],"is_trial":false,"path_per_floor":["M","?","$","?","?","R","?","$","T","T","E","?","M","E","R","B",null,"M","T","T","?","T","E","R","$","T","R","M","M","R","E","R"],"character_chosen":"DEFECT","items_purchased":["Tiny Chest","Melter","OrangePellets"],"campfire_rested":4,"item_purchase_floors":[8,8,25],"current_hp_per_floor":[71,76,76,76,60,80,80,80,80,80,70,70,70,52,52,42,71,53,53,53,53,53,57,57,57,57,80,80,60,80,4,28,0],"gold":130,"neow_bonus":"RANDOM_COMMON_RELIC","is_prod":false,"is_daily":false,"chose_seed":false,"campfire_upgraded":2,"win_rate":0,"timestamp":1540672330,"path_taken":["M","?","$","?","?","R","?","?","T","?","E","?","?","E","R","BOSS","M","?","?","?","?","E","R","$","T","R","?","M","R","E","R","BOSS"],"build_version":"2018-10-25v2","purchased_purges":1,"victory":false,"max_hp_per_floor":[75,80,80,80,80,80,80,80,80,80,80,80,80,80,80,80,80,80,80,80,80,80,80,80,80,80,80,80,80,80,80,80,80],"card_choices":[{"not_picked":["Gash","Barrage"],"picked":"Compile Driver","floor":1},{"not_picked":["Leap","Fusion"],"picked":"Loop","floor":11},{"not_picked":["Cold Snap","Reprogram"],"picked":"Doom and Gloom","floor":13},{"not_picked":["Coolheaded","Stack","Reboot"],"picked":"SKIP","floor":14},{"not_picked":["Amplify","Core Surge"],"picked":"Buffer","floor":16},{"not_picked":["Redo","Beam Cell"],"picked":"Tempest+1","floor":18},{"not_picked":["Hologram","Steam","Aggregate"],"picked":"White Noise","floor":23},{"not_picked":["Glacier","Lockon","Streamline"],"picked":"Redo+1","floor":28},{"not_picked":["Reboot","Cold Snap","Rebound"],"picked":"Sunder","floor":29},{"not_picked":["Conserve Battery","Doom and Gloom","Beam Cell"],"picked":"Consume+1","floor":31}],"player_experience":788683,"relics_obtained":[{"floor":9,"key":"Sundial"},{"floor":10,"key":"Bird Faced Urn"},{"floor":11,"key":"Turnip"},{"floor":14,"key":"Smiling Mask"},{"floor":19,"key":"Omamori"},{"floor":20,"key":"Dodecahedron"},{"floor":22,"key":"Question Card"},{"floor":23,"key":"Singing Bowl"},{"floor":26,"key":"Pen Nib"},{"floor":31,"key":"Gremlin Horn"}],"event_choices":[{"damage_healed":0,"gold_gain":0,"player_choice":"Got Potions","damage_taken":0,"max_hp_gain":0,"max_hp_loss":0,"event_name":"The Lab","floor":2,"gold_loss":0},{"damage_healed":0,"gold_gain":175,"player_choice":"AGREE","damage_taken":0,"max_hp_gain":0,"max_hp_loss":0,"event_name":"Liars Game","floor":4,"gold_loss":0,"cards_obtained":["Doubt"]},{"damage_healed":0,"gold_gain":0,"player_choice":"Entered Light","damage_taken":16,"max_hp_gain":0,"max_hp_loss":0,"event_name":"Shining Light","floor":5,"gold_loss":0,"cards_upgraded":["Strike_B","Defend_B"]},{"cards_removed":["Doubt"],"damage_healed":0,"gold_gain":0,"player_choice":"Card Removal","damage_taken":0,"max_hp_gain":0,"max_hp_loss":0,"event_name":"The Cleric","floor":7,"gold_loss":50},{"damage_healed":0,"gold_gain":0,"cards_transformed":["Strike_B"],"player_choice":"Transformed","damage_taken":0,"max_hp_gain":0,"max_hp_loss":0,"event_name":"Transmorgrifier","floor":12,"gold_loss":0,"cards_obtained":["Genetic Algorithm"]},{"damage_healed":0,"gold_gain":0,"cards_transformed":["Strike_B","Defend_B"],"player_choice":"Became Test Subject","damage_taken":0,"max_hp_gain":0,"max_hp_loss":0,"event_name":"Drug Dealer","floor":21,"gold_loss":0,"cards_obtained":["Hyperbeam","Redo"]}],"is_beta":false,"boss_relics":[{"not_picked":["Black Star","Snecko Eye"],"picked":"Inserter"}],"items_purged_floors":[3],"is_endless":false,"potions_floor_spawned":[14,18,23,31],"killed_by":"Automaton","ascension_level":5}