{"gold_per_floor":[18,18,30,30,30,30,43,86,110,110,150,150,61,61,61,157,157,182,71,86,12,12,12,12,12,37,69,85,85,85,104,104,181,181,196,296,22,42,61,61],"floor_reached":40,"playtime":2154,"items_purged":["Strike_R"],"score":743,"play_id":"7db8dcfe-657d-4e12-97bc-3e5582fdaa97","local_time":"20190401222628","is_ascension_mode":true,"campfire_choices":[{"floor":6,"key":"REST"},{"floor":10,"key":"REST"},{"floor":15,"key":"REST"},{"floor":23,"key":"REST"},{"data":"Forethought","floor":25,"key":"SMITH"},{"floor":32,"key":"REST"}],"neow_cost":"NO_GOLD","seed_source_timestamp":523493620979500,"circlet_count":0,"master_deck":["AscendersBane","Strike_R","Strike_R","Strike_R","Defend_R","Defend_R","Defend_R","Defend_R","Bash","Rupture","Intimidate","Shrug It Off","Seeing Red+1","Spot Weakness","Forethought+1","Bludgeon","Shockwave+1","Blood for Blood","Metallicize","Dual Wield","Pommel Strike+1","Uppercut","Immolate","Seeing Red","Sword Boomerang","Sever Soul","Forethought","Flame Barrier"],"relics":["Burning Blood","Pen Nib","Bloody Idol","Bronze Scales","Orichalcum","Juzu Bracelet","Runic Cube","Regal Pillow","Gremlin Horn","Nilry\u0027s Codex","Runic Pyramid","Girya","Membership Card"],"potions_floor_usage":[8,11,18,33,33,38,39],"damage_taken":[{"damage":13,"enemies":"Jaw Worm","floor":1,"turns":4},{"damage":8,"enemies":"2 Louse","floor":3,"turns":5},{"damage":5,"enemies":"Cultist","floor":7,"turns":4},{"damage":57,"enemies":"Lagavulin","floor":8,"turns":9},{"damage":20,"enemies":"3 Sentries","floor":11,"turns":7},{"damage":56,"enemies":"Hexaghost","floor":16,"turns":11},{"damage":22,"enemies":"2 Thieves","floor":18,"turns":4},{"damage":25,"enemies":"Chosen","floor":20,"turns":5},{"damage":38,"enemies":"Book of Stabbing","floor":27,"turns":6},{"damage":4,"enemies":"Snecko","floor":28,"turns":3},{"damage":21,"enemies":"Centurion and Healer","floor":31,"turns":5},{"damage":60,"enemies":"Automaton","floor":33,"turns":7},{"damage":54,"enemies":"3 Darklings","floor":35,"turns":5},{"damage":6,"enemies":"Mind Bloom Boss Battle","floor":36,"turns":5},{"damage":16,"enemies":"Orb Walker","floor":38,"turns":4},{"damage":24,"enemies":"Spire Growth","floor":39,"turns":6},{"damage":27,"enemies":"Nemesis","floor":40,"turns":2}],"seed_played":"-6837560437997903393","potions_obtained":[{"floor":7,"key":"LiquidBronze"},{"floor":8,"key":"Strength Potion"},{"floor":16,"key":"LiquidBronze"},{"floor":27,"key":"SteroidPotion"},{"floor":31,"key":"Strength Potion"},{"floor":36,"key":"Poison Potion"},{"floor":38,"key":"GamblersBrew"}],"is_trial":false,"path_per_floor":["M","?","M","?","?","R","M","E","T","R","E","?","$","?","R","B",null,"M","$","M","$","?","R","?","R","T","E","M","?","?","M","R","B",null,"M","?","$","M","M","E"],"character_chosen":"IRONCLAD","items_purchased":["Forethought","Blood for Blood","Dual Wield","Membership Card","Sever Soul","Forethought"],"campfire_rested":5,"item_purchase_floors":[13,19,21,37,37,37],"current_hp_per_floor":[81,81,79,55,48,76,77,26,26,54,40,40,40,40,68,18,77,61,61,42,42,42,70,70,70,75,48,55,39,39,29,72,23,78,35,40,40,35,22,0],"gold":61,"neow_bonus":"TWENTY_PERCENT_HP_BONUS","is_prod":false,"is_daily":false,"chose_seed":false,"campfire_upgraded":1,"win_rate":0,"timestamp":1554150388,"path_taken":["M","?","M","?","?","R","M","E","T","R","E","?","?","?","R","BOSS","M","$","M","$","?","R","?","R","T","E","M","?","?","M","R","BOSS","M","?","$","M","M","E"],"build_version":"2019-01-23","purchased_purges":1,"victory":false,"max_hp_per_floor":[96,96,96,96,96,96,96,96,96,96,96,96,96,96,96,96,96,96,96,96,96,96,96,96,96,96,96,96,96,96,96,96,96,96,96,96,96,96,96,96],"card_choices":[{"not_picked":["Cleave","Reckless Charge"],"picked":"Rupture","floor":1},{"not_picked":["Havoc","Shrug It Off"],"picked":"Intimidate","floor":3},{"not_picked":["Warcry","Perfected Strike"],"picked":"Shrug It Off","floor":7},{"not_picked":["Clash","Warcry"],"picked":"Seeing Red","floor":8},{"not_picked":["Flex","Clash"],"picked":"Spot Weakness","floor":11},{"not_picked":["Dark Embrace","Berserk"],"picked":"Bludgeon","floor":16},{"not_picked":["Flex+1","True Grit"],"picked":"Shockwave+1","floor":18},{"not_picked":["Entrench+1","Inflame"],"picked":"Metallicize","floor":20},{"not_picked":["Disarm","Body Slam"],"picked":"Pommel Strike+1","floor":27},{"not_picked":["Ghostly Armor","Headbutt","Hemokinesis"],"picked":"SKIP","floor":28},{"not_picked":["Pommel Strike","Anger"],"picked":"Uppercut","floor":31},{"not_picked":["Feed","Impervious"],"picked":"Immolate","floor":33},{"not_picked":["Rupture","Warcry"],"picked":"Seeing Red","floor":35},{"not_picked":["Iron Wave+1","Clash"],"picked":"Sword Boomerang","floor":36},{"not_picked":["Disarm","Perfected Strike"],"picked":"Flame Barrier","floor":38},{"not_picked":["Brutality","Entrench","Iron Wave"],"picked":"SKIP","floor":39}],"player_experience":1587466,"relics_obtained":[{"floor":8,"key":"Bronze Scales"},{"floor":9,"key":"Orichalcum"},{"floor":11,"key":"Juzu Bracelet"},{"floor":26,"key":"Regal Pillow"},{"floor":27,"key":"Gremlin Horn"},{"floor":29,"key":"Nilry\u0027s Codex"},{"floor":36,"key":"Girya"}],"event_choices":[{"damage_healed":0,"gold_gain":0,"player_choice":"Box","damage_taken":0,"relics_obtained":["Pen Nib"],"max_hp_gain":0,"max_hp_loss":0,"event_name":"Big Fish","floor":2,"gold_loss":0,"cards_obtained":["Regret"]},{"damage_healed":0,"gold_gain":0,"player_choice":"Take Damage","damage_taken":24,"relics_obtained":["Golden Idol"],"max_hp_gain":0,"max_hp_loss":0,"event_name":"Golden Idol","floor":4,"gold_loss":0},{"cards_removed":["Regret"],"damage_healed":0,"gold_gain":0,"player_choice":"Card Removal","damage_taken":7,"max_hp_gain":0,"max_hp_loss":0,"event_name":"Golden Wing","floor":5,"gold_loss":0},{"damage_healed":0,"gold_gain":0,"player_choice":"Upgraded","damage_taken":0,"max_hp_gain":0,"max_hp_loss":0,"event_name":"Upgrade Shrine","floor":12,"gold_loss":0,"cards_upgraded":["Seeing Red"]},{"damage_healed":0,"gold_gain":0,"player_choice":"Ignored","damage_taken":0,"max_hp_gain":0,"max_hp_loss":0,"event_name":"Shining Light","floor":14,"gold_loss":0},{"damage_healed":0,"gold_gain":0,"player_choice":"Gave Idol","damage_taken":0,"relics_obtained":["Bloody Idol"],"max_hp_gain":0,"max_hp_loss":0,"event_name":"Forgotten Altar","floor":22,"relics_lost":["Golden Idol"],"gold_loss":0},{"cards_removed":["Strike_R"],"damage_healed":0,"gold_gain":0,"player_choice":"Elegance","damage_taken":0,"max_hp_gain":0,"max_hp_loss":0,"event_name":"Back to Basics","floor":24,"gold_loss":0},{"damage_healed":0,"gold_gain":0,"player_choice":"Obtained Book","damage_taken":16,"max_hp_gain":0,"max_hp_loss":0,"event_name":"Cursed Tome","floor":29,"gold_loss":0},{"damage_healed":0,"gold_gain":0,"player_choice":"Ignored","damage_taken":0,"max_hp_gain":0,"max_hp_loss":0,"event_name":"Vampires","floor":30,"gold_loss":0},{"damage_healed":0,"gold_gain":0,"player_choice":"Fight","damage_taken":0,"max_hp_gain":0,"max_hp_loss":0,"event_name":"MindBloom","floor":36,"gold_loss":0}],"is_beta":false,"boss_relics":[{"not_picked":["Eternal Feather","Astrolabe"],"picked":"Runic Cube"},{"not_picked":["Pandora\u0027s Box","Busted Crown"],"picked":"Runic Pyramid"}],"items_purged_floors":[19],"is_endless":false,"potions_floor_spawned":[7,8,16,27,31,36,38],"killed_by":"Nemesis","ascension_level":13}