{"gold_per_floor":[111,111,186,199,199,199,226,244,244,209,209,209,309,328,328,425,425,443,457,457,180,198,198],"floor_reached":23,"playtime":1211,"items_purged":["Regret"],"score":189,"play_id":"76cde222-bafd-446e-ad72-938adc0c3f9b","local_time":"20190224175752","is_ascension_mode":false,"campfire_choices":[{"data":"Cold Snap","floor":6,"key":"SMITH"},{"data":"Consume","floor":11,"key":"SMITH"},{"data":"Coolheaded","floor":15,"key":"SMITH"}],"neow_cost":"CURSE","seed_source_timestamp":292949960007200,"circlet_count":0,"master_deck":["Strike_B","Strike_B","Strike_B","Defend_B","Defend_B","Defend_B","Defend_B","Zap","Dualcast","Decay","Cold Snap+1","Biased Cognition","Hologram","Consume+1","Coolheaded+1","Machine Learning","Defragment","Defragment","Heatsinks"],"relics":["Cracked Core","StoneCalendar","Meat on the Bone","Lantern","Kunai","Ancient Tea Set","Cursed Key","DollysMirror"],"potions_floor_usage":[23,23],"damage_taken":[{"damage":0,"enemies":"2 Louse","floor":1,"turns":3},{"damage":1,"enemies":"Jaw Worm","floor":4,"turns":4},{"damage":22,"enemies":"Lagavulin","floor":7,"turns":7},{"damage":4,"enemies":"Small Slimes","floor":8,"turns":3},{"damage":2,"enemies":"Exordium Thugs","floor":14,"turns":4},{"damage":21,"enemies":"Slime Boss","floor":16,"turns":7},{"damage":10,"enemies":"Shell Parasite","floor":18,"turns":7},{"damage":33,"enemies":"3 Byrds","floor":19,"turns":7},{"damage":6,"enemies":"Sentry and Sphere","floor":22,"turns":6},{"damage":48,"enemies":"Gremlin Leader","floor":23,"turns":4}],"seed_played":"-2667617404123935432","potions_obtained":[{"floor":8,"key":"Block Potion"},{"floor":14,"key":"FearPotion"},{"floor":18,"key":"SkillPotion"}],"is_trial":false,"path_per_floor":["M","?","?","M","?","R","E","M","T","?","R","?","?","M","R","B",null,"M","M","?","$","M","E"],"character_chosen":"DEFECT","items_purchased":["DollysMirror"],"campfire_rested":0,"item_purchase_floors":[21],"current_hp_per_floor":[75,63,52,51,51,51,41,49,49,67,67,67,67,65,65,44,75,65,44,44,44,38,0],"gold":198,"neow_bonus":"ONE_RARE_RELIC","is_prod":false,"is_daily":false,"chose_seed":false,"campfire_upgraded":3,"win_rate":0,"timestamp":1551059872,"path_taken":["M","?","?","M","?","R","E","?","T","?","R","?","?","M","R","BOSS","M","M","?","$","M","E"],"build_version":"2019-01-23","purchased_purges":1,"victory":false,"max_hp_per_floor":[75,75,75,75,75,75,75,75,75,75,75,75,75,75,75,75,75,75,75,75,75,75,75],"card_choices":[{"not_picked":["Chill","Ball Lightning"],"picked":"Cold Snap","floor":1},{"not_picked":["Static Discharge","Sweeping Beam","Barrage"],"picked":"SKIP","floor":4},{"not_picked":["Multi-Cast","Barrage"],"picked":"Hologram","floor":7},{"not_picked":["Chill","Steam"],"picked":"Consume","floor":8},{"not_picked":["Compile Driver","Stack"],"picked":"Coolheaded","floor":14},{"not_picked":["Meteor Strike","Core Surge"],"picked":"Machine Learning","floor":16},{"not_picked":["Undo","Chaos","Recycle"],"picked":"SKIP","floor":18},{"not_picked":["Leap","Redo+1"],"picked":"Defragment","floor":19},{"not_picked":["Steam","Turbo"],"picked":"Heatsinks","floor":22}],"player_experience":228448,"relics_obtained":[{"floor":7,"key":"Lantern"},{"floor":9,"key":"Kunai"}],"event_choices":[{"damage_healed":0,"gold_gain":0,"player_choice":"Success","damage_taken":12,"relics_obtained":["Meat on the Bone"],"max_hp_gain":0,"max_hp_loss":0,"event_name":"Scrap Ooze","floor":2,"gold_loss":0},{"damage_healed":0,"gold_gain":75,"player_choice":"Gather Gold","damage_taken":11,"max_hp_gain":0,"max_hp_loss":0,"event_name":"World of Goop","floor":3,"gold_loss":0},{"damage_healed":0,"gold_gain":0,"cards_transformed":["Strike_B"],"player_choice":"Transformed","damage_taken":0,"max_hp_gain":0,"max_hp_loss":0,"event_name":"Transmorgrifier","floor":5,"gold_loss":0,"cards_obtained":["Biased Cognition"]},{"damage_healed":18,"gold_gain":0,"player_choice":"Healed","damage_taken":0,"max_hp_gain":0,"max_hp_loss":0,"event_name":"The Cleric","floor":10,"gold_loss":35},{"damage_healed":0,"gold_gain":0,"player_choice":"Box","damage_taken":0,"relics_obtained":["Ancient Tea Set"],"max_hp_gain":0,"max_hp_loss":0,"event_name":"Big Fish","floor":12,"gold_loss":0,"cards_obtained":["Regret"]},{"damage_healed":0,"gold_gain":100,"player_choice":"Pray","damage_taken":0,"max_hp_gain":0,"max_hp_loss":0,"event_name":"Golden Shrine","floor":13,"gold_loss":0},{"damage_healed":0,"gold_gain":0,"player_choice":"Ignored","damage_taken":0,"max_hp_gain":0,"max_hp_loss":0,"event_name":"Ghosts","floor":20,"gold_loss":0}],"is_beta":false,"boss_relics":[{"not_picked":["Fusion Hammer","Calling Bell"],"picked":"Cursed Key"}],"items_purged_floors":[21],"is_endless":false,"potions_floor_spawned":[8,14,18,22],"killed_by":"Gremlin Leader","ascension_level":0}