{"gold_per_floor":[112,112,18,18,37,66,79,107,107,137,137,150,150,230,230,331,331,347,53,53,53,68,68,68],"floor_reached":24,"playtime":1139,"items_purged":[],"score":356,"play_id":"6a0e1811-a38c-40af-9c3e-e01acf707ef5","local_time":"20190309105546","is_ascension_mode":true,"campfire_choices":[{"data":"Discovery","floor":11,"key":"SMITH"},{"data":"True Grit","floor":13,"key":"SMITH"},{"data":"Evolve","floor":15,"key":"SMITH"},{"floor":23,"key":"REST"}],"neow_cost":"NONE","seed_source_timestamp":130878874965800,"circlet_count":0,"master_deck":["AscendersBane","Strike_R","Strike_R","Strike_R","Strike_R","Strike_R","Defend_R","Defend_R","Defend_R","Defend_R","Bash","Flex","Feed","Discovery+1","Evolve+1","Rage","True Grit+1","Body Slam","Dark Embrace","Armaments+1","Immolate","Battle Trance+1","Flame Barrier+1","Seeing Red+1"],"relics":["Burning Blood","NeowsBlessing","Potion Belt","Toxic Egg 2","Lantern","Ancient Tea Set","Black Star","Blood Vial","Centennial Puzzle"],"potions_floor_usage":[8,10,12,16,22,24,24],"damage_taken":[{"damage":0,"enemies":"2 Louse","floor":1,"turns":1},{"damage":0,"enemies":"Cultist","floor":5,"turns":1},{"damage":0,"enemies":"Lagavulin","floor":6,"turns":2},{"damage":0,"enemies":"Small Slimes","floor":7,"turns":2},{"damage":16,"enemies":"Gremlin Nob","floor":8,"turns":4},{"damage":26,"enemies":"3 Sentries","floor":10,"turns":9},{"damage":8,"enemies":"Blue Slaver","floor":12,"turns":2},{"damage":36,"enemies":"Slime Boss","floor":16,"turns":10},{"damage":48,"enemies":"Spheric Guardian","floor":18,"turns":6},{"damage":13,"enemies":"3 Byrds","floor":22,"turns":5},{"damage":59,"enemies":"Gremlin Leader","floor":24,"turns":5}],"seed_played":"-9064275650725044555","potions_obtained":[{"floor":5,"key":"Fire Potion"},{"floor":6,"key":"LiquidBronze"},{"floor":10,"key":"SteroidPotion"},{"floor":12,"key":"FearPotion"},{"floor":16,"key":"Fire Potion"},{"floor":18,"key":"BloodPotion"},{"floor":22,"key":"PowerPotion"}],"is_trial":false,"path_per_floor":["M","?","$","$","M","E","M","E","T","E","R","M","R","?","R","B",null,"M","$","?","$","M","R","E"],"character_chosen":"IRONCLAD","items_purchased":["Discovery","Blood Vial","Battle Trance+1","Flame Barrier+1"],"campfire_rested":1,"item_purchase_floors":[3,19,19,19],"current_hp_per_floor":[78,78,78,78,80,80,83,73,73,56,56,54,54,54,54,24,71,29,29,29,29,24,49,0],"gold":68,"neow_bonus":"THREE_ENEMY_KILL","is_prod":false,"is_daily":false,"chose_seed":false,"campfire_upgraded":3,"win_rate":0,"timestamp":1552125346,"path_taken":["M","?","?","$","?","E","M","E","T","E","R","?","R","?","R","BOSS","M","$","?","$","M","R","E"],"build_version":"2019-01-23","purchased_purges":0,"victory":false,"max_hp_per_floor":[80,80,80,80,80,80,83,83,83,86,86,86,86,86,86,86,86,86,86,86,86,86,86,86],"card_choices":[{"not_picked":["Armaments","Second Wind"],"picked":"Flex","floor":1},{"not_picked":["Combust","Feel No Pain"],"picked":"Evolve","floor":5},{"not_picked":["Rampage","Body Slam"],"picked":"Rage","floor":6},{"not_picked":["Power Through","Anger"],"picked":"True Grit","floor":7},{"not_picked":["Shrug It Off","Power Through"],"picked":"Body Slam","floor":8},{"not_picked":["Wild Strike","Twin Strike"],"picked":"Dark Embrace","floor":10},{"not_picked":["Bloodletting+1","Thunderclap"],"picked":"Armaments+1","floor":12},{"not_picked":["Barricade","Impervious+1"],"picked":"Immolate","floor":16},{"not_picked":["Iron Wave+1","Second Wind+1","Perfected Strike+1"],"picked":"SKIP","floor":18},{"not_picked":["Rupture+1","Corruption+1"],"picked":"Seeing Red+1","floor":22}],"player_experience":1477089,"relics_obtained":[{"floor":6,"key":"Potion Belt"},{"floor":8,"key":"Toxic Egg 2"},{"floor":9,"key":"Lantern"},{"floor":10,"key":"Ancient Tea Set"}],"event_choices":[{"damage_healed":0,"gold_gain":0,"player_choice":"1 cards matched","damage_taken":0,"max_hp_gain":0,"max_hp_loss":0,"event_name":"Match and Keep!","floor":2,"gold_loss":0,"cards_obtained":["Feed"]},{"damage_healed":0,"gold_gain":80,"player_choice":"Gained Gold","damage_taken":0,"max_hp_gain":0,"max_hp_loss":0,"event_name":"Golden Wing","floor":14,"gold_loss":0},{"damage_healed":0,"gold_gain":0,"player_choice":"Opened","damage_taken":0,"relics_obtained":["Centennial Puzzle"],"max_hp_gain":0,"max_hp_loss":0,"event_name":"The Mausoleum","floor":20,"gold_loss":0}],"is_beta":false,"boss_relics":[{"not_picked":["Eternal Feather","Runic Cube"],"picked":"Black Star"}],"items_purged_floors":[],"is_endless":false,"potions_floor_spawned":[5,6,10,12,16,18,22],"killed_by":"Gremlin Leader","ascension_level":10}