{"gold_per_floor":[118,118,118,129,129,160,160,85,85,109,109,122,138,158,158,288,288,303,303,350,127,127,127,161,161,161,161,71,71,71,71],"floor_reached":31,"playtime":902,"items_purged":["Regret","Injury"],"score":461,"play_id":"b5972798-a616-464b-b7e4-1c6db5f75c1e","local_time":"20190324101032","is_ascension_mode":true,"campfire_choices":[{"data":"Catalyst","floor":7,"key":"SMITH"},{"floor":15,"key":"REST"},{"floor":23,"key":"REST"},{"floor":29,"key":"REST"}],"neow_cost":"NONE","seed_source_timestamp":334820758414400,"circlet_count":0,"master_deck":["AscendersBane","Defend_G","Defend_G","Defend_G","Defend_G","Defend_G","Strike_G","Strike_G","Strike_G","Survivor","Neutralize","Setup","Catalyst","Catalyst+1","Catalyst","Poisoned Stab","Flying Knee","Dagger Spray+1","Catalyst","Corpse Explosion","Deadly Poison","Calculated Gamble"],"relics":["Ring of the Serpent","NeowsBlessing","Bag of Marbles","Golden Idol","Blood Vial","Juzu Bracelet","Tiny Chest","Nilry\u0027s Codex","Omamori","Question Card","Blue Candle","Nloth\u0027s Gift"],"potions_floor_usage":[12,12,16,24,30],"damage_taken":[{"damage":0,"enemies":"Cultist","floor":1,"turns":1},{"damage":0,"enemies":"Jaw Worm","floor":4,"turns":1},{"damage":0,"enemies":"3 Sentries","floor":6,"turns":2},{"damage":2,"enemies":"2 Louse","floor":10,"turns":4},{"damage":11,"enemies":"Large Slime","floor":12,"turns":7},{"damage":26,"enemies":"Gremlin Gang","floor":13,"turns":11},{"damage":25,"enemies":"2 Fungi Beasts","floor":14,"turns":5},{"damage":2,"enemies":"The Guardian","floor":16,"turns":5},{"damage":0,"enemies":"3 Byrds","floor":18,"turns":2},{"damage":81,"enemies":"Book of Stabbing","floor":24,"turns":6},{"damage":23,"enemies":"Colosseum Slavers","floor":30,"turns":2},{"damage":12,"enemies":"Chosen","floor":31,"turns":1}],"seed_played":"-21019547308908733","potions_obtained":[{"floor":4,"key":"Explosive Potion"},{"floor":10,"key":"Fruit Juice"},{"floor":14,"key":"GamblersBrew"},{"floor":16,"key":"Fire Potion"},{"floor":24,"key":"AttackPotion"}],"is_trial":false,"path_per_floor":["M","?","?","M","?","E","R","$","T","M","?","M","M","M","R","B",null,"M","?","T","$","?","R","E","?","T","?","?","R","?","M"],"character_chosen":"THE_SILENT","items_purchased":["Tiny Chest"],"campfire_rested":3,"item_purchase_floors":[21],"current_hp_per_floor":[63,56,56,56,56,56,56,56,66,66,66,62,38,15,40,40,74,76,76,76,76,60,85,4,4,4,4,4,29,8,0],"gold":71,"neow_bonus":"THREE_ENEMY_KILL","is_prod":false,"is_daily":false,"chose_seed":false,"campfire_upgraded":1,"win_rate":0,"timestamp":1553418632,"path_taken":["M","?","?","?","?","E","R","$","T","M","?","M","?","M","R","BOSS","M","?","?","?","?","R","E","?","T","?","?","R","?","M"],"build_version":"2019-01-23","purchased_purges":2,"victory":false,"max_hp_per_floor":[70,70,70,70,70,70,70,70,80,80,80,85,85,85,85,85,85,85,85,85,85,85,85,85,85,85,85,85,85,85,85],"card_choices":[{"not_picked":["Dodge and Roll","Bane"],"picked":"Setup","floor":1},{"not_picked":["All Out Attack","Prepared"],"picked":"Catalyst","floor":4},{"not_picked":["Poisoned Stab","Skewer"],"picked":"Catalyst","floor":6},{"not_picked":["Flechettes","Outmaneuver"],"picked":"Catalyst","floor":10},{"not_picked":["PiercingWail","Quick Slash"],"picked":"Flying Knee","floor":12},{"not_picked":["Outmaneuver","Dagger Throw"],"picked":"Dagger Spray","floor":13},{"not_picked":["A Thousand Cuts","Setup"],"picked":"Catalyst","floor":14},{"not_picked":["Die Die Die","Tools of the Trade"],"picked":"Corpse Explosion","floor":16},{"not_picked":["Flying Knee","Slice"],"picked":"Deadly Poison","floor":18},{"not_picked":["Expertise","Dash"],"picked":"Calculated Gamble","floor":24}],"player_experience":1569678,"relics_obtained":[{"floor":6,"key":"Blood Vial"},{"floor":9,"key":"Pear"},{"floor":20,"key":"Juzu Bracelet"},{"floor":22,"key":"Nilry\u0027s Codex"},{"floor":24,"key":"Omamori"},{"floor":26,"key":"Blue Candle"}],"event_choices":[{"cards_removed":["Strike_G"],"damage_healed":0,"gold_gain":0,"player_choice":"Card Removal","damage_taken":7,"max_hp_gain":0,"max_hp_loss":0,"event_name":"Golden Wing","floor":2,"gold_loss":0},{"damage_healed":0,"gold_gain":0,"player_choice":"Box","damage_taken":0,"relics_obtained":["Bag of Marbles"],"max_hp_gain":0,"max_hp_loss":0,"event_name":"Big Fish","floor":3,"gold_loss":0,"cards_obtained":["Regret"]},{"damage_healed":0,"gold_gain":0,"player_choice":"Take Wound","damage_taken":0,"relics_obtained":["Golden Idol"],"max_hp_gain":0,"max_hp_loss":0,"event_name":"Golden Idol","floor":5,"gold_loss":0,"cards_obtained":["Injury"]},{"damage_healed":0,"gold_gain":0,"player_choice":"1 cards matched","damage_taken":0,"max_hp_gain":0,"max_hp_loss":0,"event_name":"Match and Keep!","floor":11,"gold_loss":0,"cards_obtained":["Poisoned Stab"]},{"damage_healed":0,"gold_gain":0,"player_choice":"Ignored","damage_taken":0,"max_hp_gain":0,"max_hp_loss":0,"event_name":"Ghosts","floor":19,"gold_loss":0},{"damage_healed":0,"gold_gain":0,"player_choice":"Obtained Book","damage_taken":16,"max_hp_gain":0,"max_hp_loss":0,"event_name":"Cursed Tome","floor":22,"gold_loss":0},{"damage_healed":0,"gold_gain":0,"player_choice":"Opened","damage_taken":0,"relics_obtained":["Question Card"],"max_hp_gain":0,"max_hp_loss":0,"event_name":"The Mausoleum","floor":25,"gold_loss":0,"cards_obtained":["Writhe"]},{"damage_healed":0,"gold_gain":0,"player_choice":"Traded Relic","damage_taken":0,"relics_obtained":["Nloth\u0027s Gift"],"max_hp_gain":0,"max_hp_loss":0,"event_name":"N\u0027loth","floor":27,"relics_lost":["Pear"],"gold_loss":0},{"cards_removed":["Strike_G"],"damage_healed":0,"gold_gain":0,"player_choice":"Upgrade and Remove","damage_taken":0,"max_hp_gain":0,"max_hp_loss":0,"event_name":"Designer","floor":28,"gold_loss":90,"cards_upgraded":["Dagger Spray"]},{"damage_healed":0,"gold_gain":0,"player_choice":"Fight","damage_taken":0,"max_hp_gain":0,"max_hp_loss":0,"event_name":"Colosseum","floor":30,"gold_loss":0},{"damage_healed":0,"gold_gain":0,"player_choice":"Fled From Nobs","damage_taken":0,"max_hp_gain":0,"max_hp_loss":0,"event_name":"Colosseum","floor":30,"gold_loss":0}],"is_beta":false,"boss_relics":[{"not_picked":["Velvet Choker","HoveringKite"],"picked":"Ring of the Serpent"}],"items_purged_floors":[8,21],"is_endless":false,"potions_floor_spawned":[4,10,14,16,24],"killed_by":"Chosen","ascension_level":10}