{"gold_per_floor":[213,226,226,226,35,67,67,96,148,161,161,180,253,270,270,371,371,388,39,51,12,12,42,55,85,108,108,108,141,141,154,154,154],"floor_reached":33,"playtime":2548,"items_purged":["Strike_R"],"score":375,"play_id":"123b0ad0-10b2-4af3-acca-9ed6244ff171","local_time":"20181006174643","is_ascension_mode":true,"campfire_choices":[{"floor":7,"key":"REST"},{"floor":15,"key":"REST"},{"floor":27,"key":"REST"},{"data":"Armaments","floor":32,"key":"SMITH"}],"neow_cost":"NONE","seed_source_timestamp":12909632325400,"circlet_count":0,"master_deck":["Strike_R","Strike_R","Strike_R","Strike_R","Defend_R","Defend_R","Defend_R","Defend_R","Bash","Rage+1","Corruption","Armaments+1","Seeing Red","Searing Blow","Thunderclap","Shrug It Off","Rampage","Reaper","Spot Weakness","Seeing Red","Clash+1","Flex","Battle Trance"],"relics":["Burning Blood","Centennial Puzzle","Omamori","Strawberry","Bag of Marbles","Smiling Mask","Spirit Poop","The Courier","Busted Crown","Kunai","PreservedInsect","Thread and Needle","Happy Flower","Regal Pillow","Vajra"],"potions_floor_usage":[8,16,16,16,24,25,33],"damage_taken":[{"damage":5,"enemies":"Cultist","floor":1,"turns":4},{"damage":4,"enemies":"Jaw Worm","floor":2,"turns":5},{"damage":60,"enemies":"Gremlin Nob","floor":6,"turns":6},{"damage":32,"enemies":"Lagavulin","floor":8,"turns":6},{"damage":5,"enemies":"2 Louse","floor":10,"turns":3},{"damage":11,"enemies":"Lots of Slimes","floor":12,"turns":2},{"damage":0,"enemies":"Large Slime","floor":14,"turns":4},{"damage":60,"enemies":"Hexaghost","floor":16,"turns":9},{"damage":44,"enemies":"3 Byrds","floor":18,"turns":8},{"damage":7,"enemies":"Spheric Guardian","floor":20,"turns":5},{"damage":30,"enemies":"Gremlin Leader","floor":23,"turns":5},{"damage":2,"enemies":"Snecko","floor":24,"turns":4},{"damage":56,"enemies":"Book of Stabbing","floor":25,"turns":6},{"damage":10,"enemies":"Gremlin Leader","floor":29,"turns":4},{"damage":0,"enemies":"Colosseum Slavers","floor":30,"turns":2},{"damage":15,"enemies":"Centurion and Healer","floor":31,"turns":6},{"damage":117,"enemies":"Champ","floor":33,"turns":12}],"seed_played":"6161003814839108477","potions_obtained":[{"floor":1,"key":"LiquidBronze"},{"floor":2,"key":"SteroidPotion"},{"floor":6,"key":"Poison Potion"},{"floor":14,"key":"BloodPotion"},{"floor":16,"key":"Regen Potion"},{"floor":20,"key":"Ancient Potion"},{"floor":23,"key":"SkillPotion"},{"floor":24,"key":"FearPotion"}],"is_trial":false,"path_per_floor":["M","M","?","?","$","E","R","E","T","M","?","M","T","M","R","B",null,"M","$","M","$","?","E","M","E","T","R","?","E","?","M","R"],"character_chosen":"IRONCLAD","items_purchased":["Omamori","Armaments","Spot Weakness","Kunai","Seeing Red","Flex"],"campfire_rested":3,"item_purchase_floors":[5,5,19,19,19,21],"current_hp_per_floor":[80,80,80,80,80,33,59,33,33,34,34,29,29,35,61,15,87,55,55,54,54,54,38,49,17,17,58,58,71,77,85,85,0],"gold":154,"neow_bonus":"HUNDRED_GOLD","is_prod":false,"is_daily":false,"chose_seed":false,"campfire_upgraded":1,"win_rate":0,"timestamp":1538840803,"path_taken":["M","M","?","?","$","E","R","E","T","M","?","?","?","M","R","BOSS","M","$","M","$","?","E","M","E","T","R","?","E","?","M","R","BOSS"],"build_version":"2018-10-04v2","purchased_purges":1,"victory":false,"max_hp_per_floor":[80,80,80,80,80,87,87,87,87,87,87,87,87,87,87,87,87,87,87,87,87,87,87,87,87,87,87,87,87,87,87,87,87],"card_choices":[{"not_picked":["Havoc","Warcry"],"picked":"Rage","floor":1},{"not_picked":["Shrug It Off","Wild Strike"],"picked":"Corruption","floor":2},{"not_picked":["Body Slam","Havoc"],"picked":"Seeing Red","floor":6},{"not_picked":["Entrench","Perfected Strike"],"picked":"Searing Blow","floor":8},{"not_picked":["Wild Strike","Perfected Strike"],"picked":"Thunderclap","floor":10},{"not_picked":["Twin Strike","Heavy Blade"],"picked":"Shrug It Off","floor":12},{"not_picked":["Pommel Strike","Disarm"],"picked":"Rampage","floor":14},{"not_picked":["Offering","Exhume"],"picked":"Reaper","floor":16},{"not_picked":["Perfected Strike"],"picked":"SKIP","floor":18},{"not_picked":[],"picked":"Clash+1","floor":20},{"not_picked":[],"picked":"Battle Trance","floor":23},{"not_picked":["Pommel Strike"],"picked":"SKIP","floor":24},{"not_picked":["Iron Wave"],"picked":"SKIP","floor":25},{"not_picked":["Perfected Strike"],"picked":"SKIP","floor":29},{"not_picked":["Clothesline"],"picked":"SKIP","floor":31}],"player_experience":563946,"relics_obtained":[{"floor":6,"key":"Strawberry"},{"floor":8,"key":"Bag of Marbles"},{"floor":9,"key":"Smiling Mask"},{"floor":13,"key":"The Courier"},{"floor":23,"key":"Thread and Needle"},{"floor":25,"key":"Happy Flower"},{"floor":26,"key":"Regal Pillow"},{"floor":29,"key":"Vajra"}],"event_choices":[{"event_name":"Upgrade Shrine","player_choice":"Upgraded","floor":3,"damage_taken":0},{"event_name":"Big Fish","player_choice":"Box","floor":4,"damage_taken":0},{"event_name":"Bonfire Elementals","player_choice":"CURSE","floor":11,"damage_taken":0},{"event_name":"The Mausoleum","player_choice":"Yes","floor":22,"damage_taken":0},{"event_name":"Vampires","player_choice":"Ignored","floor":28,"damage_taken":0},{"event_name":"Colosseum","player_choice":"Fight","floor":30,"damage_taken":0},{"event_name":"Colosseum","player_choice":"Fled From Nobs","floor":30,"damage_taken":0}],"is_beta":false,"boss_relics":[{"not_picked":["Tiny House","Sozu"],"picked":"Busted Crown"}],"items_purged_floors":[19],"is_endless":false,"potions_floor_spawned":[1,2,6,14,16,20,23,24,30],"killed_by":"Champ","ascension_level":4}