{"gold_per_floor":[119,194,194,213,104,104,104,116,116,116,148,148,158,58,58,58],"floor_reached":16,"playtime":731,"items_purged":["Strike_G","Strike_G"],"score":172,"play_id":"f964c0b3-46d8-435d-97d1-bbd9aac31c88","local_time":"20190503212713","is_ascension_mode":true,"campfire_choices":[{"floor":6,"key":"REST"},{"floor":10,"key":"REST"},{"data":"Expertise","floor":15,"key":"SMITH"}],"neow_cost":"PERCENT_DAMAGE","seed_source_timestamp":15147711809219,"circlet_count":0,"master_deck":["AscendersBane","Defend_G","Defend_G","Defend_G","Defend_G","Defend_G","Strike_G","Strike_G","Survivor","Neutralize","Grand Finale","Backflip","Expertise+1","Acrobatics","Predator"],"relics":["Ring of the Snake","Question Card","Unceasing Top"],"potions_floor_usage":[11],"damage_taken":[{"damage":2,"enemies":"Small Slimes","floor":1,"turns":4},{"damage":4,"enemies":"2 Louse","floor":4,"turns":4},{"damage":0,"enemies":"Jaw Worm","floor":8,"turns":2},{"damage":8,"enemies":"Gremlin Nob","floor":11,"turns":3},{"damage":0,"enemies":"Red Slaver","floor":13,"turns":2},{"damage":54,"enemies":"Hexaghost","floor":16,"turns":14}],"seed_played":"1401801787708118244","potions_obtained":[{"floor":4,"key":"Explosive Potion"},{"floor":8,"key":"Energy Potion"}],"is_trial":false,"path_per_floor":["M","?","?","M","$","R","?","M","T","R","E","?","M","$","R","B"],"character_chosen":"THE_SILENT","items_purchased":["Expertise"],"campfire_rested":2,"item_purchase_floors":[5],"current_hp_per_floor":[42,31,5,1,1,20,20,20,20,39,31,53,53,53,53,0],"gold":58,"neow_bonus":"THREE_RARE_CARDS","is_prod":false,"is_daily":false,"chose_seed":false,"campfire_upgraded":1,"win_rate":0,"timestamp":1556944033,"path_taken":["M","?","?","?","?","R","?","M","T","R","E","?","M","$","R","BOSS"],"build_version":"2019-01-23","purchased_purges":2,"victory":false,"max_hp_per_floor":[66,66,66,66,66,66,66,66,66,66,66,66,66,66,66,66],"card_choices":[{"not_picked":["Burst","Phantasmal Killer"],"picked":"Grand Finale","floor":0},{"not_picked":["Slice","Riddle With Holes","Bane"],"picked":"SKIP","floor":1},{"not_picked":["Concentrate","Slice"],"picked":"Backflip","floor":4},{"not_picked":["Cloak And Dagger","PiercingWail"],"picked":"Acrobatics","floor":8},{"not_picked":["Cloak And Dagger","Reflex","Deflect","Dagger Spray"],"picked":"SKIP","floor":11},{"not_picked":["Eviscerate","Expertise","Dagger Spray"],"picked":"Predator","floor":13}],"player_experience":1601713,"relics_obtained":[{"floor":9,"key":"Question Card"},{"floor":11,"key":"Unceasing Top"}],"event_choices":[{"damage_healed":0,"gold_gain":75,"player_choice":"Gather Gold","damage_taken":11,"max_hp_gain":0,"max_hp_loss":0,"event_name":"World of Goop","floor":2,"gold_loss":0},{"damage_healed":0,"gold_gain":0,"player_choice":"Fled","damage_taken":26,"max_hp_gain":0,"max_hp_loss":0,"event_name":"Scrap Ooze","floor":3,"gold_loss":0},{"cards_removed":["Strike_G"],"damage_healed":0,"gold_gain":0,"player_choice":"Forget","damage_taken":0,"max_hp_gain":0,"max_hp_loss":0,"event_name":"Living Wall","floor":7,"gold_loss":0},{"damage_healed":22,"gold_gain":0,"player_choice":"Banana","damage_taken":0,"max_hp_gain":0,"max_hp_loss":0,"event_name":"Big Fish","floor":12,"gold_loss":0}],"is_beta":false,"boss_relics":[],"items_purged_floors":[5,14],"is_endless":false,"potions_floor_spawned":[4,8],"killed_by":"Hexaghost","ascension_level":15}