{"path_per_floor":["M","?","M","?","M","E","M","E","T","R","$","M","R","M","R","B",null,"M","M","$","$","?","R","E","R","T"],"character_chosen":"IRONCLAD","items_purchased":["Oddly Smooth Stone","Shuriken","Ice Cream","Whirlwind","Metallicize"],"gold_per_floor":[144,94,139,139,184,274,319,409,409,409,9,45,45,90,90,390,390,435,480,144,73,73,73,163,163,213,213],"floor_reached":27,"campfire_rested":5,"playtime":1429,"current_hp_per_floor":[80,80,80,80,80,34,31,23,23,47,47,35,59,59,84,45,86,85,58,58,58,86,86,20,45,47,0],"items_purged":[],"gold":213,"score":241,"play_id":"dd7d6332-a69d-487b-a748-d0f58fcb8db9","local_time":"20180401153625","daily_mods":["Diverse","Midas","Elite Swarm"],"is_prod":false,"is_daily":true,"is_ascension_mode":false,"campfire_upgraded":0,"timestamp":1522622185,"path_taken":["M","?","M","?","M","E","M","E","T","R","$","?","R","M","R","BOSS","M","M","?","$","?","R","E","R","T","E"],"build_version":"2018-03-29v2","purchased_purges":0,"victory":false,"master_deck":["Bash+1","Malaise","Flex","Berserk","Twin Strike","Limit Break","Metallicize","Heavy Blade","Pummel","Anger","Sword Boomerang","Twin Strike","True Grit","Pommel Strike","Infernal Blade","Carnage","Pommel Strike","Anger+1","Whirlwind","Metallicize","Barricade"],"max_hp_per_floor":[80,80,80,80,80,82,82,82,82,82,82,82,82,84,84,86,86,86,86,86,86,86,86,86,86,88,88],"relics":["Burning Blood","Singing Bowl","Whetstone","Prayer Wheel","Sundial","Oddly Smooth Stone","Shuriken","Pandora\u0027s Box","Ice Cream","Anchor","Bag of Preparation"],"card_choices":[{"not_picked":["True Grit","Headbutt"],"picked":"Flex","floor":3},{"not_picked":["Sever Soul","Second Wind"],"picked":"Berserk","floor":5},{"not_picked":["Warcry","Reckless Charge"],"picked":"Twin Strike","floor":7},{"not_picked":["Offering","Immolate"],"picked":"Limit Break","floor":8},{"not_picked":["Carnage","Clothesline"],"picked":"Metallicize","floor":9},{"not_picked":["Thunderclap","Twin Strike"],"picked":"Heavy Blade","floor":12},{"not_picked":["Clothesline","Iron Wave"],"picked":"Pommel Strike","floor":18},{"not_picked":["Feel No Pain","Armaments"],"picked":"Anger","floor":19},{"not_picked":["Offering","Bludgeon"],"picked":"Barricade","floor":24}],"player_experience":205194,"potions_floor_usage":[8,24,24,24,27],"damage_taken":[{"damage":1,"enemies":"2 Louse","floor":1,"turns":4},{"damage":6,"enemies":"Jaw Worm","floor":3,"turns":6},{"damage":6,"enemies":"Small Slimes","floor":5,"turns":3},{"damage":54,"enemies":"Gremlin Nob","floor":6,"turns":5},{"damage":9,"enemies":"Blue Slaver","floor":7,"turns":4},{"damage":26,"enemies":"Lagavulin","floor":8,"turns":5},{"damage":18,"enemies":"Exordium Thugs","floor":12,"turns":4},{"damage":8,"enemies":"Lots of Slimes","floor":14,"turns":8},{"damage":47,"enemies":"Hexaghost","floor":16,"turns":10},{"damage":7,"enemies":"Spheric Guardian","floor":18,"turns":3},{"damage":33,"enemies":"Shell Parasite","floor":19,"turns":6},{"damage":78,"enemies":"Slavers","floor":24,"turns":6},{"damage":51,"enemies":"Gremlin Leader","floor":27,"turns":4}],"event_choices":[{"event_name":"The Cleric","player_choice":"Card Removal","floor":2,"damage_taken":0},{"event_name":"Wheel of Change","player_choice":"Relic","floor":4,"damage_taken":0},{"event_name":"Bonfire Elementals","player_choice":"UNCOMMON","floor":22,"damage_taken":0}],"boss_relics":[{"not_picked":["Philosopher\u0027s Stone","Black Blood"],"picked":"Pandora\u0027s Box"}],"potions_floor_spawned":[6,7,8,12,16,18,24],"seed_played":"2322324997357656423","killed_by":"Gremlin Leader","ascension_level":0,"is_trial":false}