{"path_per_floor":["M","?","$","?","?","R","E","R","T","R","$","?","M","M","R","B",null,"M","M"],"character_chosen":"THE_SILENT","items_purchased":["Backflip","Acrobatics","Noxious Fumes"],"gold_per_floor":[111,111,86,186,186,186,211,211,262,262,169,169,185,196,196,293,293,308,321],"floor_reached":20,"campfire_rested":4,"playtime":2083,"current_hp_per_floor":[70,70,70,70,70,77,17,40,40,63,63,48,44,36,59,18,77,55,26],"items_purged":[],"gold":321,"play_id":"eb9a07aa-e129-44fc-8cff-e124d14b0bb4","is_prod":false,"is_daily":false,"is_ascension_mode":false,"campfire_upgraded":0,"path_taken":["M","?","$","?","?","R","E","R","T","R","$","?","?","M","R","BOSS","M","M","?"],"build_version":"2018-02-01-PROD1","purchased_purges":0,"victory":false,"master_deck":["Defend_G+1","Defend_G","Defend_G","Defend_G","Defend_G","Strike_G","Strike_G","Strike_G","Strike_G","Strike_G","Survivor","Neutralize","Deadly Poison+1","Neutralize","Pain","Backflip+1","Terror","Footwork","Acrobatics","Noxious Fumes","Bane","Infinite Blades","Deflect","Burst","Quick Slash+1","Catalyst"],"max_hp_per_floor":[77,77,77,77,77,77,77,77,77,77,77,77,77,77,77,77,77,77,77],"relics":["Ring of the Snake","Orichalcum","Dream Catcher","Black Star"],"card_choices":[{"not_picked":["Slice","Dagger Throw"],"picked":"Deadly Poison"},{"not_picked":["Sucker Punch","All Out Attack"],"picked":"Terror"},{"not_picked":["Backflip","Infinite Blades"],"picked":"Footwork"},{"not_picked":["Backflip","Terror"],"picked":"Bane"},{"not_picked":["Dash","Terror"],"picked":"Infinite Blades"},{"not_picked":["Sucker Punch","Blade Dance"],"picked":"Deflect"},{"not_picked":["Tools of the Trade","Glass Knife"],"picked":"Burst"},{"not_picked":["Sucker Punch","PiercingWail"],"picked":"Quick Slash"},{"not_picked":["Acrobatics","Riddle With Holes"],"picked":"Catalyst"}],"player_experience":20140,"potions_floor_usage":[],"damage_taken":[{"damage":7,"enemies":"Jaw Worm","floor":1,"turns":4},{"damage":60,"enemies":"3 Sentries","floor":7,"turns":15},{"damage":4,"enemies":"Blue Slaver","floor":13,"turns":5},{"damage":8,"enemies":"Small Slimes","floor":14,"turns":5},{"damage":41,"enemies":"Hexaghost","floor":16,"turns":11},{"damage":22,"enemies":"Chosen","floor":18,"turns":7},{"damage":29,"enemies":"3 Byrds","floor":19,"turns":6},{"damage":28,"enemies":"Cultist and Chosen","floor":20,"turns":4}],"event_choices":[{"event_name":"Match and Keep!","player_choice":"2 cards matched","floor":2,"damage_taken":0},{"event_name":"Golden Shrine","player_choice":"Pray","floor":4,"damage_taken":0},{"event_name":"Upgrade Shrine","player_choice":"Upgraded","floor":5,"damage_taken":0},{"event_name":"Shining Light","player_choice":"Entered Light","floor":12,"damage_taken":0}],"boss_relics":[{"not_picked":["Ectoplasm","Cursed Key"],"picked":"Black Star"}],"potions_floor_spawned":[16,18],"seed_played":"6906738036291397379","killed_by":"Cultist and Chosen","ascension_level":0,"is_trial":false}