{"gold_per_floor":[118,136,58,58,22,22,38,58,84,84,103,103,143,164,164,287,287,303,327,0,26,57,69,180,192,231,284,296,103,103,126,126,126],"floor_reached":33,"playtime":1685,"items_purged":[],"score":267,"play_id":"35c2e25f-02d4-4b50-812d-7ee45543c720","local_time":"20181019024705","is_ascension_mode":false,"campfire_choices":[{"data":"Rampage","floor":6,"key":"SMITH"},{"data":"Searing Blow","floor":12,"key":"SMITH"},{"floor":15,"key":"REST"},{"floor":23,"key":"REST"},{"floor":28,"key":"REST"},{"floor":32,"key":"REST"}],"neow_cost":"NONE","seed_source_timestamp":187609607757500,"circlet_count":0,"master_deck":["Strike_R","Strike_R","Strike_R+1","Strike_R","Strike_R","Defend_R","Defend_R+1","Defend_R+1","Defend_R","Bash+1","Flex","Entrench","Rampage+1","Intimidate","Searing Blow+1","Rage","Seeing Red","Immolate","Double Tap","Armaments","Warcry","Apotheosis","Cleave","Bandage Up","Metallicize","Uppercut","Searing Blow"],"relics":["Burning Blood","NeowsBlessing","Golden Idol","Whetstone","War Paint","Blood Vial","Black Star","MawBank","Bronze Scales","Bottled Lightning","Kunai"],"potions_floor_usage":[2,13,13,16,19,25,27,27,27],"damage_taken":[{"damage":0,"enemies":"Jaw Worm","floor":1,"turns":1},{"damage":0,"enemies":"2 Louse","floor":2,"turns":1},{"damage":0,"enemies":"Cultist","floor":7,"turns":1},{"damage":11,"enemies":"Exordium Thugs","floor":8,"turns":5},{"damage":5,"enemies":"3 Louse","floor":11,"turns":5},{"damage":6,"enemies":"3 Sentries","floor":13,"turns":9},{"damage":31,"enemies":"Exordium Wildlife","floor":14,"turns":6},{"damage":67,"enemies":"The Guardian","floor":16,"turns":13},{"damage":16,"enemies":"Shell Parasite","floor":18,"turns":6},{"damage":13,"enemies":"3 Byrds","floor":19,"turns":5},{"damage":52,"enemies":"Snake Plant","floor":21,"turns":6},{"damage":23,"enemies":"3 Cultists","floor":22,"turns":6},{"damage":27,"enemies":"Gremlin Leader","floor":27,"turns":5},{"damage":4,"enemies":"Snecko","floor":31,"turns":6},{"damage":102,"enemies":"Collector","floor":33,"turns":9}],"seed_played":"-972761778656138951","potions_obtained":[{"floor":2,"key":"Fruit Juice"},{"floor":7,"key":"BloodPotion"},{"floor":11,"key":"EssenceOfSteel"},{"floor":14,"key":"SteroidPotion"},{"floor":18,"key":"SkillPotion"},{"floor":22,"key":"Strength Potion"},{"floor":25,"key":"SteroidPotion"},{"floor":25,"key":"Fruit Juice"},{"floor":25,"key":"SneckoOil"}],"is_trial":false,"path_per_floor":["M","M","$","?","$","R","M","M","T","?","M","R","E","M","R","B",null,"M","M","$","M","M","R","?","?","T","E","R","$","?","M","R"],"character_chosen":"IRONCLAD","items_purchased":["Rampage","Intimidate","Apotheosis","MawBank","Bandage Up","Metallicize","Uppercut"],"campfire_rested":4,"item_purchase_floors":[3,5,20,20,29,29,29],"current_hp_per_floor":[80,85,85,85,85,85,85,80,80,55,56,56,64,41,66,7,85,75,70,70,26,11,36,36,41,41,22,49,49,49,59,86,0],"gold":126,"neow_bonus":"THREE_ENEMY_KILL","is_prod":false,"is_daily":false,"chose_seed":false,"campfire_upgraded":2,"win_rate":0,"timestamp":1539910025,"path_taken":["M","M","$","?","?","R","M","M","T","?","M","R","E","M","R","BOSS","M","M","$","M","M","R","?","?","T","E","R","$","?","M","R","BOSS"],"build_version":"2018-10-11","purchased_purges":0,"victory":false,"max_hp_per_floor":[80,85,85,85,85,85,85,85,85,85,85,85,85,85,85,85,85,85,85,85,85,85,85,85,90,90,90,90,90,90,90,90,90],"card_choices":[{"not_picked":["Havoc","Body Slam"],"picked":"Flex","floor":1},{"not_picked":["Evolve","Uppercut"],"picked":"Entrench","floor":2},{"not_picked":["Shrug It Off","Perfected Strike"],"picked":"Searing Blow","floor":7},{"not_picked":["Sentinel","Pummel","Evolve"],"picked":"SKIP","floor":8},{"not_picked":["Warcry","Shrug It Off"],"picked":"Rage","floor":11},{"not_picked":["Shrug It Off","Pommel Strike"],"picked":"Seeing Red","floor":13},{"not_picked":["Iron Wave","Clothesline"],"picked":"Immolate","floor":14},{"not_picked":["Dark Embrace","Offering"],"picked":"Double Tap","floor":16},{"not_picked":["Cleave","Shockwave"],"picked":"Armaments","floor":18},{"not_picked":["Iron Wave","Clash"],"picked":"Warcry","floor":19},{"not_picked":["Bloodletting","Fiend Fire","Evolve+1"],"picked":"SKIP","floor":21},{"not_picked":["Wild Strike","True Grit","Corruption+1"],"picked":"SKIP","floor":22},{"not_picked":["Entrench","Reckless Charge"],"picked":"Cleave","floor":27},{"not_picked":["Combust","Flex"],"picked":"Searing Blow","floor":31}],"player_experience":719656,"relics_obtained":[{"floor":9,"key":"Whetstone"},{"floor":13,"key":"Blood Vial"},{"floor":26,"key":"Bronze Scales"},{"floor":27,"key":"Bottled Lightning"},{"floor":27,"key":"Kunai"}],"event_choices":[{"event_name":"Golden Idol","player_choice":"Take Wound","floor":4,"damage_taken":0},{"event_name":"Scrap Ooze","player_choice":"success","floor":10,"damage_taken":25},{"event_name":"Nest","player_choice":"Stole From Cult","floor":24,"damage_taken":0},{"event_name":"The Lab","player_choice":"Got Potions","floor":25,"damage_taken":0},{"event_name":"Fountain of Cleansing","player_choice":"Removed Curse","floor":30,"damage_taken":0}],"is_beta":false,"boss_relics":[{"not_picked":["Sozu","Runic Cube"],"picked":"Black Star"}],"items_purged_floors":[],"is_endless":false,"potions_floor_spawned":[2,7,11,14,18,22],"killed_by":"Collector","ascension_level":0}