{"gold_per_floor":[119,137,157,69,79,79,91,106,106,106,120,145,157,173,173,272,272,287,300,21,21,21,21,55,68,68,68,17,33,33,48,48,151,151,169,169,0,13,13],"floor_reached":39,"playtime":3819,"items_purged":[],"score":566,"play_id":"59979865-3da2-4b2f-99e0-b90c359f8b8e","local_time":"20190126130952","is_ascension_mode":true,"campfire_choices":[{"floor":6,"key":"REST"},{"floor":15,"key":"REST"},{"data":"Defragment","floor":23,"key":"SMITH"},{"floor":27,"key":"REST"},{"floor":30,"key":"REST"},{"data":"Tempest","floor":32,"key":"SMITH"}],"neow_cost":"NONE","seed_source_timestamp":1448257963651496,"circlet_count":0,"master_deck":["Defend_B","Defend_B","Defend_B","Defend_B","Zap+1","Dualcast","Beam Cell","Tempest+1","Gash","Defragment+1","Leap","Chill+1","Force Field","Self Repair","Gash","Rebound","Turbo","All For One","Go for the Eyes","Hologram","Leap","Bite","Bite","Bite","Bite","Bite","Sweeping Beam","Recycle+1","Hologram","Conserve Battery","Auto Shields","Buffer","BootSequence","Madness","Madness","Heatsinks"],"relics":["Runic Pyramid","Oddly Smooth Stone","Bag of Marbles","White Beast Statue","Mummified Hand","Matryoshka","Potion Belt","Pantograph","Black Star","Red Mask"],"potions_floor_usage":[13,16,16,19,19,19,24,25,29,33,33,35,38],"damage_taken":[{"damage":6,"enemies":"2 Louse","floor":1,"turns":3},{"damage":2,"enemies":"Jaw Worm","floor":2,"turns":3},{"damage":12,"enemies":"Small Slimes","floor":3,"turns":3},{"damage":14,"enemies":"Red Slaver","floor":5,"turns":3},{"damage":7,"enemies":"Exordium Wildlife","floor":7,"turns":4},{"damage":12,"enemies":"Looter","floor":8,"turns":3},{"damage":4,"enemies":"Blue Slaver","floor":11,"turns":3},{"damage":7,"enemies":"3 Louse","floor":13,"turns":4},{"damage":8,"enemies":"Looter","floor":14,"turns":3},{"damage":14,"enemies":"The Guardian","floor":16,"turns":9},{"damage":13,"enemies":"Shell Parasite","floor":18,"turns":6},{"damage":10,"enemies":"2 Thieves","floor":19,"turns":4},{"damage":41,"enemies":"Book of Stabbing","floor":24,"turns":7},{"damage":24,"enemies":"Centurion and Healer","floor":25,"turns":5},{"damage":13,"enemies":"Chosen and Byrds","floor":29,"turns":6},{"damage":20,"enemies":"Snake Plant","floor":31,"turns":7},{"damage":41,"enemies":"Automaton","floor":33,"turns":10},{"damage":22,"enemies":"3 Darklings","floor":35,"turns":8},{"damage":7,"enemies":"Orb Walker","floor":38,"turns":4},{"damage":67,"enemies":"Spire Growth","floor":39,"turns":7}],"seed_played":"-8556383020653518788","potions_obtained":[{"floor":5,"key":"Dexterity Potion"},{"floor":7,"key":"Swift Potion"},{"floor":11,"key":"EssenceOfSteel"},{"floor":13,"key":"SkillPotion"},{"floor":16,"key":"SkillPotion"},{"floor":18,"key":"Swift Potion"},{"floor":19,"key":"Swift Potion"},{"floor":24,"key":"Explosive Potion"},{"floor":25,"key":"Fire Potion"},{"floor":29,"key":"Fruit Juice"},{"floor":31,"key":"GamblersBrew"},{"floor":33,"key":"EssenceOfSteel"},{"floor":35,"key":"AttackPotion"},{"floor":38,"key":"Regen Potion"}],"is_trial":false,"path_per_floor":["M","M","M","$","M","R","M","M","T","?","M","T","M","M","R","B",null,"M","M","$","?","?","R","E","M","T","R","$","M","R","M","R","B",null,"M","?","?","M","M"],"character_chosen":"DEFECT","items_purchased":["Defragment","Leap","Mummified Hand","Leap","Hologram"],"campfire_rested":4,"item_purchase_floors":[4,4,20,20,28],"current_hp_per_floor":[62,60,48,48,34,56,49,37,37,22,18,18,18,17,39,32,64,58,55,55,41,41,41,21,14,14,30,30,41,59,54,54,41,56,55,47,47,46,0],"gold":13,"neow_bonus":"BOSS_RELIC","is_prod":false,"is_daily":false,"chose_seed":false,"campfire_upgraded":2,"win_rate":0,"timestamp":1548536992,"path_taken":["M","M","M","$","M","R","M","M","T","?","M","?","M","M","R","BOSS","M","M","$","?","?","R","E","M","T","R","$","M","R","M","R","BOSS","M","?","?","M","M"],"build_version":"2019-01-23","purchased_purges":0,"victory":false,"max_hp_per_floor":[75,75,75,75,75,75,75,75,75,75,75,75,75,75,75,75,75,75,75,75,80,56,56,56,56,56,56,56,61,61,61,61,61,61,61,61,61,61,61],"card_choices":[{"not_picked":["Stack","Darkness"],"picked":"Beam Cell","floor":1},{"not_picked":["Reprogram","Stack"],"picked":"Tempest","floor":2},{"not_picked":["Rebound","Conserve Battery"],"picked":"Gash","floor":3},{"not_picked":["Stack","Self Repair"],"picked":"Chill","floor":5},{"not_picked":["Streamline","Compile Driver"],"picked":"Force Field","floor":7},{"not_picked":["Reinforced Body","Streamline"],"picked":"Self Repair","floor":8},{"not_picked":["Chaos","Steam"],"picked":"Gash","floor":11},{"not_picked":["Stack","Compile Driver"],"picked":"Rebound","floor":13},{"not_picked":["Compile Driver","Barrage"],"picked":"Turbo","floor":14},{"not_picked":["Thunder Strike","Seek"],"picked":"All For One","floor":16},{"not_picked":["Cold Snap","Consume"],"picked":"Go for the Eyes","floor":18},{"not_picked":["Reinforced Body","Streamline"],"picked":"Hologram","floor":19},{"not_picked":["Chill","Reprogram"],"picked":"Sweeping Beam","floor":24},{"not_picked":["Steam","Conserve Battery"],"picked":"Recycle+1","floor":25},{"not_picked":["Redo","Reprogram"],"picked":"Conserve Battery","floor":29},{"not_picked":["Beam Cell","Darkness"],"picked":"Auto Shields","floor":31},{"not_picked":["Biased Cognition","Seek"],"picked":"Buffer","floor":33},{"not_picked":["Barrage","Rip and Tear"],"picked":"BootSequence","floor":35},{"not_picked":["Barrage+1","Double Energy"],"picked":"Heatsinks","floor":38}],"player_experience":620518,"relics_obtained":[{"floor":9,"key":"Oddly Smooth Stone"},{"floor":12,"key":"Bag of Marbles"},{"floor":24,"key":"Matryoshka"},{"floor":26,"key":"Potion Belt"},{"floor":26,"key":"Pantograph"}],"event_choices":[{"damage_healed":0,"gold_gain":0,"player_choice":"Entered Light","damage_taken":15,"max_hp_gain":0,"max_hp_loss":0,"event_name":"Shining Light","floor":10,"gold_loss":0,"cards_upgraded":["Chill","Zap"]},{"damage_healed":0,"gold_gain":0,"player_choice":"Shed Blood","damage_taken":19,"max_hp_gain":5,"max_hp_loss":0,"event_name":"Forgotten Altar","floor":21,"gold_loss":0},{"damage_healed":0,"gold_gain":0,"player_choice":"Became a vampire","damage_taken":0,"max_hp_gain":0,"max_hp_loss":24,"event_name":"Vampires","floor":22,"gold_loss":0,"cards_obtained":["Bite","Bite","Bite","Bite","Bite"]},{"damage_healed":0,"gold_gain":0,"player_choice":"Embrace Madness","damage_taken":8,"max_hp_gain":0,"max_hp_loss":0,"event_name":"Winding Halls","floor":36,"gold_loss":0,"cards_obtained":["Madness","Madness"]},{"damage_healed":0,"gold_gain":0,"player_choice":"Paid","damage_taken":0,"relics_obtained":["Red Mask"],"max_hp_gain":0,"max_hp_loss":0,"event_name":"Tomb of Lord Red Mask","floor":37,"gold_loss":169}],"is_beta":false,"boss_relics":[{"not_picked":["Astrolabe","Coffee Dripper"],"picked":"White Beast Statue"},{"not_picked":["Runic Dome","Pandora\u0027s Box"],"picked":"Black Star"}],"items_purged_floors":[],"is_endless":false,"potions_floor_spawned":[5,7,11,13,16,18,19,24,25,29,31,33,35,38],"killed_by":"Spire Growth","ascension_level":6}