{"gold_per_floor":[112,128,128,128,128,161,181,181,227,265,265,265,69,110,110,110],"floor_reached":16,"playtime":508,"items_purged":[],"score":174,"play_id":"e38f7f44-53bd-4c71-84c3-ada9532384ad","local_time":"20190126124241","is_ascension_mode":true,"campfire_choices":[{"data":"Combust","floor":8,"key":"SMITH"},{"floor":12,"key":"REST"},{"data":"Spot Weakness","floor":15,"key":"SMITH"}],"neow_cost":"NONE","seed_source_timestamp":241276861527300,"circlet_count":0,"master_deck":["AscendersBane","Strike_R","Strike_R","Strike_R","Strike_R","Strike_R","Defend_R","Defend_R+1","Defend_R","Defend_R+1","Bash","Combust+1","Cleave","Injury","Regret","Uppercut","Spot Weakness+1","Thunderclap","Fiend Fire"],"relics":["Burning Blood","Golden Idol","Vajra","War Paint","Regal Pillow","Turnip","Bag of Marbles","Sling","Gremlin Horn"],"potions_floor_usage":[2,6,6,14,14,16],"damage_taken":[{"damage":0,"enemies":"Small Slimes","floor":1,"turns":3},{"damage":16,"enemies":"Jaw Worm","floor":2,"turns":5},{"damage":15,"enemies":"3 Sentries","floor":6,"turns":4},{"damage":2,"enemies":"2 Louse","floor":7,"turns":2},{"damage":16,"enemies":"Gremlin Nob","floor":10,"turns":3},{"damage":27,"enemies":"Lagavulin","floor":14,"turns":6},{"damage":54,"enemies":"The Guardian","floor":16,"turns":7}],"seed_played":"889905333666927061","potions_obtained":[{"floor":0,"key":"Fire Potion"},{"floor":0,"key":"SteroidPotion"},{"floor":0,"key":"SneckoOil"},{"floor":6,"key":"Block Potion"},{"floor":7,"key":"LiquidBronze"},{"floor":14,"key":"AttackPotion"}],"is_trial":false,"path_per_floor":["M","M","?","?","?","E","M","R","T","E","?","R","$","E","R","B"],"character_chosen":"IRONCLAD","items_purchased":["Sling"],"campfire_rested":1,"item_purchase_floors":[13],"current_hp_per_floor":[78,68,68,68,68,59,63,63,63,53,35,74,74,53,53,0],"gold":110,"neow_bonus":"THREE_SMALL_POTIONS","is_prod":false,"is_daily":false,"chose_seed":false,"campfire_upgraded":2,"win_rate":0,"timestamp":1548502961,"path_taken":["M","M","?","?","?","E","M","R","T","E","?","R","?","E","R","BOSS"],"build_version":"2019-01-23","purchased_purges":0,"victory":false,"max_hp_per_floor":[80,80,80,80,80,80,80,80,80,80,80,80,80,80,80,80],"card_choices":[{"not_picked":["Clothesline","Flex"],"picked":"Combust","floor":1},{"not_picked":["Heavy Blade","Iron Wave"],"picked":"Cleave","floor":2},{"not_picked":["Entrench","Feel No Pain"],"picked":"Uppercut","floor":6},{"not_picked":["Feel No Pain","Iron Wave"],"picked":"Spot Weakness","floor":7},{"not_picked":["Wild Strike","Cleave"],"picked":"Thunderclap","floor":10},{"not_picked":["Iron Wave","Flex"],"picked":"Fiend Fire","floor":14}],"player_experience":1306873,"relics_obtained":[{"floor":6,"key":"War Paint"},{"floor":9,"key":"Regal Pillow"},{"floor":10,"key":"Turnip"},{"floor":14,"key":"Gremlin Horn"}],"event_choices":[{"damage_healed":0,"gold_gain":0,"player_choice":"Ignored","damage_taken":0,"max_hp_gain":0,"max_hp_loss":0,"event_name":"Shining Light","floor":3,"gold_loss":0},{"damage_healed":0,"gold_gain":0,"player_choice":"Take Wound","damage_taken":0,"relics_obtained":["Golden Idol"],"max_hp_gain":0,"max_hp_loss":0,"event_name":"Golden Idol","floor":4,"gold_loss":0,"cards_obtained":["Injury"]},{"damage_healed":0,"gold_gain":0,"player_choice":"Box","damage_taken":0,"relics_obtained":["Vajra"],"max_hp_gain":0,"max_hp_loss":0,"event_name":"Big Fish","floor":5,"gold_loss":0,"cards_obtained":["Regret"]},{"damage_healed":0,"gold_gain":0,"player_choice":"Success","damage_taken":18,"relics_obtained":["Bag of Marbles"],"max_hp_gain":0,"max_hp_loss":0,"event_name":"Scrap Ooze","floor":11,"gold_loss":0}],"is_beta":false,"boss_relics":[],"items_purged_floors":[],"is_endless":false,"potions_floor_spawned":[6,7,14],"killed_by":"The Guardian","ascension_level":10}