{"gold_per_floor":[112,37,48,66,85,85,110,110,110,123,152,166,166,166,166,166],"floor_reached":16,"playtime":624,"items_purged":["Doubt"],"score":122,"play_id":"e44ac2ef-d9ff-4211-b8d8-a2268c18a367","local_time":"20190417125215","is_ascension_mode":true,"campfire_choices":[{"data":"Armaments","floor":6,"key":"SMITH"},{"floor":8,"key":"REST"},{"data":"Shrug It Off","floor":15,"key":"SMITH"}],"neow_cost":"CURSE","seed_source_timestamp":533620690402800,"circlet_count":0,"master_deck":["Strike_R","Strike_R","Strike_R","Strike_R","Strike_R","Defend_R","Defend_R","Defend_R","Defend_R","Bash","Hemokinesis","Armaments+1","Barricade","Carnage+1","Anger","Shrug It Off+1","Immolate","Flame Barrier"],"relics":["Burning Blood","Shovel","Meat on the Bone","Bottled Flame","Odd Mushroom"],"potions_floor_usage":[7,16],"damage_taken":[{"damage":43,"enemies":"Jaw Worm","floor":1,"turns":7},{"damage":11,"enemies":"Small Slimes","floor":3,"turns":3},{"damage":4,"enemies":"2 Louse","floor":4,"turns":3},{"damage":19,"enemies":"2 Fungi Beasts","floor":5,"turns":6},{"damage":32,"enemies":"Gremlin Nob","floor":7,"turns":4},{"damage":13,"enemies":"Blue Slaver","floor":10,"turns":4},{"damage":20,"enemies":"The Mushroom Lair","floor":11,"turns":6},{"damage":10,"enemies":"Large Slime","floor":12,"turns":3},{"damage":43,"enemies":"The Guardian","floor":16,"turns":15}],"seed_played":"2246409770988725911","potions_obtained":[{"floor":1,"key":"BloodPotion"},{"floor":4,"key":"Poison Potion"},{"floor":10,"key":"Block Potion"},{"floor":11,"key":"Ancient Potion"}],"is_trial":false,"path_per_floor":["M","$","M","M","M","R","E","R","T","M","?","M","?","?","R","B"],"character_chosen":"IRONCLAD","items_purchased":[],"campfire_rested":1,"item_purchase_floors":[],"current_hp_per_floor":[43,43,38,40,27,27,9,33,33,38,36,44,44,44,44,1],"gold":166,"neow_bonus":"ONE_RARE_RELIC","is_prod":false,"is_daily":false,"chose_seed":false,"campfire_upgraded":2,"win_rate":0,"timestamp":1555530735,"path_taken":["M","$","M","M","M","R","E","R","T","M","?","M","?","?","R","BOSS"],"build_version":"2019-01-23","purchased_purges":1,"victory":false,"max_hp_per_floor":[80,80,80,80,80,80,80,80,80,80,80,80,80,80,80,80],"card_choices":[{"not_picked":["Perfected Strike","Heavy Blade"],"picked":"Hemokinesis","floor":1},{"not_picked":["Shockwave","Sword Boomerang"],"picked":"Armaments","floor":3},{"not_picked":["Combust","Sword Boomerang"],"picked":"Barricade","floor":4},{"not_picked":["Blood for Blood","Headbutt"],"picked":"Carnage","floor":5},{"not_picked":["Warcry","Dropkick"],"picked":"Anger","floor":7},{"not_picked":["Rage","Corruption"],"picked":"Shrug It Off","floor":10},{"not_picked":["Evolve","Anger"],"picked":"Immolate","floor":11},{"not_picked":["Sword Boomerang","Shrug It Off"],"picked":"Flame Barrier","floor":12}],"player_experience":314203,"relics_obtained":[{"floor":7,"key":"Meat on the Bone"},{"floor":9,"key":"Bottled Flame"},{"floor":11,"key":"Odd Mushroom"}],"event_choices":[{"damage_healed":0,"gold_gain":0,"player_choice":"Fought Mushrooms","damage_taken":0,"max_hp_gain":0,"max_hp_loss":0,"event_name":"Mushrooms","floor":11,"gold_loss":0},{"damage_healed":0,"gold_gain":0,"player_choice":"Ignored","damage_taken":0,"max_hp_gain":0,"max_hp_loss":0,"event_name":"Liars Game","floor":13,"gold_loss":0},{"damage_healed":0,"gold_gain":0,"player_choice":"Grow","damage_taken":0,"max_hp_gain":0,"max_hp_loss":0,"event_name":"Living Wall","floor":14,"gold_loss":0,"cards_upgraded":["Carnage"]}],"is_beta":false,"boss_relics":[],"items_purged_floors":[2],"is_endless":false,"potions_floor_spawned":[1,4,10,11],"killed_by":"The Guardian","ascension_level":4}