{"gold_per_floor":[114,114,129,129,129,129,54,73,73,92,92,111,37,56,56,181,181,200,219,219,219,238,238,257,257,332,351,370,389,439,458,458,458],"floor_reached":33,"playtime":3720,"items_purged":["Injury"],"score":343,"play_id":"a4d86d41-6eb2-40b3-a221-eb168b78656a","local_time":"20190101192701","daily_mods":["Insanity","Colorless Cards","Terminal"],"is_ascension_mode":false,"campfire_choices":[{"data":"Mind Blast","floor":6,"key":"SMITH"},{"data":"Noxious Fumes","floor":11,"key":"SMITH"},{"data":"Infinite Blades","floor":15,"key":"SMITH"},{"data":"Infinite Blades","floor":25,"key":"SMITH"},{"data":"After Image","floor":32,"key":"SMITH"}],"neow_cost":"","seed_source_timestamp":450121563178156,"circlet_count":0,"master_deck":["Dagger Spray","Deadly Poison","Acrobatics","Slice","PiercingWail","Blade Dance","Deflect","Dagger Spray","Finisher","Expertise","Mind Blast+1","Sucker Punch","Leg Sweep","Dodge and Roll","Jack Of All Trades","PiercingWail","Terror","Bane","Acrobatics","Deadly Poison","Cloak And Dagger","Dagger Throw","Flying Knee","Deadly Poison","PiercingWail","Masterful Stab","Caltrops","Dodge and Roll","Well Laid Plans","All Out Attack","Infinite Blades+1","Deflect","Quick Slash","Dodge and Roll","Slice","Trip","PiercingWail","Quick Slash","Calculated Gamble","Skewer","Good Instincts","Infinite Blades","Bane","Underhanded Strike","Crippling Poison","Underhanded Strike","Cloak And Dagger","Leg Sweep","Discovery","Concentrate","Masterful Stab","Noxious Fumes+1","Backstab","Noxious Fumes","Noxious Fumes","Sadistic Nature","Infinite Blades+1","Madness","Adrenaline","Blade Dance","Backstab","After Image+1","Bandage Up","Deadly Poison"],"special_seed":17898,"relics":["Ring of the Snake","Golden Idol","Meat on the Bone","Sozu","Regal Pillow","Darkstone Periapt"],"potions_floor_usage":[10,16,27],"damage_taken":[{"damage":0,"enemies":"Jaw Worm","floor":1,"turns":1},{"damage":0,"enemies":"Cultist","floor":3,"turns":1},{"damage":0,"enemies":"2 Louse","floor":8,"turns":3},{"damage":0,"enemies":"2 Fungi Beasts","floor":10,"turns":1},{"damage":0,"enemies":"Blue Slaver","floor":12,"turns":1},{"damage":0,"enemies":"Exordium Wildlife","floor":14,"turns":1},{"damage":32,"enemies":"The Guardian","floor":16,"turns":8},{"damage":7,"enemies":"Shell Parasite","floor":18,"turns":2},{"damage":0,"enemies":"3 Byrds","floor":19,"turns":3},{"damage":2,"enemies":"Colosseum Slavers","floor":20,"turns":3},{"damage":2,"enemies":"Centurion and Healer","floor":22,"turns":4},{"damage":0,"enemies":"3 Cultists","floor":24,"turns":3},{"damage":14,"enemies":"Shelled Parasite and Fungi","floor":27,"turns":3},{"damage":0,"enemies":"Snake Plant","floor":28,"turns":2},{"damage":5,"enemies":"Cultist and Chosen","floor":29,"turns":3},{"damage":1,"enemies":"Centurion and Healer","floor":31,"turns":3},{"damage":32,"enemies":"Automaton","floor":33,"turns":6}],"seed_played":"-1260152558293365806","potions_obtained":[{"floor":8,"key":"AttackPotion"},{"floor":10,"key":"LiquidBronze"},{"floor":16,"key":"PowerPotion"}],"is_trial":false,"path_per_floor":["M","?","M","?","?","R","$","M","T","M","R","M","$","M","R","B",null,"M","M","?","?","M","?","M","R","T","M","M","M","?","M","R","B"],"character_chosen":"THE_SILENT","items_purchased":["Noxious Fumes"],"campfire_rested":0,"item_purchase_floors":[13],"current_hp_per_floor":[68,67,66,65,64,63,62,61,60,59,58,57,56,55,54,34,52,45,45,43,43,41,41,41,41,41,27,27,22,22,21,21,0],"gold":458,"neow_bonus":"","is_prod":false,"is_daily":true,"chose_seed":false,"campfire_upgraded":5,"win_rate":0,"timestamp":1546399621,"path_taken":["M","?","?","?","?","R","$","M","T","M","R","M","$","M","R","BOSS","M","M","?","?","?","?","M","R","T","M","?","M","?","M","R","BOSS"],"build_version":"2018-12-20","purchased_purges":1,"victory":false,"max_hp_per_floor":[68,67,66,65,64,63,62,61,60,59,58,57,56,55,54,53,52,51,50,49,48,47,46,45,44,43,42,41,40,39,38,37,37],"card_choices":[{"not_picked":["Cloak And Dagger","Bane"],"picked":"Discovery","floor":1},{"not_picked":["Dodge and Roll","Choke"],"picked":"Concentrate","floor":3},{"not_picked":["Sucker Punch","Dagger Spray"],"picked":"Masterful Stab","floor":8},{"not_picked":["Good Instincts","Sucker Punch"],"picked":"Noxious Fumes","floor":10},{"not_picked":["Dagger Throw","Poisoned Stab"],"picked":"Backstab","floor":12},{"not_picked":["Dagger Spray","Acrobatics"],"picked":"Noxious Fumes","floor":14},{"not_picked":["Secret Technique","Grand Finale"],"picked":"Sadistic Nature","floor":16},{"not_picked":["Sucker Punch","Slice"],"picked":"Infinite Blades","floor":18},{"not_picked":["Quick Slash","Backflip+1"],"picked":"Madness","floor":19},{"not_picked":["Sucker Punch","Setup+1"],"picked":"Adrenaline","floor":22},{"not_picked":["Quick Slash","Dagger Throw"],"picked":"Blade Dance","floor":24},{"not_picked":["Dagger Spray+1","Cloak And Dagger+1"],"picked":"Backstab","floor":27},{"not_picked":["Madness","Backflip"],"picked":"After Image","floor":28},{"not_picked":["Forethought+1","Acrobatics"],"picked":"Bandage Up","floor":29},{"not_picked":["Poisoned Stab","Flying Knee+1"],"picked":"Deadly Poison","floor":31}],"player_experience":325730,"relics_obtained":[{"floor":9,"key":"Meat on the Bone"},{"floor":23,"key":"Regal Pillow"},{"floor":26,"key":"Darkstone Periapt"}],"event_choices":[{"cards_removed":["PanicButton"],"damage_healed":0,"gold_gain":0,"player_choice":"Offered Uncommon","damage_taken":0,"max_hp_gain":0,"max_hp_loss":0,"event_name":"Bonfire Elementals","floor":2,"gold_loss":0},{"damage_healed":0,"gold_gain":0,"player_choice":"Take Wound","damage_taken":0,"relics_obtained":["Golden Idol"],"max_hp_gain":0,"max_hp_loss":0,"event_name":"Golden Idol","floor":4,"gold_loss":0,"cards_obtained":["Injury"]},{"damage_healed":0,"gold_gain":0,"player_choice":"Leave","damage_taken":0,"max_hp_gain":0,"max_hp_loss":0,"event_name":"The Cleric","floor":5,"gold_loss":0},{"damage_healed":0,"gold_gain":0,"player_choice":"Fight","damage_taken":0,"max_hp_gain":0,"max_hp_loss":0,"event_name":"Colosseum","floor":20,"gold_loss":0},{"damage_healed":0,"gold_gain":0,"player_choice":"Fled From Nobs","damage_taken":0,"max_hp_gain":0,"max_hp_loss":0,"event_name":"Colosseum","floor":20,"gold_loss":0},{"cards_removed":["Expertise"],"damage_healed":0,"gold_gain":0,"player_choice":"Purged","damage_taken":0,"max_hp_gain":0,"max_hp_loss":0,"event_name":"Purifier","floor":21,"gold_loss":0},{"damage_healed":0,"gold_gain":0,"player_choice":"Relic","damage_taken":0,"max_hp_gain":0,"max_hp_loss":0,"event_name":"Wheel of Change","floor":23,"gold_loss":0},{"damage_healed":0,"gold_gain":100,"player_choice":"Bet on Murderer","damage_taken":0,"max_hp_gain":0,"max_hp_loss":0,"event_name":"The Joust","floor":30,"gold_loss":50}],"is_beta":false,"boss_relics":[{"not_picked":["Snecko Eye","Tiny House"],"picked":"Sozu"}],"items_purged_floors":[7],"is_endless":false,"potions_floor_spawned":[8,10,16,20,27,28],"killed_by":"Automaton","ascension_level":0}