{"gold_per_floor":[114,114,129,144,53,53,68,98,98,98,113,113,128,158,158,258,258,273,198,198,213,228,228,61,61,61,15,45,45,60,75,75,175,175,190,190,190,205,220,220,250,175,175,190,205,205,31,31,31,31],"floor_reached":51,"playtime":3450,"items_purged":["Normality","Doubt"],"score":782,"play_id":"3639c0c1-4c38-4402-8dcf-a1a81aec93e9","local_time":"20190106213457","daily_mods":["Draft","Red Cards","Elite Swarm"],"is_ascension_mode":false,"campfire_choices":[{"data":"Pommel Strike","floor":6,"key":"SMITH"},{"data":"Scrape","floor":10,"key":"SMITH"},{"data":"All For One","floor":12,"key":"SMITH"},{"floor":15,"key":"REST"},{"data":"Pommel Strike","floor":23,"key":"SMITH"},{"floor":29,"key":"REST"},{"floor":32,"key":"REST"},{"floor":40,"key":"REST"},{"floor":46,"key":"REST"},{"floor":49,"key":"REST"}],"neow_cost":"","seed_source_timestamp":0,"circlet_count":0,"master_deck":["Beam Cell","Steam","Anger","Compile Driver","Scrape+1","Rebound","Headbutt","Rebound","Pommel Strike+1","Gash","Pommel Strike","Turbo","Go for the Eyes","Rage","Rampage+1","Clash","Go for the Eyes","Pommel Strike+1","Hologram","All For One+1","Brutality+1","Offering","Flex","Burning Pact","FTL","Flex","Violence","Beam Cell","Beam Cell","Double Tap","Warcry+1","Gash+1","Reboot","Warcry+1","Gash","Turbo","Writhe"],"special_seed":17903,"relics":["Cracked Core","Cables","Darkstone Periapt","Frozen Egg 2","Cursed Key","Mummified Hand","Potion Belt","Fusion Hammer","Du-Vu Doll","Pantograph"],"potions_floor_usage":[8,16,16,16,28,28,38,44,50],"damage_taken":[{"damage":0,"enemies":"2 Louse","floor":1,"turns":2},{"damage":0,"enemies":"Cultist","floor":3,"turns":2},{"damage":11,"enemies":"Jaw Worm","floor":4,"turns":2},{"damage":0,"enemies":"Looter","floor":7,"turns":2},{"damage":10,"enemies":"Lagavulin","floor":8,"turns":3},{"damage":0,"enemies":"Large Slime","floor":11,"turns":3},{"damage":6,"enemies":"Exordium Thugs","floor":13,"turns":3},{"damage":0,"enemies":"Gremlin Nob","floor":14,"turns":3},{"damage":5,"enemies":"Hexaghost","floor":16,"turns":3},{"damage":7,"enemies":"Spheric Guardian","floor":18,"turns":2},{"damage":21,"enemies":"2 Thieves","floor":21,"turns":2},{"damage":19,"enemies":"Shelled Parasite and Fungi","floor":22,"turns":2},{"damage":22,"enemies":"Slavers","floor":28,"turns":3},{"damage":9,"enemies":"Cultist and Chosen","floor":30,"turns":3},{"damage":6,"enemies":"3 Cultists","floor":31,"turns":4},{"damage":25,"enemies":"Champ","floor":33,"turns":4},{"damage":3,"enemies":"3 Shapes","floor":35,"turns":3},{"damage":16,"enemies":"Orb Walker","floor":38,"turns":2},{"damage":33,"enemies":"4 Shapes","floor":39,"turns":3},{"damage":14,"enemies":"Nemesis","floor":41,"turns":3},{"damage":9,"enemies":"Jaw Worm Horde","floor":44,"turns":3},{"damage":26,"enemies":"Transient","floor":45,"turns":5},{"damage":42,"enemies":"Donu and Deca","floor":50,"turns":3}],"seed_played":"8694291460791302925","potions_obtained":[{"floor":4,"key":"Poison Potion"},{"floor":7,"key":"LiquidBronze"},{"floor":11,"key":"LiquidBronze"},{"floor":14,"key":"AttackPotion"},{"floor":16,"key":"PowerPotion"},{"floor":21,"key":"Strength Potion"},{"floor":31,"key":"SpeedPotion"},{"floor":33,"key":"EssenceOfSteel"},{"floor":35,"key":"Swift Potion"},{"floor":39,"key":"FairyPotion"},{"floor":44,"key":"Dexterity Potion"}],"is_trial":false,"path_per_floor":["M","?","M","M","$","R","M","E","T","R","M","R","M","E","R","B",null,"M","?","?","M","M","R","$","?","T","$","E","R","M","M","R","B",null,"M","?","?","M","M","R","E","$","T","M","M","R","$","?","R","B",null],"character_chosen":"DEFECT","items_purchased":["Pommel Strike","Hologram","Violence","Hologram","Gash","Turbo"],"campfire_rested":6,"item_purchase_floors":[5,5,24,27,47,47],"current_hp_per_floor":[75,75,75,64,64,64,64,54,54,54,54,54,48,48,70,65,75,68,68,68,47,28,28,28,28,34,34,12,36,27,21,45,20,81,78,78,78,62,29,53,39,39,45,36,10,36,36,64,91,51],"gold":31,"neow_bonus":"","is_prod":false,"is_daily":true,"chose_seed":false,"campfire_upgraded":4,"win_rate":0,"timestamp":1546839297,"path_taken":["M","?","?","M","?","R","M","E","T","R","M","R","?","E","R","BOSS","M","?","?","M","?","R","?","?","T","$","E","R","M","M","R","BOSS","M","?","?","?","M","R","E","$","T","M","M","R","$","?","R","BOSS"],"build_version":"2019-01-03v4","purchased_purges":2,"victory":true,"max_hp_per_floor":[75,75,75,75,75,75,75,75,75,75,75,75,75,75,75,75,75,75,75,75,75,75,75,75,75,81,81,81,81,81,81,81,81,81,81,81,81,81,81,81,81,81,87,87,87,87,87,93,93,93],"card_choices":[{"not_picked":["Sweeping Beam","Flex"],"picked":"Beam Cell","floor":0},{"not_picked":["Ball Lightning","Clothesline"],"picked":"Steam","floor":0},{"not_picked":["Headbutt","Whirlwind"],"picked":"Anger","floor":0},{"not_picked":["Sentinel","Armaments"],"picked":"Compile Driver","floor":0},{"not_picked":["Warcry","True Grit"],"picked":"Scrape","floor":0},{"not_picked":["Tempest","Sever Soul"],"picked":"Rebound","floor":0},{"not_picked":["Leap","True Grit"],"picked":"Headbutt","floor":0},{"not_picked":["Flame Barrier","Perfected Strike"],"picked":"Rebound","floor":0},{"not_picked":["Cleave","Turbo"],"picked":"Pommel Strike","floor":0},{"not_picked":["Burning Pact","Body Slam"],"picked":"Gash","floor":0},{"not_picked":["Hello World","Thunderclap"],"picked":"Pommel Strike","floor":0},{"not_picked":["Armaments","Glacier"],"picked":"Turbo","floor":0},{"not_picked":["Twin Strike","Turbo"],"picked":"Go for the Eyes","floor":0},{"not_picked":["Disarm","Thunderclap"],"picked":"Rage","floor":0},{"not_picked":["Perfected Strike","Consume"],"picked":"Rampage","floor":0},{"not_picked":["Metallicize","Twin Strike"],"picked":"Wild Strike","floor":1},{"not_picked":["Intimidate","Clothesline"],"picked":"Clash","floor":3},{"not_picked":["Fusion","Feel No Pain"],"picked":"Go for the Eyes","floor":4},{"not_picked":["Cleave","Whirlwind","Reaper"],"picked":"SKIP","floor":7},{"not_picked":["Meteor Strike","Seek"],"picked":"All For One","floor":8},{"not_picked":["Storm","Turbo"],"picked":"Shrug It Off","floor":11},{"not_picked":["Skim","Blood for Blood","Ball Lightning"],"picked":"SKIP","floor":13},{"not_picked":["Barricade","Hyperbeam"],"picked":"Brutality","floor":14},{"not_picked":["Multi-Cast","Limit Break"],"picked":"Offering","floor":16},{"not_picked":["Intimidate+1","Stack"],"picked":"Flex","floor":18},{"not_picked":["Go for the Eyes+1","Leap"],"picked":"FTL","floor":21},{"not_picked":["Headbutt","Sunder"],"picked":"Flex","floor":22},{"not_picked":["Biased Cognition+1","Electrodynamics+1","Impervious"],"picked":"SKIP","floor":28},{"not_picked":["Stack","Go for the Eyes"],"picked":"Beam Cell","floor":30},{"not_picked":["Turbo+1","Hemokinesis+1"],"picked":"Beam Cell","floor":31},{"not_picked":["Fiend Fire","Creative AI+1"],"picked":"Double Tap","floor":33},{"not_picked":["Whirlwind","Hemokinesis+1"],"picked":"Warcry+1","floor":35},{"not_picked":["Twin Strike+1","Recycle+1","True Grit"],"picked":"SKIP","floor":38},{"not_picked":["Self Repair+1","Beam Cell+1"],"picked":"Gash+1","floor":39},{"not_picked":["Seek","Multi-Cast"],"picked":"Reboot","floor":41},{"not_picked":["Aggregate+1","True Grit"],"picked":"Warcry+1","floor":44},{"not_picked":["Chaos","Heatsinks+1","Conserve Battery"],"picked":"SKIP","floor":45}],"player_experience":484010,"relics_obtained":[{"floor":8,"key":"Cables"},{"floor":9,"key":"Darkstone Periapt"},{"floor":14,"key":"Frozen Egg 2"},{"floor":26,"key":"Mummified Hand"},{"floor":28,"key":"Potion Belt"},{"floor":41,"key":"Du-Vu Doll"},{"floor":43,"key":"Pantograph"}],"event_choices":[{"damage_healed":0,"gold_gain":0,"player_choice":"Forge","damage_taken":0,"max_hp_gain":0,"max_hp_loss":0,"event_name":"Accursed Blacksmith","floor":2,"gold_loss":0,"cards_upgraded":["Rampage"]},{"cards_removed":["Shrug It Off"],"damage_healed":0,"gold_gain":0,"player_choice":"Gave Gold","damage_taken":0,"max_hp_gain":0,"max_hp_loss":0,"event_name":"Beggar","floor":19,"gold_loss":75},{"damage_healed":0,"gold_gain":0,"cards_transformed":["Wild Strike"],"player_choice":"Transformed","damage_taken":0,"max_hp_gain":0,"max_hp_loss":0,"event_name":"Transmorgrifier","floor":20,"gold_loss":0,"cards_obtained":["Burning Pact"]},{"damage_healed":0,"gold_gain":0,"player_choice":"Ignored","damage_taken":0,"max_hp_gain":0,"max_hp_loss":0,"event_name":"Vampires","floor":25,"gold_loss":0},{"cards_removed":["Hologram"],"damage_healed":0,"gold_gain":0,"player_choice":"Removed Skill","damage_taken":0,"max_hp_gain":0,"max_hp_loss":0,"event_name":"Falling","floor":36,"gold_loss":0},{"damage_healed":0,"gold_gain":0,"player_choice":"Ignored","damage_taken":0,"max_hp_gain":0,"max_hp_loss":0,"event_name":"Transmorgrifier","floor":37,"gold_loss":0},{"damage_healed":22,"gold_gain":0,"player_choice":"Writhe","damage_taken":0,"max_hp_gain":0,"max_hp_loss":0,"event_name":"Winding Halls","floor":48,"gold_loss":0,"cards_obtained":["Writhe"]}],"is_beta":false,"boss_relics":[{"not_picked":["Velvet Choker","Runic Pyramid"],"picked":"Cursed Key"},{"not_picked":["Calling Bell","Inserter"],"picked":"Fusion Hammer"}],"items_purged_floors":[42,47],"is_endless":false,"potions_floor_spawned":[4,7,11,14,16,21,31,33,35,39,44],"ascension_level":0}