{"gold_per_floor":[113,124,49,49,49,49,83,98,98,98,129,229,257,274,274,378,378,392,402,402,422,440,440,467,467,517,549,202,236,252,277,277,376,376,390,401,401,276,325,358,375,375,375,375,225,237,237,252,252,252,252,252,6,32,32],"floor_reached":56,"playtime":3741,"items_purged":["Strike_R","Strike_R","Strike_R","Strike_R","Strike_R"],"score":1398,"play_id":"70f78dd4-4dab-4353-a904-bcf828db9c9f","local_time":"20190510195854","is_ascension_mode":true,"campfire_choices":[{"data":"Bash","floor":6,"key":"SMITH"},{"data":"Iron Wave","floor":10,"key":"SMITH"},{"data":"Limit Break","floor":15,"key":"SMITH"},{"floor":23,"key":"REST"},{"floor":32,"key":"REST"},{"data":"Demon Form","floor":42,"key":"SMITH"},{"floor":47,"key":"RECALL"},{"floor":49,"key":"REST"},{"data":"Shockwave","floor":52,"key":"SMITH"}],"neow_cost":"NONE","seed_source_timestamp":1902128192255708,"circlet_count":0,"master_deck":["Defend_R","Defend_R","Defend_R","Defend_R","Bash+1","Cleave","Iron Wave+1","Shockwave+1","Limit Break+1","Flex","Sword Boomerang","Demon Form+1","Uppercut","Uppercut","Shrug It Off","Carnage","Heavy Blade+1","Offering","Heavy Blade+1","Armaments+1","Heavy Blade+1","Pummel"],"relics":["Burning Blood","Vajra","Ornamental Fan","PreservedInsect","Mummified Hand","Incense Burner","Paper Frog","Snecko Eye","Dodecahedron","Ancient Tea Set","Lantern","Pear","Oddly Smooth Stone","Self Forming Clay","Lizard Tail","Magic Flower","Meat on the Bone","Mercury Hourglass"],"potions_floor_usage":[13,16,27,31,33,39,55,55,55],"damage_taken":[{"damage":5,"enemies":"Small Slimes","floor":1,"turns":4},{"damage":4,"enemies":"Jaw Worm","floor":2,"turns":4},{"damage":32,"enemies":"Lagavulin","floor":7,"turns":7},{"damage":0,"enemies":"Cultist","floor":8,"turns":2},{"damage":0,"enemies":"Gremlin Nob","floor":11,"turns":3},{"damage":10,"enemies":"3 Sentries","floor":13,"turns":6},{"damage":0,"enemies":"3 Louse","floor":14,"turns":2},{"damage":50,"enemies":"Slime Boss","floor":16,"turns":13},{"damage":10,"enemies":"Shell Parasite","floor":18,"turns":3},{"damage":16,"enemies":"2 Thieves","floor":19,"turns":3},{"damage":14,"enemies":"Snecko","floor":21,"turns":4},{"damage":14,"enemies":"Snake Plant","floor":22,"turns":2},{"damage":6,"enemies":"Gremlin Leader","floor":24,"turns":4},{"damage":26,"enemies":"Slavers","floor":27,"turns":3},{"damage":3,"enemies":"Gremlin Leader","floor":29,"turns":2},{"damage":6,"enemies":"Chosen and Byrds","floor":30,"turns":4},{"damage":26,"enemies":"Book of Stabbing","floor":31,"turns":5},{"damage":2,"enemies":"Collector","floor":33,"turns":6},{"damage":2,"enemies":"Orb Walker","floor":35,"turns":2},{"damage":5,"enemies":"3 Shapes","floor":36,"turns":3},{"damage":23,"enemies":"2 Orb Walkers","floor":39,"turns":4},{"damage":43,"enemies":"Giant Head","floor":40,"turns":7},{"damage":24,"enemies":"Spire Growth","floor":41,"turns":4},{"damage":23,"enemies":"Maw","floor":46,"turns":5},{"damage":0,"enemies":"3 Darklings","floor":48,"turns":3},{"damage":63,"enemies":"Time Eater","floor":50,"turns":7},{"damage":14,"enemies":"Shield and Spear","floor":54,"turns":3},{"damage":70,"enemies":"The Heart","floor":55,"turns":6}],"seed_played":"8327531246460028781","potions_obtained":[{"floor":2,"key":"SneckoOil"},{"floor":8,"key":"Energy Potion"},{"floor":11,"key":"Poison Potion"},{"floor":13,"key":"SpeedPotion"},{"floor":16,"key":"Dexterity Potion"},{"floor":22,"key":"Fire Potion"},{"floor":27,"key":"LiquidBronze"},{"floor":29,"key":"Block Potion"},{"floor":31,"key":"PowerPotion"},{"floor":36,"key":"Strength Potion"},{"floor":40,"key":"BloodPotion"}],"is_trial":false,"path_per_floor":["M","M","$","?","?","R","E","M","T","R","E","?","E","M","R","B",null,"M","M","?","M","M","R","E","?","T","E","$","E","M","E","R","B",null,"M","M","?","$","?","E","M","R","T","?","$","M","R","M","R","B",null,"R","$","E","B",null],"character_chosen":"IRONCLAD","items_purchased":["Pear","Pummel"],"campfire_rested":3,"item_purchase_floors":[28,53],"current_hp_per_floor":[80,80,80,77,77,77,51,57,57,57,63,63,59,65,65,21,80,76,66,51,43,35,60,60,60,60,40,50,53,53,33,61,65,95,95,95,90,90,73,39,42,42,42,42,42,46,46,55,82,46,90,90,90,85,56],"gold":32,"neow_bonus":"RANDOM_COMMON_RELIC","is_prod":false,"is_daily":false,"chose_seed":false,"campfire_upgraded":5,"win_rate":0,"timestamp":1557536334,"path_taken":["M","M","$","?","?","R","E","M","T","R","E","?","E","M","R","BOSS","M","?","?","M","M","R","E","?","T","E","$","E","M","E","R","BOSS","M","M","?","$","?","E","M","R","T","?","$","M","R","M","R","BOSS","R","$","E","BOSS"],"build_version":"2019-01-23","purchased_purges":5,"victory":true,"max_hp_per_floor":[80,80,80,80,80,80,80,80,80,80,80,80,80,80,80,80,80,80,80,85,85,85,85,85,85,85,85,95,95,95,95,95,95,95,95,95,90,90,90,90,90,90,90,90,90,90,90,90,90,90,90,90,90,90,90],"card_choices":[{"not_picked":["Twin Strike","Armaments"],"picked":"Cleave","floor":1},{"not_picked":["Body Slam","Anger"],"picked":"Iron Wave","floor":2},{"not_picked":["Cleave","Spot Weakness"],"picked":"Shockwave","floor":7},{"not_picked":["Cleave","True Grit"],"picked":"Limit Break","floor":8},{"not_picked":["Clash","Anger"],"picked":"Flex","floor":11},{"not_picked":["Sentinel","Body Slam"],"picked":"Sword Boomerang","floor":13},{"not_picked":["Power Through","Entrench","Clothesline"],"picked":"SKIP","floor":14},{"not_picked":["Dark Embrace","Impervious"],"picked":"Demon Form","floor":16},{"not_picked":["Wild Strike","Second Wind"],"picked":"Uppercut","floor":18},{"not_picked":["Spot Weakness","Pommel Strike","Intimidate"],"picked":"SKIP","floor":19},{"not_picked":["Anger","Pommel Strike+1"],"picked":"Uppercut","floor":21},{"not_picked":["Flex","Thunderclap","Hemokinesis+1"],"picked":"SKIP","floor":22},{"not_picked":["Wild Strike","Perfected Strike"],"picked":"Shrug It Off","floor":24},{"not_picked":["Rampage","Bloodletting"],"picked":"Carnage","floor":27},{"not_picked":["Anger+1","Dual Wield","Twin Strike+1"],"picked":"SKIP","floor":29},{"not_picked":["Reckless Charge+1","Metallicize+1","Double Tap"],"picked":"SKIP","floor":30},{"not_picked":["Hemokinesis+1","Reckless Charge"],"picked":"Heavy Blade+1","floor":31},{"not_picked":["Demon Form","Exhume"],"picked":"Offering","floor":33},{"not_picked":["Clothesline","Perfected Strike+1","Fire Breathing+1"],"picked":"SKIP","floor":35},{"not_picked":["Warcry+1","Combust+1","Flex"],"picked":"SKIP","floor":36},{"not_picked":["Brutality","Wild Strike+1","Entrench+1"],"picked":"SKIP","floor":40},{"not_picked":["Twin Strike+1","Headbutt+1"],"picked":"Heavy Blade+1","floor":41},{"not_picked":["Dual Wield+1","Thunderclap"],"picked":"Armaments+1","floor":46},{"not_picked":["Perfected Strike+1","Sword Boomerang+1"],"picked":"Heavy Blade+1","floor":48},{"not_picked":["Sword Boomerang+1","Sever Soul","Heavy Blade"],"picked":"SKIP","floor":54}],"player_experience":264210,"relics_obtained":[{"floor":7,"key":"PreservedInsect"},{"floor":9,"key":"Mummified Hand"},{"floor":11,"key":"Incense Burner"},{"floor":13,"key":"Paper Frog"},{"floor":24,"key":"Dodecahedron"},{"floor":26,"key":"Ancient Tea Set"},{"floor":27,"key":"Lantern"},{"floor":29,"key":"Oddly Smooth Stone"},{"floor":31,"key":"Self Forming Clay"},{"floor":39,"key":"Magic Flower"},{"floor":40,"key":"Meat on the Bone"},{"floor":54,"key":"Mercury Hourglass"}],"event_choices":[{"damage_healed":0,"gold_gain":0,"player_choice":"Success","damage_taken":3,"relics_obtained":["Ornamental Fan"],"max_hp_gain":0,"max_hp_loss":0,"event_name":"Scrap Ooze","floor":4,"gold_loss":0},{"damage_healed":0,"gold_gain":0,"player_choice":"Ignored","damage_taken":0,"max_hp_gain":0,"max_hp_loss":0,"event_name":"Liars Game","floor":5,"gold_loss":0},{"damage_healed":0,"gold_gain":100,"player_choice":"Pray","damage_taken":0,"max_hp_gain":0,"max_hp_loss":0,"event_name":"Golden Shrine","floor":12,"gold_loss":0},{"damage_healed":0,"gold_gain":0,"player_choice":"Shed Blood","damage_taken":20,"max_hp_gain":5,"max_hp_loss":0,"event_name":"Forgotten Altar","floor":20,"gold_loss":0},{"damage_healed":0,"gold_gain":0,"player_choice":"Ignored","damage_taken":0,"max_hp_gain":0,"max_hp_loss":0,"event_name":"Ghosts","floor":25,"gold_loss":0},{"damage_healed":0,"gold_gain":0,"player_choice":"Max HP","damage_taken":0,"max_hp_gain":0,"max_hp_loss":5,"event_name":"Winding Halls","floor":37,"gold_loss":0},{"damage_healed":0,"gold_gain":0,"player_choice":"Fight","damage_taken":0,"max_hp_gain":0,"max_hp_loss":0,"event_name":"Mysterious Sphere","floor":39,"gold_loss":0},{"damage_healed":0,"gold_gain":0,"player_choice":"0 cards matched","damage_taken":0,"max_hp_gain":0,"max_hp_loss":0,"event_name":"Match and Keep!","floor":44,"gold_loss":0,"cards_obtained":[]}],"is_beta":false,"boss_relics":[{"not_picked":["Busted Crown","Calling Bell"],"picked":"Snecko Eye"},{"not_picked":["Pandora\u0027s Box","Runic Dome"],"picked":"Lizard Tail"}],"items_purged_floors":[3,28,38,45,53],"is_endless":false,"potions_floor_spawned":[2,8,11,13,16,22,24,27,29,31,36,40,48],"ascension_level":3}