{"gold_per_floor":[114,114,5,17,32,32,50,76,129,129,79,91,15,28,28,131,131,141,156,156,156,88,88,116,129,182,210,51,51,51,67,67,170,170,180,255,273,273,300,300,315,329,329,329,341,355,369,49,49,49],"floor_reached":51,"playtime":2613,"items_purged":["Strike_R","Strike_R+1"],"score":954,"play_id":"3f202f59-6d07-4f5a-aca3-c9b24c9cdac8","local_time":"20190509092023","is_ascension_mode":true,"campfire_choices":[{"data":"Hemokinesis","floor":6.0,"key":"SMITH"},{"floor":10.0,"key":"REST"},{"floor":15.0,"key":"REST"},{"data":"Feel No Pain","floor":23.0,"key":"SMITH"},{"floor":30.0,"key":"REST"},{"data":"Limit Break","floor":32.0,"key":"SMITH"},{"data":"Uppercut","floor":40,"key":"SMITH"},{"data":"Shrug It Off","floor":44,"key":"SMITH"},{"floor":49,"key":"REST"}],"neow_cost":"PERCENT_DAMAGE","seed_source_timestamp":0,"circlet_count":0,"master_deck":["Bash","Inflame","Hemokinesis+1","Heavy Blade","Headbutt","Feel No Pain+1","Reaper","Pummel","Uppercut+1","Feed","Headbutt","Rupture","J.A.X.","Spot Weakness","Iron Wave+1","Seeing Red+1","Limit Break+1","Impervious","Bloodletting","Entrench","Seeing Red","Barricade","Warcry","Body Slam","Shrug It Off+1","Thunderclap+1","Apotheosis","Armaments","Rage"],"special_seed":0,"relics":["Burning Blood","StoneCalendar","Darkstone Periapt","Bag of Preparation","Potion Belt","Snecko Eye","Lantern","MawBank","Pandora\u0027s Box","Bronze Scales","Paper Frog"],"potions_floor_usage":[42,50,50],"damage_taken":[{"damage":10.0,"enemies":"Jaw Worm","floor":1.0,"turns":6.0},{"damage":4.0,"enemies":"Cultist","floor":4.0,"turns":3.0},{"damage":0.0,"enemies":"2 Louse","floor":5.0,"turns":2.0},{"damage":8.0,"enemies":"2 Fungi Beasts","floor":7.0,"turns":3.0},{"damage":34.0,"enemies":"3 Sentries","floor":8.0,"turns":7.0},{"damage":11.0,"enemies":"Red Slaver","floor":12.0,"turns":2.0},{"damage":16.0,"enemies":"Gremlin Gang","floor":14.0,"turns":6.0},{"damage":29.0,"enemies":"Slime Boss","floor":16.0,"turns":7.0},{"damage":19.0,"enemies":"Chosen","floor":18.0,"turns":5.0},{"damage":8.0,"enemies":"Spheric Guardian","floor":19.0,"turns":3.0},{"damage":58.0,"enemies":"Book of Stabbing","floor":24.0,"turns":5.0},{"damage":29.0,"enemies":"Snake Plant","floor":25.0,"turns":4.0},{"damage":21.0,"enemies":"Cultist and Chosen","floor":27.0,"turns":4.0},{"damage":14.0,"enemies":"Shelled Parasite and Fungi","floor":31.0,"turns":5.0},{"damage":105.0,"enemies":"Automaton","floor":33.0,"turns":7.0},{"damage":29,"enemies":"3 Shapes","floor":35,"turns":5},{"damage":7,"enemies":"Orb Walker","floor":37,"turns":2},{"damage":40,"enemies":"Spire Growth","floor":41,"turns":5},{"damage":30,"enemies":"Sphere and 2 Shapes","floor":42,"turns":3},{"damage":35,"enemies":"Maw","floor":45,"turns":6},{"damage":20,"enemies":"Spire Growth","floor":46,"turns":4},{"damage":32,"enemies":"Sphere and 2 Shapes","floor":47,"turns":5},{"damage":59,"enemies":"Time Eater","floor":50,"turns":5}],"seed_played":"-572715554732856576","potions_obtained":[{"floor":4.0,"key":"AttackPotion"},{"floor":7.0,"key":"Strength Potion"},{"floor":12.0,"key":"Regen Potion"},{"floor":16.0,"key":"Weak Potion"},{"floor":18.0,"key":"Ancient Potion"},{"floor":19.0,"key":"Strength Potion"},{"floor":31.0,"key":"Strength Potion"},{"floor":33.0,"key":"SpeedPotion"},{"floor":42,"key":"Explosive Potion"}],"is_trial":false,"path_per_floor":["M","?","$","M","M","R","M","E","T","R","?","M","?","M","R","B",null,"M","M","?","?","$","R","E","M","T","M","$","$","R","M","R","B",null,"M","?","M","?","T","R","M","M","T","R","M","M","M","$","R","B",null],"character_chosen":"IRONCLAD","items_purchased":["Hemokinesis","Spot Weakness","Limit Break","Apotheosis","Armaments","Rage"],"campfire_rested":4,"item_purchase_floors":[3,22,28,48,48,48],"current_hp_per_floor":[47,39,39,41,47,47,45,17,17,41,41,36,36,26,50,35,69,68,66,66,66,66,66,32,14,14,18,18,18,43,58,58,23,73,71,62,61,61,61,61,30,48,48,48,34,33,25,25,52,19],"gold":49,"neow_bonus":"ONE_RARE_RELIC","is_prod":false,"is_daily":false,"chose_seed":false,"campfire_upgraded":5,"win_rate":0,"timestamp":1557418823,"path_taken":["M","?","$","M","?","R","M","E","T","R","?","M","?","?","R","BOSS","M","?","?","?","?","R","E","M","T","M","?","$","R","M","R","BOSS","M","?","?","?","?","R","M","M","T","R","M","M","M","$","R","BOSS"],"build_version":"2019-01-23","purchased_purges":2,"victory":true,"max_hp_per_floor":[80,80,80,80,80,80,80,80,80,80,80,80,80,80,80,80,80,83,83,83,83,83,83,83,83,83,86,86,86,86,89,89,89,89,92,92,92,87,87,87,90,90,90,90,90,90,93,93,93,93],"card_choices":[{"not_picked":["Perfected Strike","Pummel"],"picked":"Inflame","floor":1.0},{"not_picked":["Body Slam","Clash"],"picked":"Heavy Blade","floor":4.0},{"not_picked":["Metallicize","Feel No Pain"],"picked":"Headbutt","floor":5.0},{"not_picked":["Entrench","Corruption"],"picked":"Feel No Pain","floor":7.0},{"not_picked":["Sentinel","Iron Wave"],"picked":"Reaper","floor":8.0},{"not_picked":["Dropkick","Warcry"],"picked":"Pummel","floor":12.0},{"not_picked":["Sever Soul","Second Wind"],"picked":"Uppercut","floor":14.0},{"not_picked":["Fiend Fire","Juggernaut"],"picked":"Feed","floor":16.0},{"not_picked":["Pummel","Wild Strike"],"picked":"Headbutt","floor":18.0},{"not_picked":["Fire Breathing","Burning Pact"],"picked":"Rupture","floor":19.0},{"not_picked":["Combust","Flex+1"],"picked":"Iron Wave+1","floor":24.0},{"not_picked":["Dropkick","Body Slam","Twin Strike"],"picked":"SKIP","floor":25.0},{"not_picked":["Anger","Heavy Blade+1"],"picked":"Seeing Red+1","floor":27.0},{"not_picked":["Clash","Perfected Strike+1","Anger"],"picked":"SKIP","floor":31.0},{"not_picked":["Limit Break","Juggernaut"],"picked":"Impervious","floor":33.0},{"not_picked":["Havoc","Bloodletting"],"picked":"Shrug It Off","floor":35},{"not_picked":["Intimidate","Hemokinesis+1","Headbutt"],"picked":"SKIP","floor":37},{"not_picked":["Headbutt","Entrench"],"picked":"Thunderclap+1","floor":41},{"not_picked":["Clothesline+1","Iron Wave+1","Perfected Strike"],"picked":"SKIP","floor":42},{"not_picked":["Perfected Strike","Infernal Blade+1","Clash"],"picked":"SKIP","floor":45},{"not_picked":["Clothesline","Intimidate","Cleave"],"picked":"SKIP","floor":46},{"not_picked":["Rampage+1","Anger","Bloodletting+1"],"picked":"SKIP","floor":47}],"player_experience":442025,"relics_obtained":[{"floor":8.0,"key":"Darkstone Periapt"},{"floor":9.0,"key":"Bag of Preparation"},{"floor":24.0,"key":"Lantern"},{"floor":26.0,"key":"MawBank"},{"floor":39,"key":"Bronze Scales"},{"floor":43,"key":"Paper Frog"}],"event_choices":[{"damage_healed":0.0,"max_hp_gain":0.0,"max_hp_loss":0.0,"gold_gain":0.0,"event_name":"Wheel of Change","player_choice":"Damaged","floor":2.0,"gold_loss":0.0,"damage_taken":8.0},{"cards_removed":["Strike_R"],"damage_healed":0.0,"max_hp_gain":0.0,"max_hp_loss":0.0,"gold_gain":0.0,"event_name":"The Cleric","player_choice":"Card Removal","floor":11.0,"gold_loss":50.0,"damage_taken":0.0},{"damage_healed":0.0,"max_hp_gain":0.0,"max_hp_loss":0.0,"gold_gain":0.0,"event_name":"WeMeetAgain","player_choice":"Paid Gold","floor":13.0,"gold_loss":76.0,"damage_taken":0.0,"relics_obtained":["Potion Belt"]},{"damage_healed":0.0,"max_hp_gain":0.0,"max_hp_loss":0.0,"gold_gain":0.0,"event_name":"Back to Basics","player_choice":"Simplicity","floor":20.0,"gold_loss":0.0,"damage_taken":0.0,"cards_upgraded":["Strike_R","Strike_R","Strike_R","Defend_R","Defend_R","Defend_R","Defend_R"]},{"damage_healed":0.0,"max_hp_gain":0.0,"max_hp_loss":0.0,"gold_gain":0.0,"event_name":"Drug Dealer","player_choice":"Obtain J.A.X.","floor":21.0,"gold_loss":0.0,"damage_taken":0.0,"cards_obtained":["J.A.X."]},{"damage_healed":0,"gold_gain":75,"player_choice":"Touch","damage_taken":9,"max_hp_gain":0,"max_hp_loss":0,"event_name":"FaceTrader","floor":36,"gold_loss":0},{"damage_healed":0,"gold_gain":0,"player_choice":"Max HP","damage_taken":0,"max_hp_gain":0,"max_hp_loss":5,"event_name":"Winding Halls","floor":38,"gold_loss":0}],"is_beta":false,"boss_relics":[{"not_picked":["Runic Dome","Eternal Feather"],"picked":"Snecko Eye"},{"not_picked":["Runic Pyramid","Lizard Tail"],"picked":"Pandora\u0027s Box"}],"items_purged_floors":[3,28],"is_endless":false,"potions_floor_spawned":[4,7,12,16,18,19,31,33,35,41,42,47],"ascension_level":8}