{"gold_per_floor":[115,130,205,205,218,218,250,31,31,31,31,49,74,87,87,183,183,195,120],"floor_reached":19,"playtime":791,"items_purged":[],"score":283,"play_id":"25308191-c633-46d5-99b2-6de78d0ff4cd","local_time":"20190317134636","is_ascension_mode":true,"campfire_choices":[{"data":"Pommel Strike","floor":6,"key":"SMITH"},{"floor":15,"key":"REST"}],"neow_cost":"NONE","seed_source_timestamp":242220489068000,"circlet_count":0,"master_deck":["AscendersBane","Strike_R","Strike_R","Strike_R","Strike_R","Strike_R","Defend_R","Defend_R","Defend_R","Defend_R","Bash","Cleave","Pommel Strike+1","Shrug It Off","Flame Barrier","Thunderclap","Clothesline","Uppercut","Demon Form","Heavy Blade"],"relics":["Burning Blood","Potion Belt","Strawberry","MealTicket","Bottled Lightning","SsserpentHead","PreservedInsect","Runic Cube"],"potions_floor_usage":[7,7,13,16],"damage_taken":[{"damage":7,"enemies":"Small Slimes","floor":1,"turns":3},{"damage":1,"enemies":"Cultist","floor":2,"turns":3},{"damage":4,"enemies":"Jaw Worm","floor":5,"turns":3},{"damage":15,"enemies":"3 Sentries","floor":7,"turns":6},{"damage":8,"enemies":"Blue Slaver","floor":12,"turns":4},{"damage":37,"enemies":"Gremlin Nob","floor":13,"turns":5},{"damage":0,"enemies":"2 Fungi Beasts","floor":14,"turns":3},{"damage":52,"enemies":"The Guardian","floor":16,"turns":11},{"damage":35,"enemies":"3 Byrds","floor":18,"turns":5},{"damage":41,"enemies":"2 Thieves","floor":19,"turns":3}],"seed_played":"4563937873633777413","potions_obtained":[{"floor":1,"key":"PowerPotion"},{"floor":4,"key":"PowerPotion"},{"floor":4,"key":"FearPotion"},{"floor":4,"key":"Fire Potion"},{"floor":7,"key":"Ancient Potion"},{"floor":13,"key":"PowerPotion"}],"is_trial":false,"path_per_floor":["M","M","?","?","M","R","E","$","T","?","?","M","E","M","R","B",null,"M","M"],"character_chosen":"IRONCLAD","items_purchased":["MealTicket","Thunderclap"],"campfire_rested":1,"item_purchase_floors":[8,8],"current_hp_per_floor":[71,76,65,65,67,67,65,65,65,65,65,63,32,38,64,18,70,41,0],"gold":120,"neow_bonus":"RANDOM_COMMON_RELIC","is_prod":false,"is_daily":false,"chose_seed":false,"campfire_upgraded":1,"win_rate":0,"timestamp":1552826796,"path_taken":["M","M","?","?","?","R","E","$","T","?","?","M","E","M","R","BOSS","M","M"],"build_version":"2019-01-23","purchased_purges":0,"victory":false,"max_hp_per_floor":[80,80,80,80,80,80,87,87,87,87,87,87,87,87,87,87,87,87,87],"card_choices":[{"not_picked":["Evolve","Body Slam"],"picked":"Cleave","floor":1},{"not_picked":["Combust","Shrug It Off"],"picked":"Pommel Strike","floor":2},{"not_picked":["Iron Wave","Warcry"],"picked":"Shrug It Off","floor":5},{"not_picked":["Blood for Blood","True Grit"],"picked":"Flame Barrier","floor":7},{"not_picked":["Shrug It Off","Wild Strike"],"picked":"Clothesline","floor":12},{"not_picked":["Offering","Iron Wave"],"picked":"Uppercut","floor":13},{"not_picked":["Sword Boomerang","Armaments","Anger"],"picked":"SKIP","floor":14},{"not_picked":["Fiend Fire","Exhume"],"picked":"Demon Form","floor":16},{"not_picked":["Headbutt","Clash"],"picked":"Heavy Blade","floor":18}],"player_experience":1529969,"relics_obtained":[{"floor":7,"key":"Strawberry"},{"floor":9,"key":"Bottled Lightning"},{"floor":13,"key":"PreservedInsect"}],"event_choices":[{"damage_healed":0,"gold_gain":75,"player_choice":"Gather Gold","damage_taken":11,"max_hp_gain":0,"max_hp_loss":0,"event_name":"World of Goop","floor":3,"gold_loss":0},{"damage_healed":0,"gold_gain":0,"player_choice":"Got Potions","damage_taken":0,"max_hp_gain":0,"max_hp_loss":0,"event_name":"Lab","floor":4,"gold_loss":0},{"damage_healed":0,"gold_gain":0,"player_choice":"Leave","damage_taken":0,"max_hp_gain":0,"max_hp_loss":0,"event_name":"The Cleric","floor":10,"gold_loss":0},{"damage_healed":0,"gold_gain":0,"player_choice":"Trade","damage_taken":0,"relics_obtained":["SsserpentHead"],"max_hp_gain":0,"max_hp_loss":0,"event_name":"FaceTrader","floor":11,"gold_loss":0}],"is_beta":false,"boss_relics":[{"not_picked":["White Beast Statue","Snecko Eye"],"picked":"Runic Cube"}],"items_purged_floors":[],"is_endless":false,"potions_floor_spawned":[1,7,13],"killed_by":"2 Thieves","ascension_level":12}