{"path_per_floor":["M","?","M","M","$","R","M","R","T","M","R","T","M","?","R","B",null,"M","M","M","?","?"],"character_chosen":"THE_SILENT","items_purchased":[],"gold_per_floor":[112,112,132,144,69,69,82,82,82,101,101,101,116,116,116,211,211,231,249,259,259,259],"floor_reached":23,"campfire_rested":1,"playtime":1269,"current_hp_per_floor":[75,60,60,60,60,60,54,54,54,54,54,54,49,54,78,45,82,75,75,50,50,34],"items_purged":["Strike_G"],"gold":259,"score":245,"play_id":"528304c6-8319-4e21-b862-4d439f11fe02","local_time":"20180307215130","is_prod":false,"is_daily":false,"is_ascension_mode":true,"campfire_upgraded":3,"timestamp":1520488290,"path_taken":["M","?","M","M","$","R","M","R","T","M","R","?","M","?","R","BOSS","M","M","?","?","?","E"],"build_version":"2018-03-01-PROD1","purchased_purges":1,"victory":false,"master_deck":["Defend_G","Defend_G","Defend_G","Defend_G+1","Defend_G","Strike_G","Strike_G","Strike_G","Strike_G","Survivor","Neutralize+1","Leg Sweep+1","Deflect","Catalyst+1","Bouncing Flask+1","Malaise","Bane","Die Die Die","Acrobatics+1","Dagger Spray","Malaise+1","Writhe"],"max_hp_per_floor":[77,77,77,77,77,77,77,77,77,77,77,77,77,82,82,82,82,82,82,82,82,87],"relics":["Ring of the Snake","Ice Cream","Ginger","Eternal Feather","Lantern"],"card_choices":[{"not_picked":["Masterful Stab","Backflip"],"picked":"Leg Sweep"},{"not_picked":["Prepared","Dagger Throw"],"picked":"Deflect"},{"not_picked":["Bane","Slice"],"picked":"Catalyst"},{"not_picked":["Backflip","Infinite Blades"],"picked":"Bouncing Flask"},{"not_picked":["Cloak And Dagger","Prepared"],"picked":"Malaise"},{"not_picked":["PiercingWail","Doppelganger"],"picked":"Bane"},{"not_picked":["Bullet Time","Wraith Form"],"picked":"Die Die Die"},{"not_picked":["Underhanded Strike","Accuracy"],"picked":"Acrobatics"},{"not_picked":["Cloak And Dagger","Setup"],"picked":"Dagger Spray"},{"not_picked":["Slice","Deadly Poison"],"picked":"Malaise"}],"player_experience":157013,"potions_floor_usage":[23],"damage_taken":[{"damage":2,"enemies":"Jaw Worm","floor":1,"turns":6},{"damage":0,"enemies":"2 Louse","floor":3,"turns":6},{"damage":0,"enemies":"Cultist","floor":4,"turns":4},{"damage":6,"enemies":"Exordium Wildlife","floor":7,"turns":8},{"damage":0,"enemies":"Blue Slaver","floor":10,"turns":3},{"damage":5,"enemies":"Large Slime","floor":13,"turns":7},{"damage":33,"enemies":"Hexaghost","floor":16,"turns":10},{"damage":7,"enemies":"Shell Parasite","floor":18,"turns":8},{"damage":0,"enemies":"Chosen","floor":19,"turns":5},{"damage":25,"enemies":"Centurion and Healer","floor":20,"turns":9},{"damage":54,"enemies":"Gremlin Leader","floor":23,"turns":7}],"event_choices":[{"event_name":"Shining Light","player_choice":"Entered Light","floor":2,"damage_taken":0},{"event_name":"Big Fish","player_choice":"Donut","floor":14,"damage_taken":0},{"event_name":"The Mausoleum","player_choice":"Yes","floor":21,"damage_taken":0},{"event_name":"Forgotten Altar","player_choice":"Shed Blood","floor":22,"damage_taken":0}],"boss_relics":[{"not_picked":["White Beast Statue","Philosopher\u0027s Stone"],"picked":"Eternal Feather"}],"potions_floor_spawned":[1,13,20],"seed_played":"8831070130415233178","killed_by":"Gremlin Leader","ascension_level":4,"is_trial":false}