{"gold_per_floor":[111,18,18,90,101,135,135,135,216,236,264,170,202,218,218,321,321,337,337,337,349,396,438,400,84,157,157,10,10,27,54,54,155,155,167,220,14,32,32,32,32,32,57,57,75,75,100,114,114,114],"floor_reached":51,"playtime":4677,"items_purged":["Reflex"],"score":917,"play_id":"d7cda5f1-6967-4ce5-8ad5-8ee1438d83ec","local_time":"20181013152333","is_ascension_mode":true,"campfire_choices":[{"data":"Leg Sweep","floor":8,"key":"SMITH"},{"data":"Discovery","floor":15,"key":"SMITH"},{"data":"Adrenaline","floor":27,"key":"SMITH"},{"data":"Glass Knife","floor":29,"key":"SMITH"},{"floor":32,"key":"REST"},{"floor":40,"key":"REST"},{"floor":44,"key":"REST"},{"floor":49,"key":"REST"}],"neow_cost":"NONE","seed_source_timestamp":127587073878200,"circlet_count":0,"master_deck":["Survivor","Neutralize","Heel Hook","Dramatic Entrance","Leg Sweep+1","Slice","Flying Knee","Glass Knife+1","Discovery+1","Backstab","Venomology","All Out Attack","Deflect","Underhanded Strike","Setup","Deadly Poison","Acrobatics","Calculated Gamble+1","Adrenaline+1","Dagger Spray","Bullet Time","Prepared+1","Metamorphosis","Calculated Gamble+1","Footwork+1"],"relics":["Ring of the Snake","Meat on the Bone","Ginger","Du-Vu Doll","Singing Bowl","Strawberry","Mango","Pandora\u0027s Box","MawBank","StoneCalendar","Paper Crane","Sundial","Regal Pillow","Vajra","Fusion Hammer","Dead Branch","Bronze Scales","Oddly Smooth Stone","Mercury Hourglass"],"potions_floor_usage":[6,6,13,13,21,30,31,33,35,36,38,38,45,48,50,50,50],"damage_taken":[{"damage":0,"enemies":"2 Louse","floor":1,"turns":4},{"damage":0,"enemies":"Small Slimes","floor":5,"turns":2},{"damage":8,"enemies":"Lagavulin","floor":6,"turns":7},{"damage":2,"enemies":"Jaw Worm","floor":10,"turns":5},{"damage":23,"enemies":"Gremlin Nob","floor":11,"turns":5},{"damage":3,"enemies":"Lagavulin","floor":13,"turns":6},{"damage":0,"enemies":"Exordium Wildlife","floor":14,"turns":2},{"damage":29,"enemies":"The Guardian","floor":16,"turns":14},{"damage":3,"enemies":"3 Byrds","floor":18,"turns":4},{"damage":2,"enemies":"Spheric Guardian","floor":21,"turns":4},{"damage":14,"enemies":"Slavers","floor":23,"turns":4},{"damage":6,"enemies":"Shelled Parasite and Fungi","floor":30,"turns":4},{"damage":0,"enemies":"Gremlin Leader","floor":31,"turns":3},{"damage":34,"enemies":"Collector","floor":33,"turns":7},{"damage":0,"enemies":"3 Darklings","floor":35,"turns":2},{"damage":54,"enemies":"Mysterious Sphere","floor":36,"turns":5},{"damage":21,"enemies":"3 Shapes","floor":38,"turns":2},{"damage":6,"enemies":"Sphere and 2 Shapes","floor":45,"turns":3},{"damage":30,"enemies":"Nemesis","floor":47,"turns":7},{"damage":14,"enemies":"4 Shapes","floor":48,"turns":2},{"damage":45,"enemies":"Donu and Deca","floor":50,"turns":10}],"seed_played":"7884908775114360723","potions_obtained":[{"floor":0,"key":"SpeedPotion"},{"floor":0,"key":"SkillPotion"},{"floor":0,"key":"AttackPotion"},{"floor":6,"key":"Ancient Potion"},{"floor":11,"key":"GamblersBrew"},{"floor":31,"key":"GhostInAJar"}],"is_trial":false,"path_per_floor":["M","$","?","T","M","E","?","R","T","M","E","$","E","M","R","B",null,"M","?","?","M","T","E","?","$","T","R","$","R","M","E","R","B",null,"M","?","$","M","$","R","?","?","T","R","M","$","E","M","R","B"],"character_chosen":"THE_SILENT","items_purchased":["Dramatic Entrance","Discovery","Paper Crane","Regal Pillow","Metamorphosis"],"campfire_rested":4,"item_purchase_floors":[2,12,25,28,37],"current_hp_per_floor":[70,70,70,70,70,62,59,59,59,59,55,55,66,68,68,51,95,92,92,92,92,92,78,78,78,78,78,78,78,74,76,101,67,101,103,61,61,59,59,105,105,105,105,105,99,99,69,57,104,59],"gold":114,"neow_bonus":"THREE_SMALL_POTIONS","is_prod":false,"is_daily":false,"chose_seed":false,"campfire_upgraded":4,"win_rate":0,"timestamp":1539437013,"path_taken":["M","$","?","?","M","E","?","R","T","?","E","$","E","M","R","BOSS","M","?","?","?","?","E","?","?","T","R","$","R","?","E","R","BOSS","M","?","$","?","$","R","?","?","T","R","M","$","E","?","R","BOSS"],"build_version":"2018-10-11","purchased_purges":1,"victory":true,"max_hp_per_floor":[70,70,70,70,70,70,70,70,70,72,79,79,93,95,95,95,95,95,95,95,97,97,97,97,97,97,97,97,97,99,101,101,101,101,103,103,103,105,105,105,105,105,105,105,105,105,105,107,107,107],"card_choices":[{"not_picked":["Bane","Sucker Punch"],"picked":"Heel Hook","floor":1},{"not_picked":["Dodge and Roll","Deadly Poison"],"picked":"Slice","floor":5},{"not_picked":["Eviscerate","Dash"],"picked":"Flying Knee","floor":6},{"not_picked":["PiercingWail","Endless Agony","Prepared"],"picked":"Singing Bowl","floor":10},{"not_picked":["Concentrate","Flechettes"],"picked":"Glass Knife","floor":11},{"not_picked":["Prepared","Underhanded Strike"],"picked":"Backstab","floor":13},{"not_picked":["Caltrops","Prepared","PiercingWail"],"picked":"Singing Bowl","floor":14},{"not_picked":["Unload","Storm of Steel"],"picked":"Venomology","floor":16},{"not_picked":["Deflect","Slice"],"picked":"Calculated Gamble","floor":18},{"not_picked":["Bane","Infinite Blades+1","Reflex+1"],"picked":"Singing Bowl","floor":21},{"not_picked":["Flying Knee","PiercingWail+1"],"picked":"Dagger Spray","floor":23},{"not_picked":["PiercingWail+1","Dagger Throw","Slice"],"picked":"Singing Bowl","floor":30},{"not_picked":["Bane+1","Blade Dance","Underhanded Strike+1"],"picked":"Singing Bowl","floor":31},{"not_picked":["Malaise","After Image"],"picked":"Bullet Time","floor":33},{"not_picked":["Crippling Poison+1","Prepared","Dodge and Roll"],"picked":"Singing Bowl","floor":35},{"not_picked":["Escape Plan+1","Quick Slash"],"picked":"Prepared+1","floor":36},{"not_picked":["Escape Plan+1","Well Laid Plans","Outmaneuver"],"picked":"Singing Bowl","floor":38},{"not_picked":["Prepared","Corpse Explosion"],"picked":"Calculated Gamble+1","floor":45},{"not_picked":["Grand Finale","Sucker Punch"],"picked":"Footwork+1","floor":47},{"not_picked":["Deflect+1","Predator","Dodge and Roll"],"picked":"Singing Bowl","floor":48}],"player_experience":694643,"relics_obtained":[{"floor":4,"key":"Meat on the Bone"},{"floor":6,"key":"Ginger"},{"floor":9,"key":"Singing Bowl"},{"floor":11,"key":"Strawberry"},{"floor":13,"key":"Mango"},{"floor":22,"key":"MawBank"},{"floor":23,"key":"StoneCalendar"},{"floor":26,"key":"Sundial"},{"floor":31,"key":"Vajra"},{"floor":36,"key":"Dead Branch"},{"floor":42,"key":"Bronze Scales"},{"floor":43,"key":"Oddly Smooth Stone"},{"floor":47,"key":"Mercury Hourglass"}],"event_choices":[{"event_name":"Living Wall","player_choice":"Change","floor":3,"damage_taken":0},{"event_name":"Scrap Ooze","player_choice":"success","floor":7,"damage_taken":3},{"event_name":"Upgrade Shrine","player_choice":"Upgraded","floor":19,"damage_taken":0},{"event_name":"Drug Dealer","player_choice":"Became Test Subject","floor":20,"damage_taken":0},{"event_name":"The Joust","player_choice":"Bet on Murderer","floor":24,"damage_taken":0},{"event_name":"Mysterious Sphere","player_choice":"Fight","floor":36,"damage_taken":0},{"event_name":"Falling","player_choice":"Removed Power","floor":41,"damage_taken":0},{"event_name":"Wheel of Change","player_choice":"Relic","floor":42,"damage_taken":0}],"is_beta":false,"boss_relics":[{"not_picked":["Velvet Choker","HoveringKite"],"picked":"Pandora\u0027s Box"},{"not_picked":["Empty Cage","White Beast Statue"],"picked":"Fusion Hammer"}],"items_purged_floors":[25],"is_endless":false,"potions_floor_spawned":[5,6,11,31,33,36,38],"ascension_level":4}