{"gold_per_floor":[109,109,120,130,141,141,171,181,181,181,198,198,198,2,2,130,130,155,80,180,205,225,225,225,225,225,244,244],"floor_reached":28,"playtime":1195,"items_purged":["Injury"],"score":275,"play_id":"2cabc254-4f65-4bfe-96e6-2693313d62ee","local_time":"20181105003357","is_ascension_mode":true,"campfire_choices":[{"data":"Armaments","floor":6,"key":"SMITH"},{"floor":10,"key":"REST"},{"data":"Dramatic Entrance","floor":12,"key":"SMITH"},{"data":"Blood for Blood","floor":15,"key":"SMITH"},{"floor":23,"key":"REST"},{"floor":25,"key":"REST"}],"neow_cost":"NONE","seed_source_timestamp":529822798595899,"circlet_count":0,"master_deck":["Strike_R","Strike_R","Strike_R","Strike_R","Defend_R","Defend_R","Defend_R","Defend_R","Bash","Dramatic Entrance+1","Flame Barrier","Headbutt","Shrug It Off","Armaments+1","Blood for Blood+1","Double Tap","Violence","Fiend Fire","Warcry+1","Flex+1","Shame","Headbutt+1"],"relics":["Burning Blood","Nunchaku","Turnip","Mercury Hourglass","Golden Idol","Empty Cage","Letter Opener","Ornamental Fan"],"potions_floor_usage":[18,27,27],"damage_taken":[{"damage":2,"enemies":"Jaw Worm","floor":1,"turns":3},{"damage":1,"enemies":"2 Louse","floor":3,"turns":2},{"damage":0,"enemies":"Cultist","floor":4,"turns":2},{"damage":9,"enemies":"2 Fungi Beasts","floor":5,"turns":4},{"damage":45,"enemies":"Lagavulin","floor":7,"turns":10},{"damage":2,"enemies":"3 Louse","floor":8,"turns":3},{"damage":3,"enemies":"Looter","floor":11,"turns":3},{"damage":32,"enemies":"Slime Boss","floor":16,"turns":11},{"damage":4,"enemies":"Chosen","floor":18,"turns":3},{"damage":22,"enemies":"Spheric Guardian","floor":21,"turns":4},{"damage":38,"enemies":"Centurion and Healer","floor":22,"turns":6},{"damage":32,"enemies":"Snecko","floor":27,"turns":4},{"damage":58,"enemies":"Book of Stabbing","floor":28,"turns":5}],"seed_played":"-7549860029624291198","potions_obtained":[{"floor":3,"key":"BloodPotion"},{"floor":16,"key":"Swift Potion"},{"floor":21,"key":"EssenceOfSteel"},{"floor":27,"key":"BloodPotion"}],"is_trial":false,"path_per_floor":["M","?","M","M","M","R","E","M","T","R","M","R","?","$","R","B",null,"M","$","?","M","M","R","?","R","T","M","E"],"character_chosen":"IRONCLAD","items_purchased":["Violence"],"campfire_rested":3,"item_purchase_floors":[14],"current_hp_per_floor":[80,80,80,80,77,77,38,42,42,66,69,69,69,69,69,43,71,73,73,73,57,25,49,49,73,73,55,0],"gold":244,"neow_bonus":"RANDOM_COLORLESS","is_prod":false,"is_daily":false,"chose_seed":false,"campfire_upgraded":3,"win_rate":0,"timestamp":1541374437,"path_taken":["M","?","M","M","M","R","E","M","T","R","M","R","?","$","R","BOSS","M","$","?","M","?","R","?","R","T","M","E"],"build_version":"2018-11-01","purchased_purges":1,"victory":false,"max_hp_per_floor":[80,80,80,80,80,80,80,80,80,80,80,80,80,80,80,80,80,80,80,80,80,80,80,80,80,80,80,80],"card_choices":[{"not_picked":["Reckless Charge","Havoc"],"picked":"Flame Barrier","floor":1},{"not_picked":["Wild Strike","Heavy Blade"],"picked":"Headbutt","floor":3},{"not_picked":["Clothesline","Heavy Blade"],"picked":"Shrug It Off","floor":4},{"not_picked":["Heavy Blade","Warcry"],"picked":"Armaments","floor":5},{"not_picked":["Spot Weakness","Anger"],"picked":"Blood for Blood","floor":7},{"not_picked":["Wild Strike","Sword Boomerang","Twin Strike"],"picked":"SKIP","floor":8},{"not_picked":["Body Slam","Hemokinesis"],"picked":"Double Tap","floor":11},{"not_picked":["Demon Form","Reaper"],"picked":"Fiend Fire","floor":16},{"not_picked":["Searing Blow","Clash"],"picked":"Warcry+1","floor":18},{"not_picked":["Body Slam","Heavy Blade","Hemokinesis"],"picked":"SKIP","floor":21},{"not_picked":["Thunderclap","Pommel Strike"],"picked":"Flex+1","floor":22},{"not_picked":["Warcry","Havoc"],"picked":"Headbutt+1","floor":27}],"player_experience":845892,"relics_obtained":[{"floor":7,"key":"Turnip"},{"floor":9,"key":"Mercury Hourglass"},{"floor":26,"key":"Ornamental Fan"}],"event_choices":[{"damage_healed":0,"gold_gain":0,"player_choice":"Box","damage_taken":0,"relics_obtained":["Nunchaku"],"max_hp_gain":0,"max_hp_loss":0,"event_name":"Big Fish","floor":2,"gold_loss":0,"cards_obtained":["Regret"]},{"damage_healed":0,"gold_gain":0,"player_choice":"Take Wound","damage_taken":0,"relics_obtained":["Golden Idol"],"max_hp_gain":0,"max_hp_loss":0,"event_name":"Golden Idol","floor":13,"gold_loss":0,"cards_obtained":["Injury"]},{"damage_healed":0,"gold_gain":100,"player_choice":"Pray","damage_taken":0,"max_hp_gain":0,"max_hp_loss":0,"event_name":"Golden Shrine","floor":20,"gold_loss":0},{"damage_healed":0,"gold_gain":0,"player_choice":"Stole Relic","damage_taken":0,"relics_obtained":["Letter Opener"],"max_hp_gain":0,"max_hp_loss":0,"event_name":"Addict","floor":24,"gold_loss":0,"cards_obtained":["Shame"]}],"is_beta":false,"boss_relics":[{"not_picked":["Cursed Key","Tiny House"],"picked":"Empty Cage"}],"items_purged_floors":[19],"is_endless":false,"potions_floor_spawned":[3,16,21,27],"killed_by":"Book of Stabbing","ascension_level":5}