{"gold_per_floor":[111,43,63,77,77,117,117,57,57,71,71,31,31,55,55,55],"floor_reached":16,"playtime":549,"items_purged":["Pain"],"score":140,"play_id":"a1e4cf25-129f-4d07-9dcb-bc11265b5c75","local_time":"20190122221140","is_ascension_mode":true,"campfire_choices":[{"floor":7,"key":"REST"},{"floor":11,"key":"REST"},{"floor":15,"key":"REST"}],"neow_cost":"CURSE","seed_source_timestamp":1107265121129000,"circlet_count":0,"master_deck":["Strike_B","Strike_B","Defend_B","Defend_B","Defend_B","Defend_B","Zap","Dualcast","Streamline","Genetic Algorithm","Turbo","Rainbow","Double Energy","Streamline","Injury","Turbo","Redo","Fusion"],"relics":["Cracked Core","Golden Idol","The Courier","Cables"],"potions_floor_usage":[14,16],"damage_taken":[{"damage":5,"enemies":"Cultist","floor":1,"turns":3},{"damage":3,"enemies":"2 Louse","floor":3,"turns":3},{"damage":3,"enemies":"Small Slimes","floor":4,"turns":3},{"damage":52,"enemies":"Lagavulin","floor":6,"turns":6},{"damage":5,"enemies":"Looter","floor":10,"turns":3},{"damage":0,"enemies":"Large Slime","floor":14,"turns":4},{"damage":87,"enemies":"The Guardian","floor":16,"turns":11}],"seed_played":"6874943730849542611","potions_obtained":[{"floor":4,"key":"Explosive Potion"},{"floor":10,"key":"SpeedPotion"},{"floor":13,"key":"AttackPotion"},{"floor":13,"key":"SteroidPotion"}],"is_trial":false,"path_per_floor":["M","$","M","M","?","E","R","$","T","M","R","?","?","M","R","B"],"character_chosen":"DEFECT","items_purchased":["Rainbow"],"campfire_rested":3,"item_purchase_floors":[2],"current_hp_per_floor":[63,63,60,57,57,5,27,27,27,22,44,44,44,44,66,0],"gold":55,"neow_bonus":"TRANSFORM_TWO_CARDS","is_prod":false,"is_daily":false,"chose_seed":false,"campfire_upgraded":0,"win_rate":0,"timestamp":1548191500,"path_taken":["M","$","M","M","?","E","R","$","T","M","R","?","?","?","R","BOSS"],"build_version":"2019-01-17v2","purchased_purges":1,"victory":false,"max_hp_per_floor":[75,75,75,75,75,75,75,75,75,75,75,75,75,75,75,75],"card_choices":[{"not_picked":["Steam Power","Leap"],"picked":"Turbo","floor":1},{"not_picked":["Coolheaded","Conserve Battery"],"picked":"Double Energy","floor":3},{"not_picked":["Skim","Steam Power"],"picked":"Streamline","floor":4},{"not_picked":["Doom and Gloom","Steam"],"picked":"Turbo","floor":6},{"not_picked":["Meteor Strike","Coolheaded"],"picked":"Redo","floor":10},{"not_picked":["Rebound","Hologram"],"picked":"Fusion","floor":14}],"player_experience":1277014,"relics_obtained":[{"floor":6,"key":"The Courier"},{"floor":9,"key":"Cables"}],"event_choices":[{"damage_healed":0,"gold_gain":0,"player_choice":"Take Wound","damage_taken":0,"relics_obtained":["Golden Idol"],"max_hp_gain":0,"max_hp_loss":0,"event_name":"Golden Idol","floor":5,"gold_loss":0,"cards_obtained":["Injury"]},{"damage_healed":0,"gold_gain":0,"player_choice":"Left Gold","damage_taken":0,"max_hp_gain":0,"max_hp_loss":0,"event_name":"World of Goop","floor":12,"gold_loss":40},{"damage_healed":0,"gold_gain":0,"player_choice":"Got Potions","damage_taken":0,"max_hp_gain":0,"max_hp_loss":0,"event_name":"Lab","floor":13,"gold_loss":0}],"is_beta":false,"boss_relics":[],"items_purged_floors":[8],"is_endless":false,"potions_floor_spawned":[4,10],"killed_by":"The Guardian","ascension_level":8}