{"gold_per_floor":[118,393,0,19,31,61,10,29,29,52,52,52,52,81,81,159,159,171,171,71,71,89,89,106,106,153,153,28,40,40,73,73,150,150,168,168,188,200,220,220,251,251,274,274,294,144,162,195,195,195,195,195,195,20,45,45],"floor_reached":57,"playtime":1846,"items_purged":["Regret","Strike_R","Strike_R","Defend_R","Injury"],"score":2951,"play_id":"3b655114-ec04-4bf5-ad4a-f9e6b1879bb3","local_time":"20190513165651","is_ascension_mode":true,"campfire_choices":[{"data":"Armaments","floor":11.0,"key":"SMITH"},{"data":"Searing Blow","floor":13.0,"key":"SMITH"},{"data":"Searing Blow+1","floor":15.0,"key":"SMITH"},{"data":"Searing Blow+3","floor":23.0,"key":"SMITH"},{"data":"Searing Blow+4","floor":25.0,"key":"SMITH"},{"data":"Searing Blow+5","floor":27.0,"key":"SMITH"},{"data":"Searing Blow+6","floor":30.0,"key":"SMITH"},{"data":"Searing Blow+7","floor":32.0,"key":"SMITH"},{"data":"Searing Blow+8","floor":40,"key":"SMITH"},{"data":"Searing Blow+9","floor":42,"key":"SMITH"},{"data":"Searing Blow+10","floor":44,"key":"SMITH"},{"floor":49,"key":"RECALL"},{"data":"Searing Blow+11","floor":53,"key":"SMITH"}],"neow_cost":"NONE","seed_source_timestamp":0,"circlet_count":0,"master_deck":["AscendersBane","Defend_R","Defend_R","Bash","True Grit","Feel No Pain","Armaments+1","Searing Blow+12","Shockwave","Demon Form","Offering","Pommel Strike","Dropkick","Power Through","Barricade","Offering","Burning Pact+1","Warcry+1","Evolve","Shrug It Off"],"special_seed":0,"relics":["Burning Blood","NeowsBlessing","Sundial","Oddly Smooth Stone","Paper Frog","Bag of Marbles","Ancient Tea Set","Centennial Puzzle","Coffee Dripper","Blood Vial","Pen Nib","Cursed Key","Kunai","Dodecahedron","Anchor"],"potions_floor_usage":[50,56,56],"damage_taken":[{"damage":0.0,"enemies":"2 Louse","floor":1.0,"turns":1.0},{"damage":0.0,"enemies":"Cultist","floor":4.0,"turns":1.0},{"damage":0.0,"enemies":"Jaw Worm","floor":5.0,"turns":1.0},{"damage":69.0,"enemies":"Lagavulin","floor":6.0,"turns":10.0},{"damage":2.0,"enemies":"Blue Slaver","floor":8.0,"turns":6.0},{"damage":0.0,"enemies":"3 Sentries","floor":14.0,"turns":15.0},{"damage":20.0,"enemies":"Slime Boss","floor":16.0,"turns":7.0},{"damage":6.0,"enemies":"2 Thieves","floor":18.0,"turns":3.0},{"damage":6.0,"enemies":"Chosen","floor":22.0,"turns":2.0},{"damage":4.0,"enemies":"Centurion and Healer","floor":24.0,"turns":4.0},{"damage":0.0,"enemies":"Shelled Parasite and Fungi","floor":29.0,"turns":3.0},{"damage":13.0,"enemies":"Slavers","floor":31.0,"turns":4.0},{"damage":16.0,"enemies":"Collector","floor":33.0,"turns":4.0},{"damage":6.0,"enemies":"3 Shapes","floor":35.0,"turns":6.0},{"damage":12,"enemies":"3 Darklings","floor":37,"turns":7},{"damage":0,"enemies":"Maw","floor":38,"turns":3},{"damage":6,"enemies":"Spire Growth","floor":39,"turns":2},{"damage":6,"enemies":"Giant Head","floor":41,"turns":3},{"damage":18,"enemies":"Writhing Mass","floor":45,"turns":3},{"damage":13,"enemies":"Jaw Worm Horde","floor":47,"turns":3},{"damage":27,"enemies":"Nemesis","floor":48,"turns":3},{"damage":30,"enemies":"Donu and Deca","floor":50,"turns":6},{"damage":12,"enemies":"Awakened One","floor":51,"turns":5},{"damage":8,"enemies":"Shield and Spear","floor":55,"turns":3},{"damage":25,"enemies":"The Heart","floor":56,"turns":6}],"seed_played":"-1439169926402478080","potions_obtained":[{"floor":6.0,"key":"SkillPotion"},{"floor":8.0,"key":"Fire Potion"},{"floor":24.0,"key":"FearPotion"},{"floor":33.0,"key":"Weak Potion"},{"floor":55,"key":"Weak Potion"}],"is_trial":false,"path_per_floor":["M","?","$","M","M","E","?","M","T","T","R","?","R","E","R","B",null,"M","?","$","?","M","R","M","R","T","R","$","M","R","E","R","B",null,"M","?","M","M","M","R","E","R","T","R","M","$","M","E","R","B","B",null,"R","$","E","B",null],"character_chosen":"IRONCLAD","items_purchased":["Sundial","Feel No Pain"],"campfire_rested":0,"item_purchase_floors":[3,3],"current_hp_per_floor":[74,74,74,75,75,12,12,16,16,16,16,16,16,22,22,8,58,58,58,58,58,58,58,60,60,60,60,60,68,68,63,63,55,70,72,72,68,75,75,75,75,75,75,75,63,63,58,39,39,17,13,60,60,60,60,43],"gold":45,"neow_bonus":"THREE_ENEMY_KILL","is_prod":false,"is_daily":false,"chose_seed":false,"campfire_upgraded":12,"win_rate":0,"timestamp":1557737811,"path_taken":["M","?","$","?","M","E","?","?","T","?","R","?","R","E","R","BOSS","M","?","$","?","M","R","?","R","T","R","?","M","R","E","R","BOSS","M","?","?","M","M","R","E","R","T","R","M","$","M","E","R","BOSS","BOSS","R","$","E","BOSS"],"build_version":"2019-01-23","purchased_purges":5,"victory":true,"max_hp_per_floor":[75,75,75,75,75,75,75,75,75,75,75,75,75,75,75,75,75,75,75,75,75,75,75,75,75,75,75,75,75,75,75,75,75,75,75,75,75,75,75,75,75,75,75,75,75,75,75,75,75,75,75,75,75,75,75,75],"card_choices":[{"not_picked":["Headbutt","Entrench"],"picked":"True Grit","floor":1.0},{"not_picked":["Sword Boomerang","Cleave","Bloodletting"],"picked":"SKIP","floor":4.0},{"not_picked":["Sever Soul","Reckless Charge"],"picked":"Armaments","floor":5.0},{"not_picked":["Anger","Fire Breathing"],"picked":"Searing Blow","floor":6.0},{"not_picked":["Reckless Charge","Rampage","Warcry"],"picked":"SKIP","floor":8.0},{"not_picked":["Pommel Strike","Cleave"],"picked":"Demon Form","floor":14.0},{"not_picked":["Juggernaut","Demon Form"],"picked":"Offering","floor":16.0},{"not_picked":["Metallicize","Anger","Havoc"],"picked":"SKIP","floor":18.0},{"not_picked":["Cleave","Sword Boomerang","Thunderclap"],"picked":"SKIP","floor":22.0},{"not_picked":["Body Slam","Sever Soul","Uppercut"],"picked":"SKIP","floor":24.0},{"not_picked":["Flame Barrier","Intimidate","Thunderclap"],"picked":"SKIP","floor":29.0},{"not_picked":["Blood for Blood+1","Thunderclap"],"picked":"Power Through","floor":31.0},{"not_picked":["Fiend Fire","Bludgeon"],"picked":"Barricade","floor":33.0},{"not_picked":["Heavy Blade","Whirlwind+1","Clash"],"picked":"SKIP","floor":35.0},{"not_picked":["Iron Wave","Shrug It Off"],"picked":"Burning Pact+1","floor":37},{"not_picked":["Bloodletting","Havoc","Cleave+1"],"picked":"SKIP","floor":38},{"not_picked":["Thunderclap","Power Through","Bludgeon"],"picked":"SKIP","floor":39},{"not_picked":["Uppercut","Cleave"],"picked":"Warcry+1","floor":41},{"not_picked":["Spot Weakness+1","Searing Blow","Evolve"],"picked":"SKIP","floor":45},{"not_picked":["Spot Weakness+1","Searing Blow"],"picked":"Evolve","floor":45},{"not_picked":["Body Slam","Sword Boomerang"],"picked":"Shrug It Off","floor":47},{"not_picked":["Iron Wave","Shrug It Off","Intimidate"],"picked":"SKIP","floor":48},{"not_picked":["Ghostly Armor","Dual Wield+1","Shrug It Off"],"picked":"SKIP","floor":55}],"player_experience":1640746,"relics_obtained":[{"floor":6.0,"key":"Oddly Smooth Stone"},{"floor":9.0,"key":"Bag of Marbles"},{"floor":10.0,"key":"Ancient Tea Set"},{"floor":14.0,"key":"Centennial Puzzle"},{"floor":26.0,"key":"Blood Vial"},{"floor":31.0,"key":"Pen Nib"},{"floor":41,"key":"Kunai"},{"floor":48,"key":"Dodecahedron"},{"floor":55,"key":"Anchor"}],"event_choices":[{"damage_healed":0.0,"max_hp_gain":0.0,"max_hp_loss":0.0,"gold_gain":275.0,"event_name":"Golden Shrine","player_choice":"Desecrate","floor":2.0,"gold_loss":0.0,"damage_taken":0.0,"cards_obtained":["Regret"]},{"damage_healed":0.0,"max_hp_gain":0.0,"max_hp_loss":0.0,"gold_gain":0.0,"event_name":"WeMeetAgain","player_choice":"Paid Gold","floor":7.0,"gold_loss":51.0,"damage_taken":0.0,"relics_obtained":["Paper Frog"]},{"damage_healed":0.0,"max_hp_gain":0.0,"max_hp_loss":0.0,"gold_gain":0.0,"cards_transformed":["Strike_R"],"event_name":"Living Wall","player_choice":"Change","floor":12.0,"gold_loss":0.0,"damage_taken":0.0,"cards_obtained":["Shockwave"]},{"damage_healed":0.0,"max_hp_gain":0.0,"max_hp_loss":0.0,"gold_gain":0.0,"cards_transformed":["Strike_R","Strike_R"],"event_name":"Drug Dealer","player_choice":"Became Test Subject","floor":19.0,"gold_loss":0.0,"damage_taken":0.0,"cards_obtained":["Pommel Strike","Dropkick"]},{"damage_healed":0.0,"max_hp_gain":0.0,"max_hp_loss":0.0,"gold_gain":0.0,"event_name":"Upgrade Shrine","player_choice":"Upgraded","floor":21.0,"gold_loss":0.0,"damage_taken":0.0,"cards_upgraded":["Searing Blow"]},{"damage_healed":0,"gold_gain":0,"cards_transformed":["Defend_R"],"player_choice":"Transformed","damage_taken":0,"max_hp_gain":0,"max_hp_loss":0,"event_name":"Transmorgrifier","floor":36,"gold_loss":0,"cards_obtained":["Offering"]}],"is_beta":false,"boss_relics":[{"not_picked":["Lizard Tail","Sozu"],"picked":"Coffee Dripper"},{"not_picked":["Snecko Eye","Busted Crown"],"picked":"Cursed Key"}],"items_purged_floors":[3,20,28,46,54],"is_endless":false,"potions_floor_spawned":[6,8,24,33,35,37,41,55],"ascension_level":20}