{"gold_per_floor":[119,119,119,131,131,131,149,149,198,280,280,44,107,119,119,219,219,235,235,247,41,52,52,80,80,80,80,112,112,126,143,143,245,245,257,257,67,81,93,93,93,113,413,413,423,423,58,74,74,74],"floor_reached":51,"playtime":2539,"items_purged":["Normality","Pain","Strike_R"],"score":725,"play_id":"ff3800c8-acc9-4914-bcf1-440a39191308","local_time":"20181106224523","is_ascension_mode":false,"campfire_choices":[{"data":"Rampage","floor":6,"key":"SMITH"},{"data":"Bash","floor":8,"key":"SMITH"},{"data":"Spot Weakness","floor":11,"key":"SMITH"},{"data":"Second Wind","floor":15,"key":"SMITH"},{"floor":23,"key":"REST"},{"floor":27,"key":"REST"},{"data":"Fiend Fire","floor":29,"key":"SMITH"},{"floor":32,"key":"REST"},{"floor":40,"key":"REST"},{"floor":46,"key":"REST"},{"floor":49,"key":"REST"}],"neow_cost":"CURSE","seed_source_timestamp":694754299602300,"circlet_count":0,"master_deck":["Strike_R","Strike_R","Strike_R","Strike_R","Defend_R","Defend_R","Defend_R","Defend_R+1","Bash+1","Rampage+1","Second Wind+1","Spot Weakness+1","Dual Wield+1","Rupture","Clash","Fiend Fire+1","Sword Boomerang+1","Body Slam+1","Battle Trance","Impervious","Impervious","Combust","Corruption","Battle Trance","Madness","Madness","Reaper","Combust","Forethought","Enlightenment","Panacea","Entrench","Rage","Blood for Blood+1"],"relics":["Burning Blood","Art of War","WarpedTongs","Smiling Mask","Meat on the Bone","Blood Vial","Charon\u0027s Ashes","White Beast Statue","Toy Ornithopter","Centennial Puzzle","War Paint","Ornamental Fan","Regal Pillow","Orrery","Old Coin","Mercury Hourglass"],"potions_floor_usage":[13,13,20,22,22,24,24,30,31,33,33,39,42,45,48,48,50,50],"damage_taken":[{"damage":0,"enemies":"2 Louse","floor":1,"turns":3},{"damage":10,"enemies":"Small Slimes","floor":4,"turns":3},{"damage":7,"enemies":"Cultist","floor":7,"turns":3},{"damage":12,"enemies":"3 Sentries","floor":13,"turns":6},{"damage":11,"enemies":"Exordium Wildlife","floor":14,"turns":3},{"damage":65,"enemies":"Hexaghost","floor":16,"turns":8},{"damage":28,"enemies":"Spheric Guardian","floor":18,"turns":4},{"damage":27,"enemies":"Shell Parasite","floor":20,"turns":3},{"damage":34,"enemies":"Snake Plant","floor":22,"turns":4},{"damage":31,"enemies":"Book of Stabbing","floor":24,"turns":3},{"damage":23,"enemies":"Gremlin Leader","floor":28,"turns":3},{"damage":21,"enemies":"Centurion and Healer","floor":30,"turns":3},{"damage":29,"enemies":"Shelled Parasite and Fungi","floor":31,"turns":4},{"damage":61,"enemies":"Automaton","floor":33,"turns":9},{"damage":3,"enemies":"Orb Walker","floor":35,"turns":3},{"damage":21,"enemies":"3 Darklings","floor":38,"turns":3},{"damage":44,"enemies":"Jaw Worm Horde","floor":39,"turns":6},{"damage":38,"enemies":"4 Shapes","floor":42,"turns":4},{"damage":33,"enemies":"Spire Growth","floor":45,"turns":5},{"damage":45,"enemies":"Jaw Worm Horde","floor":48,"turns":3},{"damage":95,"enemies":"Awakened One","floor":50,"turns":11}],"seed_played":"-3823632989094505057","potions_obtained":[{"floor":1,"key":"SteroidPotion"},{"floor":7,"key":"Explosive Potion"},{"floor":18,"key":"PowerPotion"},{"floor":19,"key":"Strength Potion"},{"floor":19,"key":"Explosive Potion"},{"floor":20,"key":"LiquidBronze"},{"floor":22,"key":"Strength Potion"},{"floor":24,"key":"Dexterity Potion"},{"floor":28,"key":"Strength Potion"},{"floor":30,"key":"SkillPotion"},{"floor":31,"key":"SteroidPotion"},{"floor":33,"key":"AttackPotion"},{"floor":35,"key":"Explosive Potion"},{"floor":38,"key":"LiquidBronze"},{"floor":39,"key":"EssenceOfSteel"},{"floor":42,"key":"Regen Potion"},{"floor":45,"key":"BloodPotion"},{"floor":48,"key":"Swift Potion"}],"is_trial":false,"path_per_floor":["M","?","?","M","?","R","M","R","T","T","R","$","?","M","R","B",null,"M","?","M","$","M","R","E","?","T","R","E","R","M","M","R","B",null,"M","?","$","M","M","R","?","M","T","?","M","R","$","M","R","B",null],"character_chosen":"IRONCLAD","items_purchased":["Dual Wield","Blood Vial","Toy Ornithopter","Reaper","Rage","Mercury Hourglass"],"campfire_rested":6,"item_purchase_floors":[12,12,21,37,47,47],"current_hp_per_floor":[96,89,89,85,96,96,95,95,95,95,95,95,90,87,87,42,96,74,74,55,55,51,79,66,66,66,94,79,79,71,55,96,58,96,96,84,84,81,62,96,96,85,85,75,55,96,96,71,96,56],"gold":74,"neow_bonus":"TWENTY_PERCENT_HP_BONUS","is_prod":false,"is_daily":false,"chose_seed":false,"campfire_upgraded":5,"win_rate":0,"timestamp":1541540723,"path_taken":["M","?","?","?","?","R","?","R","T","?","R","?","?","M","R","BOSS","M","?","M","?","?","R","E","?","T","R","E","R","M","M","R","BOSS","M","?","$","M","M","R","?","?","T","?","M","R","$","M","R","BOSS"],"build_version":"2018-11-01","purchased_purges":3,"victory":true,"max_hp_per_floor":[96,96,96,96,96,96,96,96,96,96,96,96,96,96,96,96,96,96,96,96,96,96,96,96,96,96,96,96,96,96,96,96,96,96,96,96,96,96,96,96,96,96,96,96,96,96,96,96,96,96],"card_choices":[{"not_picked":["Perfected Strike","Pommel Strike"],"picked":"Rampage","floor":1},{"not_picked":["Bloodletting","Clothesline"],"picked":"Second Wind","floor":4},{"not_picked":["Iron Wave","Sword Boomerang"],"picked":"Spot Weakness","floor":7},{"not_picked":["Sever Soul","Perfected Strike"],"picked":"Rupture","floor":13},{"not_picked":["Anger","Sword Boomerang"],"picked":"Clash","floor":14},{"not_picked":["Bludgeon","Immolate"],"picked":"Fiend Fire","floor":16},{"not_picked":["Spot Weakness+1","Pommel Strike"],"picked":"Sword Boomerang+1","floor":18},{"not_picked":["Second Wind","Shockwave","Dual Wield"],"picked":"SKIP","floor":20},{"not_picked":["Sword Boomerang","Anger"],"picked":"Body Slam+1","floor":22},{"not_picked":["Body Slam","Wild Strike","Twin Strike"],"picked":"SKIP","floor":24},{"not_picked":["Uppercut","Second Wind","Ghostly Armor+1"],"picked":"SKIP","floor":28},{"not_picked":["Pommel Strike","Burning Pact"],"picked":"Battle Trance","floor":30},{"not_picked":["Perfected Strike","Shrug It Off"],"picked":"Impervious","floor":31},{"not_picked":["Fiend Fire","Offering"],"picked":"Impervious","floor":33},{"not_picked":["Body Slam","Whirlwind"],"picked":"Combust","floor":34},{"not_picked":["Perfected Strike","Carnage"],"picked":"Corruption","floor":34},{"not_picked":["Armaments","Whirlwind"],"picked":"Battle Trance","floor":34},{"not_picked":["Shrug It Off","Cleave+1","Anger"],"picked":"SKIP","floor":35},{"not_picked":["Ghostly Armor+1","Clothesline+1"],"picked":"Combust","floor":38},{"not_picked":["True Grit","Clash+1","Clothesline"],"picked":"SKIP","floor":39},{"not_picked":["Havoc","Sword Boomerang+1","Clothesline"],"picked":"SKIP","floor":42},{"not_picked":["HandOfGreed","Blind"],"picked":"Forethought","floor":44},{"not_picked":["Metamorphosis","Madness"],"picked":"Enlightenment","floor":44},{"not_picked":["Good Instincts","Forethought"],"picked":"Panacea","floor":44},{"not_picked":["Twin Strike+1","Clothesline+1"],"picked":"Entrench","floor":45},{"not_picked":["Wild Strike","Thunderclap"],"picked":"Blood for Blood+1","floor":48}],"player_experience":866007,"relics_obtained":[{"floor":9,"key":"Smiling Mask"},{"floor":10,"key":"Meat on the Bone"},{"floor":13,"key":"Charon\u0027s Ashes"},{"floor":24,"key":"Centennial Puzzle"},{"floor":26,"key":"Ornamental Fan"},{"floor":28,"key":"Regal Pillow"},{"floor":43,"key":"Old Coin"}],"event_choices":[{"damage_healed":0,"gold_gain":0,"player_choice":"Success","damage_taken":7,"relics_obtained":["Art of War"],"max_hp_gain":0,"max_hp_loss":0,"event_name":"Scrap Ooze","floor":2,"gold_loss":0},{"damage_healed":0,"gold_gain":0,"player_choice":"Rummage","damage_taken":0,"relics_obtained":["WarpedTongs"],"max_hp_gain":0,"max_hp_loss":0,"event_name":"Accursed Blacksmith","floor":3,"gold_loss":0,"cards_obtained":["Pain"]},{"damage_healed":11,"gold_gain":0,"player_choice":"Full Heal","damage_taken":0,"max_hp_gain":0,"max_hp_loss":0,"event_name":"Wheel of Change","floor":5,"gold_loss":0},{"damage_healed":0,"gold_gain":0,"player_choice":"Searched \u00271\u0027 times","damage_taken":0,"max_hp_gain":0,"max_hp_loss":0,"event_name":"Dead Adventurer","floor":13,"gold_loss":0},{"damage_healed":0,"gold_gain":0,"player_choice":"Got Potions","damage_taken":0,"max_hp_gain":0,"max_hp_loss":0,"event_name":"Lab","floor":19,"gold_loss":0},{"damage_healed":0,"gold_gain":0,"player_choice":"Opened","damage_taken":0,"relics_obtained":["War Paint"],"max_hp_gain":0,"max_hp_loss":0,"event_name":"The Mausoleum","floor":25,"gold_loss":0,"cards_obtained":["Writhe"]},{"damage_healed":0,"gold_gain":0,"player_choice":"Embrace Madness","damage_taken":12,"max_hp_gain":0,"max_hp_loss":0,"event_name":"Winding Halls","floor":36,"gold_loss":0,"cards_obtained":["Madness","Madness"]},{"cards_removed":["Writhe"],"damage_healed":0,"gold_gain":0,"player_choice":"Removed Curses","damage_taken":0,"max_hp_gain":0,"max_hp_loss":0,"event_name":"Fountain of Cleansing","floor":41,"gold_loss":0},{"damage_healed":0,"gold_gain":0,"player_choice":"Memory 3","damage_taken":10,"max_hp_gain":0,"max_hp_loss":0,"event_name":"SensoryStone","floor":44,"gold_loss":0}],"is_beta":false,"boss_relics":[{"not_picked":["Eternal Feather","Fusion Hammer"],"picked":"White Beast Statue"},{"not_picked":["Astrolabe","Runic Dome"],"picked":"Orrery"}],"items_purged_floors":[12,37,47],"is_endless":false,"potions_floor_spawned":[1,7,18,20,22,24,28,30,31,33,35,38,39,42,45,48],"ascension_level":0}