{"gold_per_floor":[116,116,134,158,83,83,83,83,83,102,102,127,160,180,180,274,274,292,217,217,117,132,132,163,188,188,188,63,86,86,86,86,182,182,195,209,222,246,246],"floor_reached":39,"playtime":1013,"items_purged":["Strike_R","Strike_R","Strike_R"],"score":876,"play_id":"e521ca6a-fe2d-41d3-8c78-2c0cdf3cd3b2","local_time":"20190514121836","is_ascension_mode":true,"campfire_choices":[{"data":"Flex","floor":6,"key":"SMITH"},{"data":"Armaments","floor":11,"key":"SMITH"},{"data":"True Grit","floor":15,"key":"SMITH"},{"data":"Limit Break","floor":23,"key":"SMITH"},{"floor":27,"key":"REST"},{"data":"Battle Trance","floor":32,"key":"SMITH"}],"neow_cost":"PERCENT_DAMAGE","seed_source_timestamp":334599759437031,"circlet_count":0,"master_deck":["AscendersBane","Defend_R","Defend_R","Defend_R","Defend_R","Bash","Flex+1","Limit Break+1","Shrug It Off","Offering+1","Armaments+1","Inflame","Whirlwind","Sword Boomerang","True Grit+1","Limit Break","Battle Trance+1","Burning Pact","Barricade","Limit Break","Disarm"],"relics":["Burning Blood","Prayer Wheel","Golden Idol","Dream Catcher","Letter Opener","FossilizedHelix","Eternal Feather","Regal Pillow","Du-Vu Doll","Lizard Tail"],"potions_floor_usage":[8,13,16],"damage_taken":[{"damage":16,"enemies":"Jaw Worm","floor":1,"turns":6},{"damage":10,"enemies":"2 Louse","floor":3,"turns":2},{"damage":5,"enemies":"Small Slimes","floor":4,"turns":4},{"damage":0,"enemies":"Gremlin Nob","floor":8,"turns":2},{"damage":15,"enemies":"Red Slaver","floor":10,"turns":5},{"damage":6,"enemies":"2 Fungi Beasts","floor":12,"turns":2},{"damage":23,"enemies":"3 Sentries","floor":13,"turns":8},{"damage":6,"enemies":"Gremlin Gang","floor":14,"turns":2},{"damage":12,"enemies":"Slime Boss","floor":16,"turns":7},{"damage":6,"enemies":"Chosen","floor":18,"turns":5},{"damage":20,"enemies":"2 Thieves","floor":22,"turns":3},{"damage":37,"enemies":"Gremlin Leader","floor":24,"turns":4},{"damage":15,"enemies":"Centurion and Healer","floor":25,"turns":4},{"damage":0,"enemies":"Snake Plant","floor":29,"turns":2},{"damage":30,"enemies":"Champ","floor":33,"turns":6},{"damage":16,"enemies":"Orb Walker","floor":35,"turns":4},{"damage":35,"enemies":"3 Darklings","floor":36,"turns":3},{"damage":6,"enemies":"Spire Growth","floor":37,"turns":3},{"damage":21,"enemies":"Maw","floor":38,"turns":6},{"damage":0,"enemies":"4 Shapes","floor":39,"turns":1}],"seed_played":"-3592259949374411384","potions_obtained":[{"floor":3,"key":"SmokeBomb"},{"floor":12,"key":"Explosive Potion"},{"floor":14,"key":"Fire Potion"},{"floor":24,"key":"Dexterity Potion"},{"floor":25,"key":"EntropicBrew"}],"is_trial":false,"path_per_floor":["M","?","M","M","?","R","?","E","T","M","R","M","E","M","R","B",null,"M","$","?","$","M","R","E","M","T","R","$","M","?","?","R","B",null,"M","M","M","M","M"],"character_chosen":"IRONCLAD","items_purchased":[],"campfire_rested":1,"item_purchase_floors":[],"current_hp_per_floor":[40,40,36,37,37,37,37,43,43,34,34,34,17,17,17,11,54,54,54,54,54,40,49,18,9,9,53,53,59,59,59,68,44,62,52,23,23,8,8],"gold":246,"neow_bonus":"ONE_RARE_RELIC","is_prod":false,"is_daily":false,"chose_seed":false,"campfire_upgraded":5,"win_rate":0,"timestamp":1557807516,"path_taken":["M","?","M","M","?","R","?","E","T","M","R","M","E","M","R","BOSS","M","$","?","$","M","R","E","M","T","R","$","M","?","?","R","BOSS","M","?","M","M","M"],"build_version":"2019-01-23","purchased_purges":3,"victory":false,"max_hp_per_floor":[75,68,68,68,68,68,68,68,68,68,68,68,68,68,68,68,68,68,68,68,68,68,68,68,68,68,68,68,68,68,68,68,68,68,68,68,68,68,68],"card_choices":[{"not_picked":["Iron Wave","Clothesline"],"picked":"Flex","floor":1},{"not_picked":["Heavy Blade","Thunderclap","Perfected Strike"],"picked":"SKIP","floor":1},{"not_picked":["Flex","Dual Wield"],"picked":"Body Slam","floor":3},{"not_picked":["Thunderclap","Body Slam","Iron Wave"],"picked":"SKIP","floor":3},{"not_picked":["Feel No Pain","Shockwave"],"picked":"Limit Break","floor":4},{"not_picked":["Intimidate","Wild Strike"],"picked":"Shrug It Off","floor":4},{"not_picked":["Thunderclap","Clothesline"],"picked":"Offering","floor":10},{"not_picked":["Fire Breathing","Entrench"],"picked":"Armaments","floor":10},{"not_picked":["Wild Strike","Warcry"],"picked":"Inflame","floor":12},{"not_picked":["Warcry","Armaments","Searing Blow"],"picked":"SKIP","floor":12},{"not_picked":["Clothesline","Havoc"],"picked":"Whirlwind","floor":13},{"not_picked":["Warcry","Disarm"],"picked":"Sword Boomerang","floor":14},{"not_picked":["Perfected Strike","Battle Trance"],"picked":"True Grit","floor":14},{"not_picked":["Dark Embrace","Juggernaut"],"picked":"Limit Break","floor":16},{"not_picked":["Body Slam","Anger+1"],"picked":"Battle Trance","floor":18},{"not_picked":["Sentinel","Flex","Thunderclap+1"],"picked":"SKIP","floor":18},{"not_picked":["Warcry","Body Slam"],"picked":"Burning Pact","floor":22},{"not_picked":["Wild Strike","Warcry","Heavy Blade"],"picked":"SKIP","floor":22},{"not_picked":["Pommel Strike","Whirlwind","Anger"],"picked":"SKIP","floor":24},{"not_picked":["Metallicize","Anger","Fiend Fire"],"picked":"SKIP","floor":25},{"not_picked":["True Grit","Anger","Warcry"],"picked":"SKIP","floor":25},{"not_picked":["Wild Strike","Anger","Flex"],"picked":"SKIP","floor":29},{"not_picked":["Flex+1","Uppercut","Twin Strike"],"picked":"SKIP","floor":29},{"not_picked":["Double Tap","Offering"],"picked":"Barricade","floor":33},{"not_picked":["Heavy Blade+1","Sword Boomerang","Clash+1"],"picked":"SKIP","floor":35},{"not_picked":["Thunderclap","Wild Strike","Pummel"],"picked":"SKIP","floor":35},{"not_picked":["Clothesline","Cleave"],"picked":"Limit Break","floor":36},{"not_picked":["Twin Strike","Cleave","Headbutt"],"picked":"SKIP","floor":36},{"not_picked":["Flex","Clash"],"picked":"Disarm","floor":37},{"not_picked":["Combust+1","Fire Breathing","Body Slam"],"picked":"SKIP","floor":37},{"not_picked":["Heavy Blade","Demon Form","Pommel Strike"],"picked":"SKIP","floor":38},{"not_picked":["Body Slam","Burning Pact+1","Havoc"],"picked":"SKIP","floor":38}],"player_experience":1674874,"relics_obtained":[{"floor":9,"key":"Letter Opener"},{"floor":13,"key":"FossilizedHelix"},{"floor":24,"key":"Regal Pillow"},{"floor":26,"key":"Du-Vu Doll"}],"event_choices":[{"damage_healed":0,"gold_gain":0,"player_choice":"Lose Max HP","damage_taken":0,"relics_obtained":["Golden Idol"],"max_hp_gain":0,"max_hp_loss":7,"event_name":"Golden Idol","floor":2,"gold_loss":0},{"cards_removed":["Strike_R"],"damage_healed":0,"gold_gain":0,"player_choice":"Card Removal","damage_taken":0,"max_hp_gain":0,"max_hp_loss":0,"event_name":"The Cleric","floor":5,"gold_loss":75},{"cards_removed":["Body Slam"],"damage_healed":0,"gold_gain":0,"player_choice":"Gave Card","damage_taken":0,"relics_obtained":["Dream Catcher"],"max_hp_gain":0,"max_hp_loss":0,"event_name":"WeMeetAgain","floor":7,"gold_loss":0},{"cards_removed":["Strike_R"],"damage_healed":0,"gold_gain":0,"player_choice":"Elegance","damage_taken":0,"max_hp_gain":0,"max_hp_loss":0,"event_name":"Back to Basics","floor":20,"gold_loss":0},{"damage_healed":0,"gold_gain":0,"player_choice":"Ignored","damage_taken":0,"max_hp_gain":0,"max_hp_loss":0,"event_name":"Ghosts","floor":30,"gold_loss":0},{"damage_healed":0,"gold_gain":0,"player_choice":"Forge","damage_taken":0,"max_hp_gain":0,"max_hp_loss":0,"event_name":"Accursed Blacksmith","floor":31,"gold_loss":0,"cards_upgraded":["Offering"]}],"is_beta":false,"boss_relics":[{"not_picked":["Snecko Eye","Calling Bell"],"picked":"Eternal Feather"},{"not_picked":["Black Star","Tiny House"],"picked":"Lizard Tail"}],"items_purged_floors":[19,21,28],"is_endless":false,"potions_floor_spawned":[3,8,12,14,24,25,33,35,38],"killed_by":"4 Shapes","ascension_level":20}