{"gold_per_floor":[369,380,171,191,191,191,209,232,259,297,297,34,115,131,131,255,255,280,304,304,304,150,173,67,67,67,67,67,82,82,95,95,224,224,244,264,283,283,283,38,61,10,35,56,95,95,139,155,155,155],"floor_reached":50,"playtime":4380,"items_purged":["Injury","Shame"],"score":788,"play_id":"b5dfc5d3-3cfe-49e9-85ff-158c415b1146","local_time":"20190123085245","is_ascension_mode":true,"campfire_choices":[{"data":"Storm","floor":6,"key":"SMITH"},{"floor":11,"key":"REST"},{"floor":15,"key":"REST"},{"data":"Buffer","floor":28,"key":"SMITH"},{"data":"Echo Form","floor":30,"key":"SMITH"},{"data":"Echo Form","floor":32,"key":"SMITH"},{"floor":46,"key":"REST"},{"data":"Hello World","floor":49,"key":"SMITH"}],"neow_cost":"TEN_PERCENT_HP_LOSS","seed_source_timestamp":1173068491528034,"circlet_count":0,"master_deck":["Zap","Dualcast+1","Double Energy","Storm+1","Steam","Steam","Beam Cell","Dramatic Entrance","Self Repair","Sweeping Beam","Ball Lightning","Turbo","Echo Form+1","Streamline","Undo","Buffer+1","Seek","Self Repair","Echo Form+1","Streamline+1","Ball Lightning","Turbo","Sweeping Beam+1","Heatsinks","Undo","Double Energy","Fission","Turbo+1","Auto Shields+1","Loop+1","Streamline","Turbo","Sweeping Beam+1","Violence","Panacea","Panacea","Hello World+1","Beam Cell","Sweeping Beam+1","Sunder","Hologram+1","Turbo","White Noise+1"],"relics":["Cracked Core","PreservedInsect","Golden Idol","Anchor","War Paint","Happy Flower","Pandora\u0027s Box","Shuriken","Mummified Hand","Astrolabe","Blood Vial","Lantern","Centennial Puzzle","Oddly Smooth Stone"],"potions_floor_usage":[10,13,16,16,37,37,44,45,45,48],"damage_taken":[{"damage":0,"enemies":"2 Louse","floor":1,"turns":2},{"damage":7,"enemies":"Small Slimes","floor":2,"turns":2},{"damage":2,"enemies":"Jaw Worm","floor":4,"turns":3},{"damage":11,"enemies":"Blue Slaver","floor":7,"turns":3},{"damage":9,"enemies":"2 Fungi Beasts","floor":8,"turns":3},{"damage":13,"enemies":"Lagavulin","floor":10,"turns":4},{"damage":15,"enemies":"Lagavulin Event","floor":13,"turns":3},{"damage":0,"enemies":"Exordium Thugs","floor":14,"turns":3},{"damage":61,"enemies":"Hexaghost","floor":16,"turns":10},{"damage":0,"enemies":"Chosen","floor":18,"turns":4},{"damage":24,"enemies":"3 Byrds","floor":19,"turns":4},{"damage":28,"enemies":"Snake Plant","floor":23,"turns":4},{"damage":11,"enemies":"Sentry and Sphere","floor":29,"turns":4},{"damage":0,"enemies":"Centurion and Healer","floor":31,"turns":3},{"damage":7,"enemies":"Collector","floor":33,"turns":7},{"damage":0,"enemies":"3 Shapes","floor":35,"turns":3},{"damage":32,"enemies":"3 Darklings","floor":36,"turns":4},{"damage":25,"enemies":"4 Shapes","floor":37,"turns":3},{"damage":13,"enemies":"Writhing Mass","floor":41,"turns":4},{"damage":18,"enemies":"Sphere and 2 Shapes","floor":44,"turns":4},{"damage":16,"enemies":"Giant Head","floor":45,"turns":5},{"damage":0,"enemies":"Reptomancer","floor":47,"turns":3},{"damage":25,"enemies":"Maw","floor":48,"turns":6},{"damage":84,"enemies":"Time Eater","floor":50,"turns":5}],"seed_played":"3753875933510037069","potions_obtained":[{"floor":2,"key":"FocusPotion"},{"floor":8,"key":"GamblersBrew"},{"floor":13,"key":"AttackPotion"},{"floor":23,"key":"FearPotion"},{"floor":31,"key":"GamblersBrew"},{"floor":35,"key":"SkillPotion"},{"floor":37,"key":"Poison Potion"},{"floor":45,"key":"Energy Potion"},{"floor":47,"key":"Poison Potion"}],"is_trial":false,"path_per_floor":["M","M","$","M","?","R","M","M","T","E","R","$","?","M","R","B",null,"M","M","$","?","$","M","$","?","T","?","R","M","R","M","R","B",null,"M","M","M","?","?","$","M","$","T","M","E","R","E","M","R","B"],"character_chosen":"DEFECT","items_purchased":["Fire Potion","PreservedInsect","Dramatic Entrance","Self Repair","Sweeping Beam","Turbo","Heatsinks","Undo","Hello World","Blood Vial","Beam Cell","Fire Potion"],"campfire_rested":3,"item_purchase_floors":[3,3,12,12,12,22,24,24,40,40,40,42],"current_hp_per_floor":[68,61,61,59,59,59,48,39,39,26,46,46,38,45,65,11,54,61,65,65,65,65,51,51,39,39,39,39,42,42,56,56,73,73,73,55,44,44,34,34,44,44,44,35,28,49,73,62,62,0],"gold":155,"neow_bonus":"TWO_FIFTY_GOLD","is_prod":false,"is_daily":false,"chose_seed":false,"campfire_upgraded":5,"win_rate":0,"timestamp":1548262365,"path_taken":["M","M","$","M","?","R","M","M","T","E","R","$","?","M","R","BOSS","M","M","$","?","$","M","?","?","T","?","R","?","R","M","R","BOSS","M","M","M","?","?","$","M","$","T","M","E","R","E","?","R","BOSS"],"build_version":"2019-01-17v2","purchased_purges":2,"victory":false,"max_hp_per_floor":[68,68,68,68,68,68,68,68,68,68,68,68,68,68,68,68,68,68,68,68,68,68,68,68,73,73,73,73,73,73,73,73,73,73,73,73,73,73,73,73,73,73,73,73,73,73,73,73,73,73],"card_choices":[{"not_picked":["Compile Driver","Go for the Eyes"],"picked":"Sweeping Beam","floor":1},{"not_picked":["Hello World","Turbo"],"picked":"Double Energy","floor":2},{"not_picked":["Beam Cell","Conserve Battery"],"picked":"Storm","floor":4},{"not_picked":["Redo","Go for the Eyes"],"picked":"Steam","floor":7},{"not_picked":["Sweeping Beam","All For One"],"picked":"Steam","floor":8},{"not_picked":["Aggregate","Stack"],"picked":"Beam Cell","floor":10},{"not_picked":["Skim","Gash"],"picked":"Ball Lightning","floor":13},{"not_picked":["Cold Snap","Gash"],"picked":"Turbo","floor":14},{"not_picked":["Amplify","All For One"],"picked":"Echo Form","floor":16},{"not_picked":["Doom and Gloom","Chill"],"picked":"Streamline+1","floor":18},{"not_picked":["Redo","Compile Driver"],"picked":"Ball Lightning","floor":19},{"not_picked":["Go for the Eyes","Coolheaded"],"picked":"Sweeping Beam+1","floor":23},{"not_picked":["Gash","Coolheaded+1"],"picked":"Hologram","floor":29},{"not_picked":["Reboot","Chill"],"picked":"Double Energy","floor":31},{"not_picked":["Multi-Cast","Meteor Strike"],"picked":"Fission","floor":33},{"not_picked":["Chill","Redo"],"picked":"Streamline","floor":35},{"not_picked":["Stack+1","Darkness"],"picked":"Turbo","floor":36},{"not_picked":["Conserve Battery","Redo"],"picked":"Sweeping Beam+1","floor":37},{"not_picked":["Swift Strike","Flash of Steel"],"picked":"Violence","floor":39},{"not_picked":["Forethought","Enlightenment"],"picked":"Panacea","floor":39},{"not_picked":["Swift Strike","Secret Technique"],"picked":"Panacea","floor":39},{"not_picked":["Steam Power+1","Rebound"],"picked":"Sweeping Beam+1","floor":41},{"not_picked":["Chill+1","Barrage"],"picked":"Sunder","floor":44},{"not_picked":["Scrape+1","Beam Cell"],"picked":"Hologram+1","floor":45},{"not_picked":["Steam","Beam Cell"],"picked":"Turbo","floor":47},{"not_picked":["Conserve Battery","Tempest"],"picked":"White Noise+1","floor":48}],"player_experience":608830,"relics_obtained":[{"floor":9,"key":"Anchor"},{"floor":10,"key":"War Paint"},{"floor":26,"key":"Mummified Hand"},{"floor":43,"key":"Lantern"},{"floor":45,"key":"Centennial Puzzle"},{"floor":47,"key":"Oddly Smooth Stone"}],"event_choices":[{"damage_healed":0,"gold_gain":0,"player_choice":"Take Wound","damage_taken":0,"relics_obtained":["Golden Idol"],"max_hp_gain":0,"max_hp_loss":0,"event_name":"Golden Idol","floor":5,"gold_loss":0,"cards_obtained":["Injury"]},{"damage_healed":0,"gold_gain":0,"player_choice":"Searched \u00272\u0027 times","damage_taken":0,"relics_obtained":["Happy Flower"],"max_hp_gain":0,"max_hp_loss":0,"event_name":"Dead Adventurer","floor":13,"gold_loss":0},{"damage_healed":0,"gold_gain":0,"player_choice":"Stole Relic","damage_taken":0,"relics_obtained":["Shuriken"],"max_hp_gain":0,"max_hp_loss":0,"event_name":"Addict","floor":21,"gold_loss":0,"cards_obtained":["Shame"]},{"damage_healed":0,"gold_gain":0,"player_choice":"Shed Blood","damage_taken":17,"max_hp_gain":5,"max_hp_loss":0,"event_name":"Forgotten Altar","floor":25,"gold_loss":0},{"cards_removed":["Barrage"],"damage_healed":0,"gold_gain":0,"player_choice":"Purged","damage_taken":0,"max_hp_gain":0,"max_hp_loss":0,"event_name":"Purifier","floor":27,"gold_loss":0},{"damage_healed":0,"gold_gain":0,"player_choice":"Ignored","damage_taken":0,"max_hp_gain":0,"max_hp_loss":0,"event_name":"Mysterious Sphere","floor":38,"gold_loss":0},{"damage_healed":0,"gold_gain":0,"player_choice":"Memory 3","damage_taken":10,"max_hp_gain":0,"max_hp_loss":0,"event_name":"SensoryStone","floor":39,"gold_loss":0}],"is_beta":false,"boss_relics":[{"not_picked":["Philosopher\u0027s Stone","Calling Bell"],"picked":"Pandora\u0027s Box"},{"not_picked":["Inserter","Runic Dome"],"picked":"Astrolabe"}],"items_purged_floors":[12,22],"is_endless":false,"potions_floor_spawned":[2,8,13,18,23,31,35,37,45,47],"killed_by":"Time Eater","ascension_level":6}