{"gold_per_floor":[109,34,34,45,220,220,247,80,80,80,92,109,122,112,112,214,214,226,226,237,255,274,274,274,291,291,166,182,210,30,46,46,46],"floor_reached":33,"playtime":1955,"items_purged":["Strike_R","Regret","Doubt"],"score":271,"play_id":"4598ba44-a22e-43ba-bf3d-b5ef7dbad0df","local_time":"20181007221734","is_ascension_mode":false,"campfire_choices":[{"data":"Anger","floor":6,"key":"SMITH"},{"data":"Flex","floor":10,"key":"SMITH"},{"data":"Body Slam","floor":15,"key":"SMITH"},{"floor":23,"key":"REST"},{"floor":32,"key":"REST"}],"neow_cost":"NONE","seed_source_timestamp":116154099497500,"circlet_count":0,"master_deck":["Strike_R","Strike_R","Strike_R","Defend_R","Defend_R","Defend_R","Defend_R","Bash","Anger+1","Body Slam+1","Flex+1","Anger","Seeing Red","Fiend Fire","Feed","Body Slam+1","J.A.X.","Sentinel","Flame Barrier+1","Apotheosis"],"relics":["Burning Blood","Ornamental Fan","Centennial Puzzle","Busted Crown","Nloth\u0027s Gift","Bottled Flame","Art of War"],"potions_floor_usage":[7,16,22,28,28,33],"damage_taken":[{"damage":7,"enemies":"Small Slimes","floor":1,"turns":6},{"damage":3,"enemies":"2 Louse","floor":4,"turns":5},{"damage":26,"enemies":"3 Sentries","floor":7,"turns":12},{"damage":7,"enemies":"Jaw Worm","floor":11,"turns":2},{"damage":0,"enemies":"3 Louse","floor":12,"turns":4},{"damage":4,"enemies":"2 Fungi Beasts","floor":13,"turns":2},{"damage":10,"enemies":"Exordium Thugs","floor":14,"turns":4},{"damage":52,"enemies":"Slime Boss","floor":16,"turns":16},{"damage":20,"enemies":"Spheric Guardian","floor":18,"turns":4},{"damage":4,"enemies":"Shell Parasite","floor":20,"turns":4},{"damage":20,"enemies":"Snake Plant","floor":21,"turns":3},{"damage":15,"enemies":"Chosen and Byrds","floor":22,"turns":4},{"damage":37,"enemies":"3 Cultists","floor":25,"turns":6},{"damage":3,"enemies":"Centurion and Healer","floor":28,"turns":3},{"damage":45,"enemies":"Gremlin Leader","floor":29,"turns":9},{"damage":17,"enemies":"Snake Plant","floor":31,"turns":2},{"damage":36,"enemies":"Collector","floor":33,"turns":6}],"seed_played":"7949454172614211412","potions_obtained":[{"floor":1,"key":"Strength Potion"},{"floor":11,"key":"Regen Potion"},{"floor":14,"key":"PowerPotion"},{"floor":20,"key":"Fire Potion"},{"floor":25,"key":"Swift Potion"},{"floor":31,"key":"Energy Potion"}],"is_trial":false,"path_per_floor":["M","$","?","M","?","R","E","$","T","R","M","M","M","M","R","B",null,"M","?","M","M","M","R","?","M","T","$","M","E","$","M","R"],"character_chosen":"IRONCLAD","items_purchased":["Flex","Anger","Apotheosis"],"campfire_rested":2,"item_purchase_floors":[8,8,30],"current_hp_per_floor":[79,79,79,80,80,80,60,60,60,60,59,65,67,63,63,17,80,66,66,68,54,48,72,72,44,44,44,59,20,20,9,35,0],"gold":46,"neow_bonus":"REMOVE_CARD","is_prod":false,"is_daily":false,"chose_seed":false,"campfire_upgraded":3,"win_rate":0,"timestamp":1538943454,"path_taken":["M","$","?","M","?","R","E","$","T","R","M","M","?","?","R","BOSS","M","?","?","M","M","R","?","M","T","?","?","E","$","M","R","BOSS"],"build_version":"2018-10-04v2","purchased_purges":3,"victory":false,"max_hp_per_floor":[80,80,80,80,80,80,80,80,80,80,80,80,80,80,80,80,80,80,80,80,80,83,83,83,86,86,86,89,89,89,89,89,89],"card_choices":[{"not_picked":["Whirlwind","Wild Strike"],"picked":"Anger","floor":1},{"not_picked":["Metallicize","Headbutt","Pommel Strike"],"picked":"SKIP","floor":4},{"not_picked":["Clothesline","Wild Strike"],"picked":"Body Slam","floor":7},{"not_picked":["Warcry","Clothesline","Sword Boomerang"],"picked":"SKIP","floor":11},{"not_picked":["Reckless Charge","Blood for Blood"],"picked":"Seeing Red","floor":12},{"not_picked":["Dropkick","Battle Trance","Havoc"],"picked":"SKIP","floor":13},{"not_picked":["Perfected Strike","Ghostly Armor"],"picked":"Fiend Fire","floor":14},{"not_picked":["Dark Embrace","Fiend Fire"],"picked":"Feed","floor":16},{"not_picked":[],"picked":"Body Slam+1","floor":18},{"not_picked":[],"picked":"Sentinel","floor":20},{"not_picked":["Perfected Strike"],"picked":"SKIP","floor":21},{"not_picked":[],"picked":"Flame Barrier+1","floor":22},{"not_picked":["Warcry"],"picked":"SKIP","floor":25},{"not_picked":["Burning Pact"],"picked":"SKIP","floor":28},{"not_picked":["Iron Wave+1"],"picked":"SKIP","floor":29},{"not_picked":["Sever Soul"],"picked":"SKIP","floor":31}],"player_experience":575182,"relics_obtained":[{"floor":7,"key":"Ornamental Fan"},{"floor":9,"key":"Centennial Puzzle"},{"floor":26,"key":"Bottled Flame"},{"floor":29,"key":"Art of War"}],"event_choices":[{"event_name":"Big Fish","player_choice":"Box","floor":3,"damage_taken":0},{"event_name":"Liars Game","player_choice":"agreed","floor":5,"damage_taken":0},{"event_name":"Drug Dealer","player_choice":"Got JAX","floor":19,"damage_taken":0},{"event_name":"N\u0027loth","player_choice":"Traded a Self Forming Clay","floor":24,"damage_taken":0}],"is_beta":false,"boss_relics":[{"not_picked":["Ectoplasm","Velvet Choker"],"picked":"Busted Crown"}],"items_purged_floors":[2,8,27],"is_endless":false,"potions_floor_spawned":[1,11,14,20,25,31],"killed_by":"Collector","ascension_level":0}