{"gold_per_floor":[367,379,379,68,81,109,109,144,221,221,11,11,11,24,24,103,103,121,121,139,238,249,249,249],"floor_reached":24,"playtime":1224,"items_purged":[],"score":337,"play_id":"8526f81c-c52b-477c-b10f-ea55644754ee","local_time":"20190407133828","is_ascension_mode":true,"campfire_choices":[{"floor":7,"key":"REST"},{"floor":12,"key":"REST"},{"floor":15,"key":"REST"},{"floor":23,"key":"REST"}],"neow_cost":"CURSE","seed_source_timestamp":77867754947300,"circlet_count":0,"master_deck":["AscendersBane","Strike_R","Strike_R","Strike_R","Defend_R","Defend_R+1","Defend_R+1","Defend_R","Bash","Rage","Combust","Burning Pact","Anger","Burning Pact","Impervious","Headbutt+1","Armaments","Seeing Red","Seeing Red"],"relics":["Burning Blood","FossilizedHelix","Dead Branch","Bag of Marbles","Sundial","Toy Ornithopter","Mark of Pain"],"potions_floor_usage":[16,18,20],"damage_taken":[{"damage":9,"enemies":"Jaw Worm","floor":1,"turns":5},{"damage":9,"enemies":"Small Slimes","floor":2,"turns":4},{"damage":0,"enemies":"2 Louse","floor":5,"turns":3},{"damage":37,"enemies":"3 Sentries","floor":6,"turns":7},{"damage":35,"enemies":"Lagavulin","floor":8,"turns":9},{"damage":3,"enemies":"Large Slime","floor":14,"turns":7},{"damage":11,"enemies":"Slime Boss","floor":16,"turns":7},{"damage":17,"enemies":"2 Thieves","floor":18,"turns":5},{"damage":0,"enemies":"Shell Parasite","floor":20,"turns":2},{"damage":41,"enemies":"Cultist and Chosen","floor":22,"turns":10},{"damage":69,"enemies":"Book of Stabbing","floor":24,"turns":6}],"seed_played":"2522967203830833188","potions_obtained":[{"floor":8,"key":"Ancient Potion"},{"floor":14,"key":"PowerPotion"},{"floor":16,"key":"Swift Potion"},{"floor":18,"key":"AttackPotion"}],"is_trial":false,"path_per_floor":["M","M","?","$","M","E","R","E","T","?","$","R","?","M","R","B",null,"M","?","M","?","M","R","E"],"character_chosen":"IRONCLAD","items_purchased":["FossilizedHelix","Toy Ornithopter"],"campfire_rested":4,"item_purchase_floors":[4,11],"current_hp_per_floor":[69,66,50,50,56,25,49,20,20,20,20,44,44,47,71,71,78,69,69,80,80,45,69,0],"gold":249,"neow_bonus":"TWO_FIFTY_GOLD","is_prod":false,"is_daily":false,"chose_seed":false,"campfire_upgraded":0,"win_rate":0,"timestamp":1554637108,"path_taken":["M","M","?","$","M","E","R","E","T","?","$","R","?","M","R","BOSS","M","?","M","?","M","R","E"],"build_version":"2019-01-23","purchased_purges":0,"victory":false,"max_hp_per_floor":[80,80,80,80,80,80,80,80,80,80,80,80,80,80,80,80,80,80,80,80,80,80,80,80],"card_choices":[{"not_picked":["Havoc","Shrug It Off","Clash"],"picked":"SKIP","floor":1},{"not_picked":["Iron Wave","Second Wind"],"picked":"Rage","floor":2},{"not_picked":["Clothesline","Wild Strike"],"picked":"Combust","floor":5},{"not_picked":["Ghostly Armor","Feed"],"picked":"Burning Pact","floor":6},{"not_picked":["Perfected Strike","Sentinel"],"picked":"Anger","floor":8},{"not_picked":["Headbutt","Reckless Charge"],"picked":"Burning Pact","floor":14},{"not_picked":["Berserk","Bludgeon"],"picked":"Impervious","floor":16},{"not_picked":["Wild Strike+1","Iron Wave"],"picked":"Headbutt+1","floor":18},{"not_picked":["Battle Trance","Thunderclap"],"picked":"Seeing Red","floor":20},{"not_picked":["Anger","Sword Boomerang","Clothesline"],"picked":"SKIP","floor":22}],"player_experience":1614563,"relics_obtained":[{"floor":6,"key":"Dead Branch"},{"floor":8,"key":"Bag of Marbles"},{"floor":9,"key":"Sundial"}],"event_choices":[{"damage_healed":0,"gold_gain":0,"player_choice":"Entered Light","damage_taken":16,"max_hp_gain":0,"max_hp_loss":0,"event_name":"Shining Light","floor":3,"gold_loss":0,"cards_upgraded":["Defend_R","Defend_R"]},{"cards_removed":["Writhe"],"damage_healed":0,"gold_gain":0,"player_choice":"Forget","damage_taken":0,"max_hp_gain":0,"max_hp_loss":0,"event_name":"Living Wall","floor":10,"gold_loss":0},{"damage_healed":0,"gold_gain":0,"player_choice":"Ignored","damage_taken":0,"max_hp_gain":0,"max_hp_loss":0,"event_name":"Golden Wing","floor":13,"gold_loss":0},{"damage_healed":0,"gold_gain":0,"cards_transformed":["Strike_R","Strike_R"],"player_choice":"Became Test Subject","damage_taken":0,"max_hp_gain":0,"max_hp_loss":0,"event_name":"Drug Dealer","floor":19,"gold_loss":0,"cards_obtained":["Armaments","Seeing Red"]},{"damage_healed":0,"gold_gain":99,"player_choice":"Stole From Cult","damage_taken":0,"max_hp_gain":0,"max_hp_loss":0,"event_name":"Nest","floor":21,"gold_loss":0}],"is_beta":false,"boss_relics":[{"not_picked":["Cursed Key","Orrery"],"picked":"Mark of Pain"}],"items_purged_floors":[],"is_endless":false,"potions_floor_spawned":[8,14,16,18],"killed_by":"Book of Stabbing","ascension_level":13}