{"gold_per_floor":[364,377,395,395,166,166,179,179,252,266,266,280,42,53,53,151,151,125,50,17,17,17,17,32,32,59,59,72,20,20,32,32,32],"floor_reached":33,"playtime":1495,"items_purged":["Regret","Decay"],"score":430,"play_id":"3ce45408-dca8-40eb-82a9-ee59da0bdac5","local_time":"20190426092514","is_ascension_mode":true,"campfire_choices":[{"data":"Noxious Fumes","floor":6,"key":"SMITH"},{"floor":11,"key":"REST"},{"data":"Noxious Fumes","floor":15,"key":"SMITH"},{"floor":23,"key":"REST"},{"floor":25,"key":"REST"},{"floor":30,"key":"REST"},{"floor":32,"key":"REST"}],"neow_cost":"PERCENT_DAMAGE","seed_source_timestamp":4662702234023,"circlet_count":0,"master_deck":["AscendersBane","Defend_G","Defend_G","Defend_G","Defend_G","Defend_G","Strike_G","Strike_G","Strike_G","Strike_G","Strike_G","Survivor","Neutralize","Tactician","Backflip","Deflect","Noxious Fumes+1","Backstab","Deflect","All Out Attack","Envenom","Noxious Fumes+1","Backstab","Dash","Envenom","Injury","PiercingWail","Footwork","Deflect+1","Noxious Fumes","PiercingWail"],"relics":["Ring of the Snake","Bag of Marbles","Bottled Flame","Calling Bell","Blood Vial","Mummified Hand","WingedGreaves","Nilry\u0027s Codex","Juzu Bracelet","Spirit Poop"],"potions_floor_usage":[16,16,16,24,28,33],"damage_taken":[{"damage":0,"enemies":"Small Slimes","floor":1,"turns":4},{"damage":2,"enemies":"2 Louse","floor":2,"turns":4},{"damage":1,"enemies":"Cultist","floor":3,"turns":5},{"damage":4,"enemies":"Blue Slaver","floor":7,"turns":4},{"damage":7,"enemies":"Large Slime","floor":10,"turns":7},{"damage":4,"enemies":"Exordium Wildlife","floor":12,"turns":3},{"damage":0,"enemies":"Lots of Slimes","floor":14,"turns":4},{"damage":0,"enemies":"Slime Boss","floor":16,"turns":5},{"damage":11,"enemies":"2 Thieves","floor":18,"turns":5},{"damage":12,"enemies":"Spheric Guardian","floor":24,"turns":4},{"damage":27,"enemies":"Snecko","floor":28,"turns":4},{"damage":40,"enemies":"Centurion and Healer","floor":31,"turns":6},{"damage":52,"enemies":"Champ","floor":33,"turns":10}],"seed_played":"1865119559821226848","potions_obtained":[{"floor":1,"key":"Swift Potion"},{"floor":3,"key":"PowerPotion"},{"floor":7,"key":"SteroidPotion"},{"floor":16,"key":"Poison Potion"},{"floor":18,"key":"Poison Potion"}],"is_trial":false,"path_per_floor":["M","M","M","?","$","R","M","?","T","M","R","M","$","M","R","B",null,"M","?","$","?","?","R","M","R","T","?","M","$","R","M","R","B"],"character_chosen":"THE_SILENT","items_purchased":["Noxious Fumes","Backstab","Noxious Fumes","Backstab","Footwork","Energy Potion"],"campfire_rested":5,"item_purchase_floors":[5,5,13,13,20,29],"current_hp_per_floor":[45,43,42,42,42,42,38,38,38,31,52,48,48,48,48,48,65,56,56,56,40,27,49,39,61,61,61,36,36,58,20,42,0],"gold":32,"neow_bonus":"TWO_FIFTY_GOLD","is_prod":false,"is_daily":false,"chose_seed":false,"campfire_upgraded":2,"win_rate":0,"timestamp":1556295914,"path_taken":["M","M","M","?","$","R","M","?","T","?","R","M","$","M","R","BOSS","M","?","$","?","?","R","M","R","T","?","M","$","R","M","R","BOSS"],"build_version":"2019-01-23","purchased_purges":2,"victory":false,"max_hp_per_floor":[70,70,70,70,70,70,70,70,70,70,70,70,70,70,70,70,70,70,70,70,70,75,75,75,75,75,75,75,75,75,75,75,75],"card_choices":[{"not_picked":["Quick Slash","Underhanded Strike"],"picked":"Tactician","floor":1},{"not_picked":["Outmaneuver","Masterful Stab"],"picked":"Backflip","floor":2},{"not_picked":["Blade Dance","Leg Sweep"],"picked":"Deflect","floor":3},{"not_picked":["Slice","Concentrate"],"picked":"Deflect","floor":7},{"not_picked":["Slice","Flying Knee"],"picked":"All Out Attack","floor":10},{"not_picked":["Acrobatics","Escape Plan"],"picked":"Envenom","floor":12},{"not_picked":["Outmaneuver","Choke"],"picked":"Dash","floor":14},{"not_picked":["Bullet Time","Burst"],"picked":"Envenom","floor":16},{"not_picked":["Riddle With Holes","Slice"],"picked":"PiercingWail","floor":18},{"not_picked":["Skewer+1","Quick Slash+1"],"picked":"Deflect+1","floor":24},{"not_picked":["Underhanded Strike","Caltrops"],"picked":"Noxious Fumes","floor":28},{"not_picked":["Blur","Terror+1"],"picked":"PiercingWail","floor":31}],"player_experience":1477511,"relics_obtained":[{"floor":9,"key":"Bottled Flame"},{"floor":17,"key":"Blood Vial"},{"floor":17,"key":"Mummified Hand"},{"floor":17,"key":"WingedGreaves"},{"floor":21,"key":"Nilry\u0027s Codex"},{"floor":26,"key":"Juzu Bracelet"}],"event_choices":[{"damage_healed":0,"gold_gain":0,"player_choice":"Box","damage_taken":0,"relics_obtained":["Bag of Marbles"],"max_hp_gain":0,"max_hp_loss":0,"event_name":"Big Fish","floor":4,"gold_loss":0,"cards_obtained":["Regret"]},{"damage_healed":0,"gold_gain":0,"player_choice":"Cursed","damage_taken":0,"max_hp_gain":0,"max_hp_loss":0,"event_name":"Wheel of Change","floor":8,"gold_loss":0,"cards_obtained":["Decay"]},{"cards_removed":["Shame"],"damage_healed":0,"gold_gain":0,"player_choice":"Gave Gold","damage_taken":0,"max_hp_gain":0,"max_hp_loss":0,"event_name":"Beggar","floor":19,"gold_loss":75},{"damage_healed":0,"gold_gain":0,"player_choice":"Obtained Book","damage_taken":16,"max_hp_gain":0,"max_hp_loss":0,"event_name":"Cursed Tome","floor":21,"gold_loss":0},{"damage_healed":0,"gold_gain":0,"player_choice":"Shed Blood","damage_taken":18,"max_hp_gain":5,"max_hp_loss":0,"event_name":"Forgotten Altar","floor":22,"gold_loss":0},{"cards_removed":["Doubt"],"damage_healed":0,"gold_gain":0,"player_choice":"Offered Curse","damage_taken":0,"relics_obtained":["Spirit Poop"],"max_hp_gain":0,"max_hp_loss":0,"event_name":"Bonfire Elementals","floor":27,"gold_loss":0}],"is_beta":false,"boss_relics":[{"not_picked":["Philosopher\u0027s Stone","Snecko Eye"],"picked":"Calling Bell"}],"items_purged_floors":[5,13],"is_endless":false,"potions_floor_spawned":[1,3,7,16,18],"killed_by":"Champ","ascension_level":10}