{"gold_per_floor":[111,111,111,111,36,66,82,82,82,102,113,124,41,58,58,137,137,156,81,6,17,36,36,69,88,88,88,48,58,58],"floor_reached":30,"playtime":747,"items_purged":["Strike_B"],"score":554,"play_id":"4b83e0e0-2c5d-42d2-9300-df64e3679511","local_time":"20190514005926","is_ascension_mode":true,"campfire_choices":[{"data":"Zap","floor":8.0,"key":"SMITH"},{"data":"Chaos","floor":15.0,"key":"SMITH"},{"data":"Consume","floor":23.0,"key":"SMITH"},{"floor":27,"key":"REST"}],"neow_cost":"NONE","seed_source_timestamp":293935187882044,"circlet_count":0,"master_deck":["AscendersBane","Defend_B","Defend_B+1","Defend_B+1","Zap+1","Dualcast","Blizzard","Ball Lightning","Glacier","Redo","Chaos+1","Chill","Heatsinks","Consume+1","Echo Form","Glacier","Chaos","Defragment","Cold Snap","Turbo+1","Capacitor","Buffer"],"special_seed":0,"relics":["Cracked Core","NeowsBlessing","Art of War","Letter Opener","Sozu","Gremlin Horn"],"potions_floor_usage":[29],"damage_taken":[{"damage":0.0,"enemies":"Jaw Worm","floor":1.0,"turns":1.0},{"damage":0.0,"enemies":"Lagavulin","floor":6.0,"turns":1.0},{"damage":0.0,"enemies":"Small Slimes","floor":7.0,"turns":1.0},{"damage":2.0,"enemies":"Cultist","floor":10.0,"turns":3.0},{"damage":1.0,"enemies":"Looter","floor":11.0,"turns":3.0},{"damage":0.0,"enemies":"Gremlin Gang","floor":12.0,"turns":2.0},{"damage":10.0,"enemies":"Red Slaver","floor":14.0,"turns":4.0},{"damage":6.0,"enemies":"The Guardian","floor":16.0,"turns":14.0},{"damage":14.0,"enemies":"Chosen","floor":18.0,"turns":5.0},{"damage":3.0,"enemies":"Spheric Guardian","floor":21.0,"turns":6.0},{"damage":13.0,"enemies":"Shelled Parasite and Fungi","floor":22.0,"turns":6.0},{"damage":14,"enemies":"Book of Stabbing","floor":24,"turns":7},{"damage":13,"enemies":"Snake Plant","floor":25,"turns":5},{"damage":12,"enemies":"Centurion and Healer","floor":29,"turns":6},{"damage":0,"enemies":"Slavers","floor":30,"turns":1}],"seed_played":"5107253615128265490","potions_obtained":[{"floor":6.0,"key":"Explosive Potion"},{"floor":7.0,"key":"Weak Potion"},{"floor":16.0,"key":"Fire Potion"}],"is_trial":false,"path_per_floor":["M","?","?","?","$","E","M","R","T","M","M","M","$","M","R","B",null,"M","?","?","M","M","R","E","M","T","R","$","M","E"],"character_chosen":"DEFECT","items_purchased":["Heatsinks","Capacitor"],"campfire_rested":1,"item_purchase_floors":[13,28],"current_hp_per_floor":[64,43,43,36,36,36,36,36,36,34,33,33,33,23,23,17,58,44,44,44,41,28,28,14,1,1,22,22,10,10],"gold":58,"neow_bonus":"THREE_ENEMY_KILL","is_prod":false,"is_daily":false,"chose_seed":false,"campfire_upgraded":3,"win_rate":0,"timestamp":1557766766,"path_taken":["M","?","?","?","$","E","?","R","T","M","M","?","$","M","R","BOSS","M","?","?","M","M","R","E","?","T","R","?","M","E"],"build_version":"2019-01-23","purchased_purges":1,"victory":false,"max_hp_per_floor":[71,71,71,71,71,71,71,71,71,71,71,71,71,71,71,71,71,71,71,71,71,71,71,71,71,71,71,71,71,71],"card_choices":[{"not_picked":["Conserve Battery","Redo"],"picked":"Blizzard","floor":1.0},{"not_picked":["Streamline","Redo"],"picked":"Ball Lightning","floor":6.0},{"not_picked":["Gash","Hello World"],"picked":"Glacier","floor":7.0},{"not_picked":["Leap","Rebound"],"picked":"Redo","floor":10.0},{"not_picked":["Tempest","Aggregate"],"picked":"Chaos","floor":11.0},{"not_picked":["Compile Driver","Tempest"],"picked":"Chill","floor":12.0},{"not_picked":["Doom and Gloom","Turbo"],"picked":"Consume","floor":14.0},{"not_picked":["Rainbow","Reboot"],"picked":"Echo Form","floor":16.0},{"not_picked":["Reprogram+1","Beam Cell+1"],"picked":"Glacier","floor":18.0},{"not_picked":["Ball Lightning","Gash","Compile Driver"],"picked":"SKIP","floor":21.0},{"not_picked":["Turbo","Static Discharge"],"picked":"Cold Snap","floor":22.0},{"not_picked":["Redo","Beam Cell"],"picked":"Turbo+1","floor":24},{"not_picked":["Redo+1","Leap","Gash"],"picked":"SKIP","floor":25},{"not_picked":["Gash+1","Compile Driver"],"picked":"Buffer","floor":29}],"player_experience":1663093,"relics_obtained":[{"floor":6.0,"key":"Art of War"},{"floor":9.0,"key":"Letter Opener"},{"floor":24,"key":"Gremlin Horn"}],"event_choices":[{"damage_healed":0.0,"max_hp_gain":0.0,"max_hp_loss":0.0,"gold_gain":0.0,"event_name":"Shining Light","player_choice":"Entered Light","floor":2.0,"gold_loss":0.0,"damage_taken":21.0,"cards_upgraded":["Defend_B","Defend_B"]},{"damage_healed":0.0,"max_hp_gain":0.0,"max_hp_loss":0.0,"gold_gain":0.0,"event_name":"Liars Game","player_choice":"Ignored","floor":3.0,"gold_loss":0.0,"damage_taken":0.0},{"cards_removed":["Strike_B"],"damage_healed":0.0,"max_hp_gain":0.0,"max_hp_loss":0.0,"gold_gain":0.0,"event_name":"Golden Wing","player_choice":"Card Removal","floor":4.0,"gold_loss":0.0,"damage_taken":7.0},{"cards_removed":["Strike_B"],"damage_healed":0.0,"max_hp_gain":0.0,"max_hp_loss":0.0,"gold_gain":0.0,"event_name":"Beggar","player_choice":"Gave Gold","floor":19.0,"gold_loss":75.0,"damage_taken":0.0},{"damage_healed":0.0,"max_hp_gain":0.0,"max_hp_loss":0.0,"gold_gain":0.0,"cards_transformed":["Strike_B","Defend_B"],"event_name":"Designer","player_choice":"Transformed Cards","floor":20.0,"gold_loss":75.0,"damage_taken":0.0,"cards_obtained":["Chaos","Defragment"]}],"is_beta":false,"boss_relics":[{"not_picked":["Runic Dome","Ectoplasm"],"picked":"Sozu"}],"items_purged_floors":[5],"is_endless":false,"potions_floor_spawned":[6,7,16,21,22,29],"killed_by":"Slavers","ascension_level":20}