{"gold_per_floor":[116,131,61,61,71,83,113,133,186,219,219,229,75,91,91,194,194,214,214,226,56,83,83,83],"floor_reached":24,"playtime":1591,"items_purged":["Strike_G"],"score":387,"play_id":"e0740905-8298-430e-af9a-4ae987dcb810","local_time":"20190223201552","is_ascension_mode":true,"campfire_choices":[{"floor":11,"key":"REST"},{"floor":15,"key":"REST"},{"floor":23,"key":"REST"}],"neow_cost":"PERCENT_DAMAGE","seed_source_timestamp":555537788750799,"circlet_count":0,"master_deck":["AscendersBane","Defend_G","Defend_G","Defend_G","Defend_G","Defend_G","Strike_G","Strike_G","Strike_G","Strike_G","Survivor","Neutralize","Predator+1","Backstab","Noxious Fumes","Masterful Stab","Outmaneuver","Quick Slash","Blur","Corpse Explosion","Slice","Burst","Bandage Up"],"relics":["Ring of the Snake","Ice Cream","Blood Vial","Anchor","Pear","Omamori","White Beast Statue","GremlinMask","Vajra"],"potions_floor_usage":[7,10,10,20,20,24],"damage_taken":[{"damage":6,"enemies":"Cultist","floor":1,"turns":5},{"damage":0,"enemies":"Small Slimes","floor":2,"turns":3},{"damage":0,"enemies":"2 Louse","floor":5,"turns":3},{"damage":3,"enemies":"Looter","floor":6,"turns":3},{"damage":14,"enemies":"Gremlin Nob","floor":7,"turns":4},{"damage":11,"enemies":"3 Louse","floor":8,"turns":3},{"damage":0,"enemies":"3 Sentries","floor":10,"turns":7},{"damage":0,"enemies":"2 Fungi Beasts","floor":12,"turns":2},{"damage":0,"enemies":"Exordium Thugs","floor":14,"turns":2},{"damage":48,"enemies":"Slime Boss","floor":16,"turns":11},{"damage":12,"enemies":"2 Thieves","floor":18,"turns":2},{"damage":7,"enemies":"Shell Parasite","floor":20,"turns":6},{"damage":96,"enemies":"Book of Stabbing","floor":24,"turns":7}],"seed_played":"2644480102935833901","potions_obtained":[{"floor":1,"key":"FairyPotion"},{"floor":2,"key":"Block Potion"},{"floor":7,"key":"LiquidBronze"},{"floor":8,"key":"Block Potion"},{"floor":16,"key":"SkillPotion"},{"floor":18,"key":"Dexterity Potion"},{"floor":20,"key":"Energy Potion"}],"is_trial":false,"path_per_floor":["M","M","$","?","M","M","E","M","T","E","R","M","$","M","R","B",null,"M","?","M","$","T","R","E"],"character_chosen":"THE_SILENT","items_purchased":["Noxious Fumes","Omamori","Bandage Up"],"campfire_rested":3,"item_purchase_floors":[3,13,21],"current_hp_per_floor":[39,39,39,39,39,36,22,13,13,25,49,51,51,53,77,31,68,58,58,53,53,53,77,0],"gold":83,"neow_bonus":"ONE_RARE_RELIC","is_prod":false,"is_daily":false,"chose_seed":false,"campfire_upgraded":0,"win_rate":0,"timestamp":1550949352,"path_taken":["M","?","$","?","M","M","E","?","T","E","R","M","$","M","R","BOSS","M","?","?","$","?","R","E"],"build_version":"2019-01-23","purchased_purges":1,"victory":false,"max_hp_per_floor":[70,70,70,70,70,70,70,70,70,80,80,80,80,80,80,80,80,80,80,80,80,80,80,80],"card_choices":[{"not_picked":["Terror","Bane"],"picked":"Predator","floor":1},{"not_picked":["Flying Knee","Backflip"],"picked":"Backstab","floor":2},{"not_picked":["Sucker Punch","Outmaneuver"],"picked":"Masterful Stab","floor":5},{"not_picked":["Infinite Blades","Expertise"],"picked":"Outmaneuver","floor":6},{"not_picked":["Acrobatics","All Out Attack"],"picked":"Quick Slash","floor":7},{"not_picked":["Skewer","Cloak And Dagger"],"picked":"Blur","floor":8},{"not_picked":["Poisoned Stab","PiercingWail","Infinite Blades"],"picked":"SKIP","floor":10},{"not_picked":["Escape Plan","Sucker Punch"],"picked":"Corpse Explosion","floor":12},{"not_picked":["Quick Slash","Flechettes"],"picked":"Slice","floor":14},{"not_picked":["Wraith Form v2","Storm of Steel"],"picked":"Burst","floor":16},{"not_picked":["Deflect","Slice","Prepared"],"picked":"SKIP","floor":18},{"not_picked":["Riddle With Holes","Eviscerate","Flying Knee"],"picked":"SKIP","floor":20}],"player_experience":1416023,"relics_obtained":[{"floor":7,"key":"Blood Vial"},{"floor":9,"key":"Anchor"},{"floor":10,"key":"Pear"},{"floor":22,"key":"Vajra"}],"event_choices":[{"damage_healed":0,"gold_gain":0,"player_choice":"Upgraded","damage_taken":0,"max_hp_gain":0,"max_hp_loss":0,"event_name":"Upgrade Shrine","floor":4,"gold_loss":0,"cards_upgraded":["Predator"]},{"damage_healed":0,"gold_gain":0,"player_choice":"Trade","damage_taken":0,"relics_obtained":["GremlinMask"],"max_hp_gain":0,"max_hp_loss":0,"event_name":"FaceTrader","floor":19,"gold_loss":0}],"is_beta":false,"boss_relics":[{"not_picked":["Runic Dome","Astrolabe"],"picked":"White Beast Statue"}],"items_purged_floors":[21],"is_endless":false,"potions_floor_spawned":[1,2,7,8,16,18,20],"killed_by":"Book of Stabbing","ascension_level":10}