{"path_per_floor":["M","?","M","$","?","R","E","R","T","R","M","M","R","M","R","B",null,"M","?","$","T","$","R","M","R","T","T","?","?","M","M","R"],"character_chosen":"THE_SILENT","items_purchased":["Noxious Fumes","Bandage Up","Bane"],"gold_per_floor":[115,115,127,88,88,88,120,120,168,168,186,198,198,217,217,312,312,325,325,219,219,196,196,212,212,236,236,236,236,251,269,269],"floor_reached":33,"campfire_rested":4,"playtime":2411,"current_hp_per_floor":[70,63,63,63,68,75,54,75,82,82,82,82,82,82,82,49,82,70,70,70,70,70,78,46,78,78,78,78,78,60,51,82],"items_purged":[],"gold":269,"play_id":"09d9723d-b582-4960-85c8-c387fe680c25","is_prod":false,"is_daily":false,"is_ascension_mode":false,"campfire_upgraded":4,"path_taken":["M","?","M","$","?","R","E","R","T","R","M","M","R","?","R","BOSS","M","?","?","?","$","R","M","R","T","?","?","?","M","M","R","BOSS"],"build_version":"2018-01-25-PROD3","purchased_purges":0,"victory":false,"master_deck":["Defend_G","Defend_G","Defend_G","Defend_G","Defend_G","Strike_G","Strike_G","Strike_G","Strike_G","Strike_G","Survivor+1","Neutralize","Calculated Gamble","Quick Slash+1","Noxious Fumes+1","Die Die Die","Escape Plan","Bane+1","Deflect","Bullet Time","Slice+1","Bandage Up+1","Bane","Heel Hook+1","Footwork+1","Outmaneuver"],"max_hp_per_floor":[70,70,70,70,75,75,75,75,82,82,82,82,82,82,82,82,82,82,82,82,82,82,82,82,82,82,82,82,82,82,82,82],"relics":["Ring of the Snake","Bag of Marbles","Strawberry","Eternal Feather","Bottled Lightning","Oddly Smooth Stone","Tingsha","Nloth\u0027s Gift"],"card_choices":[{"not_picked":["Dodge and Roll","Prepared"],"picked":"Calculated Gamble"},{"not_picked":["Masterful Stab","Distraction"],"picked":"Quick Slash"},{"not_picked":["Masterful Stab","Sucker Punch"],"picked":"Die Die Die"},{"not_picked":["Quick Slash","Flying Knee"],"picked":"Escape Plan"},{"not_picked":["Deflect","Quick Slash"],"picked":"Bane"},{"not_picked":["Sucker Punch","Prepared"],"picked":"Deflect"},{"not_picked":["Phantasmal Killer","Die Die Die"],"picked":"Bullet Time"},{"not_picked":["All Out Attack","Sucker Punch"],"picked":"Slice"},{"not_picked":["Sucker Punch","Outmaneuver"],"picked":"Heel Hook"},{"not_picked":["Crippling Poison","Dagger Throw"],"picked":"Footwork"},{"not_picked":["Sucker Punch","Flechettes"],"picked":"Outmaneuver"}],"player_experience":17729,"potions_floor_usage":[33,33],"damage_taken":[{"damage":0,"enemies":"2 Louse","floor":1,"turns":3},{"damage":0,"enemies":"Small Slimes","floor":3,"turns":6},{"damage":21,"enemies":"Lagavulin","floor":7,"turns":9},{"damage":0,"enemies":"Cultist","floor":11,"turns":2},{"damage":0,"enemies":"Large Slime","floor":12,"turns":7},{"damage":0,"enemies":"3 Louse","floor":14,"turns":1},{"damage":33,"enemies":"Slime Boss","floor":16,"turns":11},{"damage":12,"enemies":"Shell Parasite","floor":18,"turns":6},{"damage":38,"enemies":"3 Byrds","floor":24,"turns":6},{"damage":24,"enemies":"Snake Plant","floor":30,"turns":5},{"damage":15,"enemies":"Snecko","floor":31,"turns":7},{"damage":89,"enemies":"Collector","floor":33,"turns":11}],"event_choices":[{"event_name":"Scrap Ooze","player_choice":"success","floor":2,"damage_taken":7},{"event_name":"Big Fish","player_choice":"Donut","floor":5,"damage_taken":0},{"event_name":"Drug Dealer","player_choice":"Ignored","floor":19,"damage_taken":0},{"event_name":"N\u0027loth","player_choice":"Traded a Darkstone Periapt","floor":28,"damage_taken":0},{"event_name":"Beggar","player_choice":"Ignored","floor":29,"damage_taken":0}],"boss_relics":[{"not_picked":["Astrolabe","Black Star"],"picked":"Eternal Feather"}],"potions_floor_spawned":[3,14,16,30],"seed_played":"-6584975570087132221","killed_by":"Collector","ascension_level":0,"is_trial":false}