{"gold_per_floor":[119,79,91,103,120,120,151,7,34,54,54,54,54,54,54,154,154,64],"floor_reached":18,"playtime":398,"items_purged":[],"score":256,"play_id":"fce12849-e1ef-4a26-9032-085aa87c9dc3","local_time":"20190505030647","is_ascension_mode":true,"campfire_choices":[{"data":"Darkness","floor":6,"key":"SMITH"},{"floor":13,"key":"REST"},{"data":"Darkness","floor":15,"key":"SMITH"}],"neow_cost":"NONE","seed_source_timestamp":109667458853600,"circlet_count":0,"master_deck":["AscendersBane","Strike_B","Strike_B","Strike_B","Strike_B","Defend_B","Defend_B","Defend_B","Defend_B","Zap","Dualcast","Darkness","Darkness+1","Darkness+1","Electrodynamics","Doom and Gloom","Capacitor","Core Surge"],"relics":["Cracked Core","NeowsBlessing","PreservedInsect","Pen Nib","Shuriken","Inserter"],"potions_floor_usage":[5,16,16],"damage_taken":[{"damage":0,"enemies":"2 Louse","floor":1,"turns":1},{"damage":0,"enemies":"Cultist","floor":3,"turns":1},{"damage":0,"enemies":"Jaw Worm","floor":4,"turns":1},{"damage":7,"enemies":"Looter","floor":5,"turns":4},{"damage":25,"enemies":"Lagavulin","floor":7,"turns":6},{"damage":7,"enemies":"Exordium Thugs","floor":10,"turns":4},{"damage":13,"enemies":"Slime Boss","floor":16,"turns":6},{"damage":66,"enemies":"2 Thieves","floor":18,"turns":3}],"seed_played":"6543449162677899162","potions_obtained":[{"floor":2,"key":"Energy Potion"},{"floor":2,"key":"GamblersBrew"},{"floor":10,"key":"AttackPotion"},{"floor":16,"key":"Dexterity Potion"}],"is_trial":false,"path_per_floor":["M","?","M","M","M","R","E","$","T","M","T","$","R","$","R","B",null,"M"],"character_chosen":"DEFECT","items_purchased":["Doom and Gloom","Capacitor"],"campfire_rested":1,"item_purchase_floors":[8,8],"current_hp_per_floor":[68,68,68,68,61,61,36,36,36,29,29,29,51,51,51,38,66,0],"gold":64,"neow_bonus":"THREE_ENEMY_KILL","is_prod":false,"is_daily":false,"chose_seed":false,"campfire_upgraded":2,"win_rate":0,"timestamp":1557018407,"path_taken":["M","?","?","M","?","R","E","$","T","M","?","$","R","$","R","BOSS","M"],"build_version":"2019-01-23","purchased_purges":0,"victory":false,"max_hp_per_floor":[75,75,75,75,75,75,75,75,75,75,75,75,75,75,75,75,75,75],"card_choices":[{"not_picked":["Coolheaded","Sweeping Beam"],"picked":"Darkness","floor":1},{"not_picked":["Turbo","Go for the Eyes"],"picked":"Darkness","floor":3},{"not_picked":["Cold Snap","Beam Cell","Gash"],"picked":"SKIP","floor":4},{"not_picked":["Storm","Cold Snap"],"picked":"Darkness","floor":5},{"not_picked":["Force Field","Stack"],"picked":"Electrodynamics","floor":7},{"not_picked":["Doom and Gloom","Go for the Eyes","Streamline"],"picked":"SKIP","floor":10},{"not_picked":["Rainbow","Reboot"],"picked":"Core Surge","floor":16}],"player_experience":1812396,"relics_obtained":[{"floor":7,"key":"PreservedInsect"},{"floor":9,"key":"Pen Nib"},{"floor":11,"key":"Shuriken"}],"event_choices":[{"damage_healed":0,"gold_gain":0,"player_choice":"Bought 3 Potions","damage_taken":0,"max_hp_gain":0,"max_hp_loss":0,"event_name":"The Woman in Blue","floor":2,"gold_loss":0}],"is_beta":false,"boss_relics":[{"not_picked":["Snecko Eye","Runic Pyramid"],"picked":"Inserter"}],"items_purged_floors":[],"is_endless":false,"potions_floor_spawned":[3,10,16],"killed_by":"2 Thieves","ascension_level":12}