{"gold_per_floor":[119,294,33,33,10,10,10,41,41,53,53,69,69,96,96,192,192,203,33,308,321,337,371,371,404,451,6,6,40,56,129,129,129],"floor_reached":33,"playtime":1540,"items_purged":["Doubt","Regret"],"score":417,"play_id":"365813b8-740f-4c94-973b-e9da5aecafff","local_time":"20181221213515","is_ascension_mode":true,"campfire_choices":[{"data":"Immolate","floor":6,"key":"SMITH"},{"floor":11,"key":"REST"},{"floor":13,"key":"REST"},{"data":"Juggernaut","floor":15,"key":"SMITH"},{"data":"Juggernaut","floor":24,"key":"SMITH"},{"data":"Discovery","floor":28,"key":"SMITH"},{"floor":32,"key":"REST"}],"neow_cost":"NONE","seed_source_timestamp":590135493200100,"circlet_count":0,"master_deck":["Strike_R","Strike_R","Strike_R","Strike_R","Strike_R+1","Defend_R","Defend_R","Defend_R","Defend_R","Bash","Immolate+1","Clash+1","Thunderclap","Flex","Shockwave","Juggernaut+1","Impervious","Wild Strike+1","Discovery+1","Juggernaut+1","Shrug It Off","Heavy Blade+1","Pain","Double Tap","Dropkick","Dual Wield","Writhe"],"relics":["Burning Blood","Pear","Thread and Needle","PreservedInsect","Red Skull","Cursed Key","Mercury Hourglass","Letter Opener","Happy Flower","Sling","Regal Pillow","Toxic Egg 2"],"potions_floor_usage":[18,23,23,23,33,33],"damage_taken":[{"damage":0,"enemies":"2 Louse","floor":1,"turns":1},{"damage":57,"enemies":"Lagavulin","floor":8,"turns":6},{"damage":0,"enemies":"Jaw Worm","floor":10,"turns":4},{"damage":0,"enemies":"Small Slimes","floor":12,"turns":3},{"damage":17,"enemies":"Gremlin Nob","floor":14,"turns":4},{"damage":6,"enemies":"Slime Boss","floor":16,"turns":7},{"damage":2,"enemies":"2 Thieves","floor":18,"turns":2},{"damage":8,"enemies":"Shell Parasite","floor":21,"turns":5},{"damage":5,"enemies":"Cultist and Chosen","floor":22,"turns":4},{"damage":18,"enemies":"Gremlin Leader","floor":23,"turns":5},{"damage":15,"enemies":"Book of Stabbing","floor":25,"turns":5},{"damage":17,"enemies":"Gremlin Leader","floor":29,"turns":4},{"damage":23,"enemies":"Snake Plant","floor":30,"turns":3},{"damage":98,"enemies":"Champ","floor":33,"turns":8}],"seed_played":"4375196955392134965","potions_obtained":[{"floor":10,"key":"Dexterity Potion"},{"floor":12,"key":"Energy Potion"},{"floor":16,"key":"Weak Potion"},{"floor":22,"key":"Weak Potion"},{"floor":25,"key":"Ancient Potion"},{"floor":30,"key":"Energy Potion"}],"is_trial":false,"path_per_floor":["M","?","$","?","$","R","$","E","T","M","R","M","R","E","R","B",null,"M","$","?","M","M","E","R","E","T","$","R","E","M","T","R","B"],"character_chosen":"IRONCLAD","items_purchased":["Pear","Thunderclap","Discovery","Sling","Double Tap"],"campfire_rested":3,"item_purchase_floors":[3,5,19,27,27],"current_hp_per_floor":[78,78,88,70,70,70,70,19,19,25,52,58,85,74,74,74,86,90,90,90,88,89,77,77,68,68,68,68,57,40,40,82,0],"gold":129,"neow_bonus":"ONE_RANDOM_RARE_CARD","is_prod":false,"is_daily":false,"chose_seed":false,"campfire_upgraded":4,"win_rate":0,"timestamp":1545424515,"path_taken":["M","?","$","?","?","R","?","E","T","M","R","M","R","E","R","BOSS","M","$","?","?","M","E","R","E","T","$","R","E","M","?","R","BOSS"],"build_version":"2018-12-20","purchased_purges":2,"victory":false,"max_hp_per_floor":[80,80,90,90,90,90,90,90,90,90,90,90,90,90,90,90,90,90,90,90,90,90,90,90,90,90,90,90,90,90,90,90,90],"card_choices":[{"not_picked":["Shrug It Off","Dropkick"],"picked":"Clash","floor":1},{"not_picked":["Shrug It Off","Heavy Blade"],"picked":"Flex","floor":8},{"not_picked":["Corruption","Offering","Anger"],"picked":"SKIP","floor":10},{"not_picked":["Sword Boomerang","Anger"],"picked":"Shockwave","floor":12},{"not_picked":["Anger","Intimidate"],"picked":"Juggernaut","floor":14},{"not_picked":["Bludgeon","Dark Embrace"],"picked":"Impervious","floor":16},{"not_picked":["Pummel","Clothesline"],"picked":"Wild Strike+1","floor":18},{"not_picked":["Clash","Iron Wave","Combust"],"picked":"SKIP","floor":21},{"not_picked":["Armaments","Rampage"],"picked":"Juggernaut","floor":22},{"not_picked":["Sword Boomerang","Anger"],"picked":"Shrug It Off","floor":23},{"not_picked":["Thunderclap","Headbutt+1"],"picked":"Heavy Blade+1","floor":25},{"not_picked":["Flex","Juggernaut"],"picked":"Dropkick","floor":29},{"not_picked":["Metallicize","Clash"],"picked":"Dual Wield","floor":30}],"player_experience":1045679,"relics_obtained":[{"floor":8,"key":"Thread and Needle"},{"floor":9,"key":"PreservedInsect"},{"floor":14,"key":"Red Skull"},{"floor":23,"key":"Mercury Hourglass"},{"floor":25,"key":"Letter Opener"},{"floor":26,"key":"Happy Flower"},{"floor":29,"key":"Regal Pillow"},{"floor":31,"key":"Toxic Egg 2"}],"event_choices":[{"damage_healed":0,"gold_gain":175,"player_choice":"AGREE","damage_taken":0,"max_hp_gain":0,"max_hp_loss":0,"event_name":"Liars Game","floor":2,"gold_loss":0,"cards_obtained":["Doubt"]},{"damage_healed":0,"gold_gain":0,"player_choice":"Entered Light","damage_taken":18,"max_hp_gain":0,"max_hp_loss":0,"event_name":"Shining Light","floor":4,"gold_loss":0,"cards_upgraded":["Strike_R","Clash"]},{"damage_healed":0,"gold_gain":275,"player_choice":"Desecrate","damage_taken":0,"max_hp_gain":0,"max_hp_loss":0,"event_name":"Golden Shrine","floor":20,"gold_loss":0,"cards_obtained":["Regret"]}],"is_beta":false,"boss_relics":[{"not_picked":["Busted Crown","Runic Dome"],"picked":"Cursed Key"}],"items_purged_floors":[19,27],"is_endless":false,"potions_floor_spawned":[10,12,16,22,25,30],"killed_by":"Champ","ascension_level":7}