{"gold_per_floor":[112,112,125,137,137,137,28,45,72,92,92,105,105,118,118,194,194,214,40,52,52,32,32,32],"floor_reached":24,"playtime":924,"items_purged":[],"score":395,"play_id":"ee1a92e5-538b-44a1-af84-5ef9aa72dec6","local_time":"20190512090749","is_ascension_mode":true,"campfire_choices":[{"data":"Backstab","floor":6,"key":"SMITH"},{"data":"Predator","floor":13,"key":"SMITH"},{"floor":15,"key":"REST"}],"neow_cost":"NONE","seed_source_timestamp":4433662528664,"circlet_count":0,"master_deck":["AscendersBane","Defend_G+1","Defend_G+1","Defend_G+1","Defend_G+1","Defend_G+1","Strike_G+1","Strike_G+1","Strike_G+1","Strike_G+1","Strike_G+1","Survivor","Neutralize+1","Predator+1","Bane","Predator","Backstab+1","Deadly Poison","Deadly Poison","Quick Slash","Quick Slash","Dagger Spray","All Out Attack","Prepared","Burst","Acrobatics","Adrenaline","Quick Slash","Noxious Fumes"],"relics":["Ring of the Snake","NeowsBlessing","GremlinMask","Ancient Tea Set","Cursed Key"],"potions_floor_usage":[8,8,16,23],"damage_taken":[{"damage":0,"enemies":"Jaw Worm","floor":1,"turns":1},{"damage":0,"enemies":"Cultist","floor":3,"turns":1},{"damage":0,"enemies":"2 Louse","floor":4,"turns":1},{"damage":8,"enemies":"Exordium Thugs","floor":8,"turns":4},{"damage":5,"enemies":"Red Slaver","floor":10,"turns":3},{"damage":3,"enemies":"Blue Slaver","floor":12,"turns":3},{"damage":1,"enemies":"3 Louse","floor":14,"turns":3},{"damage":45,"enemies":"The Guardian","floor":16,"turns":12},{"damage":3,"enemies":"Chosen","floor":18,"turns":5},{"damage":27,"enemies":"2 Thieves","floor":20,"turns":3},{"damage":0,"enemies":"Slavers","floor":23,"turns":1},{"damage":41,"enemies":"Centurion and Healer","floor":24,"turns":4}],"seed_played":"-8244311360613868606","potions_obtained":[{"floor":3,"key":"AttackPotion"},{"floor":4,"key":"Block Potion"},{"floor":8,"key":"Regen Potion"},{"floor":12,"key":"SmokeBomb"},{"floor":18,"key":"LiquidBronze"},{"floor":22,"key":"FairyPotion"}],"is_trial":false,"path_per_floor":["M","?","M","M","?","R","$","M","T","M","?","M","R","M","R","B",null,"M","$","M","?","?","E","M"],"character_chosen":"THE_SILENT","items_purchased":["Deadly Poison","Quick Slash","Adrenaline","Quick Slash"],"campfire_rested":1,"item_purchase_floors":[7,7,19,19],"current_hp_per_floor":[59,59,59,59,59,59,59,51,51,46,26,23,23,22,41,11,52,49,49,22,22,22,22,0],"gold":32,"neow_bonus":"THREE_ENEMY_KILL","is_prod":false,"is_daily":false,"chose_seed":false,"campfire_upgraded":2,"win_rate":0,"timestamp":1557677269,"path_taken":["M","?","M","?","?","R","?","M","T","?","?","M","R","M","R","BOSS","M","$","M","?","?","E","?"],"build_version":"2019-01-23","purchased_purges":0,"victory":false,"max_hp_per_floor":[66,66,66,66,66,66,66,66,66,66,66,66,66,66,66,66,66,66,66,66,66,66,66,66],"card_choices":[{"not_picked":["Dodge and Roll","Blur"],"picked":"Predator","floor":1},{"not_picked":["Deflect","Bouncing Flask"],"picked":"Backstab","floor":3},{"not_picked":["Slice","All Out Attack"],"picked":"Deadly Poison","floor":4},{"not_picked":["Bane","Infinite Blades"],"picked":"Quick Slash","floor":8},{"not_picked":["Backstab","Bane"],"picked":"Dagger Spray","floor":10},{"not_picked":["Dodge and Roll","Outmaneuver"],"picked":"All Out Attack","floor":12},{"not_picked":["Skewer","Cloak And Dagger"],"picked":"Prepared","floor":14},{"not_picked":["Adrenaline","Storm of Steel"],"picked":"Burst","floor":16},{"not_picked":["Caltrops","Deflect"],"picked":"Acrobatics","floor":18},{"not_picked":["Outmaneuver","Bane+1"],"picked":"Noxious Fumes","floor":20}],"player_experience":1690541,"relics_obtained":[{"floor":9,"key":"Ancient Tea Set"}],"event_choices":[{"damage_healed":0,"gold_gain":0,"player_choice":"2 cards matched","damage_taken":0,"max_hp_gain":0,"max_hp_loss":0,"event_name":"Match and Keep!","floor":2,"gold_loss":0,"cards_obtained":["Bane","Predator"]},{"damage_healed":0,"gold_gain":0,"player_choice":"Trade","damage_taken":0,"relics_obtained":["GremlinMask"],"max_hp_gain":0,"max_hp_loss":0,"event_name":"FaceTrader","floor":5,"gold_loss":0},{"damage_healed":0,"gold_gain":0,"player_choice":"Entered Light","damage_taken":20,"max_hp_gain":0,"max_hp_loss":0,"event_name":"Shining Light","floor":11,"gold_loss":0,"cards_upgraded":["Neutralize","Defend_G"]},{"damage_healed":0,"gold_gain":0,"player_choice":"Simplicity","damage_taken":0,"max_hp_gain":0,"max_hp_loss":0,"event_name":"Back to Basics","floor":21,"gold_loss":0,"cards_upgraded":["Defend_G","Defend_G","Defend_G","Defend_G","Strike_G","Strike_G","Strike_G","Strike_G","Strike_G"]},{"damage_healed":0,"gold_gain":0,"player_choice":"Bought 1 Potion","damage_taken":0,"max_hp_gain":0,"max_hp_loss":0,"event_name":"The Woman in Blue","floor":22,"gold_loss":0}],"is_beta":false,"boss_relics":[{"not_picked":["Ectoplasm","Black Star"],"picked":"Cursed Key"}],"items_purged_floors":[],"is_endless":false,"potions_floor_spawned":[3,4,8,12,18],"killed_by":"Centurion and Healer","ascension_level":18}