{"gold_per_floor":[119,21,32,45,45,70,0,0,0,15,27,58,8,24,24,128,128,144,144,158,257,48,48,78,78,78,78,3,18,0,0,0,0],"floor_reached":33,"playtime":2134,"items_purged":[],"score":437,"play_id":"76114042-5296-4b04-8d7e-862b18078fe9","local_time":"20190428131923","is_ascension_mode":true,"campfire_choices":[{"floor":8,"key":"REST"},{"data":"Cloak And Dagger","floor":15,"key":"SMITH"},{"floor":23,"key":"REST"},{"floor":25,"key":"REST"},{"floor":27,"key":"REST"},{"floor":32,"key":"REST"}],"neow_cost":"NONE","seed_source_timestamp":13330208207644,"circlet_count":0,"master_deck":["AscendersBane","Defend_G","Defend_G","Defend_G","Defend_G","Defend_G","Strike_G","Strike_G","Strike_G","Survivor","Neutralize","Cloak And Dagger+1","Dramatic Entrance","Endless Agony","Backstab","Leg Sweep","Footwork","Crippling Poison","Doppelganger","Blade Dance","Backflip","Adrenaline","Leg Sweep","Dramatic Entrance","Expertise","Calculated Gamble+1","Well Laid Plans","Metallicize+1"],"relics":["WristBlade","StoneCalendar","Bird Faced Urn","Pear","Fusion Hammer","PrismaticShard","Happy Flower","Bottled Tornado"],"potions_floor_usage":[12,12,20,24,29],"damage_taken":[{"damage":0,"enemies":"2 Louse","floor":1,"turns":3},{"damage":0,"enemies":"Cultist","floor":3,"turns":4},{"damage":0,"enemies":"Small Slimes","floor":4,"turns":2},{"damage":28,"enemies":"Gremlin Nob","floor":6,"turns":5},{"damage":7,"enemies":"Red Slaver","floor":10,"turns":2},{"damage":0,"enemies":"2 Fungi Beasts","floor":11,"turns":3},{"damage":13,"enemies":"3 Sentries","floor":12,"turns":6},{"damage":0,"enemies":"Exordium Wildlife","floor":14,"turns":2},{"damage":30,"enemies":"Slime Boss","floor":16,"turns":7},{"damage":22,"enemies":"Spheric Guardian","floor":18,"turns":4},{"damage":7,"enemies":"Chosen","floor":20,"turns":5},{"damage":29,"enemies":"Gremlin Leader","floor":24,"turns":6},{"damage":0,"enemies":"Snecko","floor":29,"turns":5},{"damage":92,"enemies":"Collector","floor":33,"turns":19}],"seed_played":"470624623273806967","potions_obtained":[{"floor":1,"key":"Ancient Potion"},{"floor":10,"key":"Regen Potion"},{"floor":11,"key":"PowerPotion"},{"floor":16,"key":"Strength Potion"},{"floor":18,"key":"Ancient Potion"},{"floor":20,"key":"Ancient Potion"}],"is_trial":false,"path_per_floor":["M","$","M","M","?","E","$","R","T","M","M","E","?","M","R","B",null,"M","?","M","?","$","R","E","R","T","R","$","M","?","$","R","B"],"character_chosen":"THE_SILENT","items_purchased":["Dramatic Entrance","Footwork","PrismaticShard","Well Laid Plans"],"campfire_rested":5,"item_purchase_floors":[2,7,22,28],"current_hp_per_floor":[63,63,63,63,63,35,35,56,56,51,53,69,69,69,69,41,70,48,48,43,43,43,67,40,64,64,80,80,80,80,80,80,0],"gold":0,"neow_bonus":"BOSS_RELIC","is_prod":false,"is_daily":false,"chose_seed":false,"campfire_upgraded":1,"win_rate":0,"timestamp":1556482763,"path_taken":["M","$","M","M","?","E","?","R","T","M","M","E","?","M","R","BOSS","M","?","?","?","$","R","E","R","T","R","?","M","?","$","R","BOSS"],"build_version":"2019-01-23","purchased_purges":0,"victory":false,"max_hp_per_floor":[70,70,70,70,70,70,70,70,70,70,70,80,80,80,80,80,80,80,80,80,80,80,80,80,80,80,80,80,80,80,80,80,80],"card_choices":[{"not_picked":["Calculated Gamble","PiercingWail"],"picked":"Cloak And Dagger","floor":1},{"not_picked":["Sucker Punch","Backflip"],"picked":"Endless Agony","floor":3},{"not_picked":["Underhanded Strike","Leg Sweep"],"picked":"Backstab","floor":4},{"not_picked":["Outmaneuver","Sucker Punch"],"picked":"Leg Sweep","floor":6},{"not_picked":["Terror","Tactician"],"picked":"Crippling Poison","floor":10},{"not_picked":["Sucker Punch","Deadly Poison"],"picked":"Doppelganger","floor":11},{"not_picked":["Night Terror","Deadly Poison"],"picked":"Blade Dance","floor":12},{"not_picked":["Finisher","Deadly Poison"],"picked":"Backflip","floor":14},{"not_picked":["Phantasmal Killer","Wraith Form v2"],"picked":"Adrenaline","floor":16},{"not_picked":["Tactician","Quick Slash"],"picked":"Leg Sweep","floor":18},{"not_picked":["Flying Knee","Predator"],"picked":"Expertise","floor":20},{"not_picked":["Catalyst","Sword Boomerang"],"picked":"Calculated Gamble+1","floor":24},{"not_picked":["Combust","Sunder"],"picked":"Metallicize+1","floor":29}],"player_experience":1490305,"relics_obtained":[{"floor":6,"key":"StoneCalendar"},{"floor":9,"key":"Bird Faced Urn"},{"floor":12,"key":"Pear"},{"floor":24,"key":"Happy Flower"},{"floor":26,"key":"Bottled Tornado"}],"event_choices":[{"cards_removed":["Strike_G"],"damage_healed":0,"gold_gain":0,"player_choice":"Purged","damage_taken":0,"max_hp_gain":0,"max_hp_loss":0,"event_name":"Purifier","floor":5,"gold_loss":0},{"cards_removed":["Strike_G"],"damage_healed":0,"gold_gain":0,"player_choice":"Card Removal","damage_taken":0,"max_hp_gain":0,"max_hp_loss":0,"event_name":"The Cleric","floor":13,"gold_loss":50},{"damage_healed":0,"gold_gain":0,"player_choice":"Copied","damage_taken":0,"max_hp_gain":0,"max_hp_loss":0,"event_name":"Duplicator","floor":19,"gold_loss":0,"cards_obtained":["Dramatic Entrance"]},{"damage_healed":0,"gold_gain":99,"player_choice":"Stole From Cult","damage_taken":0,"max_hp_gain":0,"max_hp_loss":0,"event_name":"Nest","floor":21,"gold_loss":0},{"damage_healed":0,"gold_gain":0,"player_choice":"Paid Fearfully","damage_taken":0,"max_hp_gain":0,"max_hp_loss":0,"event_name":"Masked Bandits","floor":30,"gold_loss":18}],"is_beta":false,"boss_relics":[{"not_picked":["Busted Crown","Ectoplasm"],"picked":"Fusion Hammer"}],"items_purged_floors":[],"is_endless":false,"potions_floor_spawned":[1,10,11,16,18,20],"killed_by":"Collector","ascension_level":12}