{"path_per_floor":["M","?","?","M","?","R","M","R","T","E","M","R","M","$","R","B",null,"M","M","M","?","$","R","M","R","T","T","?","M","R","$","R","B",null,"M","M","M","M","M","R","M","R","T","?","M","R","E","$","R","B"],"character_chosen":"THE_SILENT","items_purchased":["Noxious Fumes","Endless Agony","Footwork","Dark Shackles","Sucker Punch","Strawberry"],"gold_per_floor":[119,119,69,83,83,83,93,93,119,151,164,164,174,23,23,125,125,138,154,170,170,35,35,52,52,52,79,29,46,46,24,24,126,126,137,151,166,186,205,205,220,220,220,200,220,220,254,29,29,29],"floor_reached":51,"campfire_rested":6,"playtime":6628,"current_hp_per_floor":[70,63,63,63,56,56,56,56,56,46,46,67,67,67,67,56,70,65,65,56,56,56,56,56,70,70,70,70,70,70,70,70,46,70,70,64,56,47,41,62,43,64,64,64,43,64,22,29,55,12],"items_purged":["Strike_G"],"gold":29,"play_id":"0a3e0d66-c08f-43a8-b320-38e515f7ecc7","is_prod":false,"is_daily":false,"is_ascension_mode":false,"campfire_upgraded":6,"path_taken":["M","?","?","M","?","R","M","R","T","E","M","R","M","$","R","BOSS","M","M","?","?","$","R","M","R","T","?","?","M","R","?","R","BOSS","M","M","M","M","M","R","M","R","T","?","M","R","E","$","R","BOSS"],"build_version":"2018-02-01-PROD3","purchased_purges":5,"victory":true,"master_deck":["Defend_G","Defend_G","Defend_G","Defend_G","Defend_G","Strike_G","Strike_G","Survivor","Neutralize+1","Footwork+1","Quick Slash","All Out Attack","Burst+1","Sucker Punch","Acrobatics","Noxious Fumes+1","Endless Agony","After Image","Deflect+1","Dash","Dash+1","Footwork+1","Dark Shackles","Venomology","Choke","Sucker Punch","Glass Knife","PiercingWail","Outmaneuver","Dagger Throw+1","Dash+1","Skewer+1","Dagger Throw","Outmaneuver+1","Quick Slash+1"],"max_hp_per_floor":[70,70,70,70,70,70,70,70,70,70,70,70,70,70,70,70,70,70,70,70,70,70,70,70,70,70,70,70,70,70,70,70,70,70,70,70,70,70,70,70,70,70,70,70,70,70,80,87,87,87],"relics":["Ring of the Snake","Pen Nib","Happy Flower","Ancient Tea Set","Runic Pyramid","Anchor","Juzu Bracelet","Lantern","Lizard Tail","Oddly Smooth Stone","Pear","Strawberry"],"card_choices":[{"not_picked":["Dash","Flechettes"],"picked":"Footwork"},{"not_picked":["Infinite Blades","Prepared"],"picked":"Quick Slash"},{"not_picked":["Dodge and Roll","Dagger Throw"],"picked":"All Out Attack"},{"not_picked":["Masterful Stab","Deadly Poison"],"picked":"Burst"},{"not_picked":["Quick Slash","PiercingWail"],"picked":"Sucker Punch"},{"not_picked":["Prepared","Finisher"],"picked":"Acrobatics"},{"not_picked":["Wraith Form","A Thousand Cuts"],"picked":"After Image"},{"not_picked":["Reflex","Dagger Throw"],"picked":"Deflect"},{"not_picked":["Slice","Predator"],"picked":"Dash"},{"not_picked":["Poisoned Stab","Sucker Punch"],"picked":"Dash"},{"not_picked":["Slice","Dodge and Roll"],"picked":"Venomology"},{"not_picked":["Distraction","Deflect"],"picked":"Choke"},{"not_picked":["Phantasmal Killer","Night Terror"],"picked":"Glass Knife"},{"not_picked":["Masterful Stab","Poisoned Stab"],"picked":"PiercingWail"},{"not_picked":["Flying Knee","Deflect"],"picked":"Outmaneuver"},{"not_picked":["Poisoned Stab","Deadly Poison"],"picked":"Dagger Throw"},{"not_picked":["Poisoned Stab","Blade Dance"],"picked":"Dash"},{"not_picked":["PiercingWail","Blade Dance"],"picked":"Skewer"},{"not_picked":["Burst","Skewer"],"picked":"Dagger Throw"},{"not_picked":["Reflex","Blade Dance"],"picked":"Outmaneuver"},{"not_picked":["Dodge and Roll","Acrobatics"],"picked":"Quick Slash"}],"player_experience":46844,"potions_floor_usage":[16,16,29,33,33,37,38,39,45,47,47,47,47,50],"damage_taken":[{"damage":0,"enemies":"Cultist","floor":1,"turns":5},{"damage":0,"enemies":"Jaw Worm","floor":4,"turns":8},{"damage":0,"enemies":"Small Slimes","floor":7,"turns":4},{"damage":10,"enemies":"Lagavulin","floor":10,"turns":11},{"damage":0,"enemies":"2 Fungi Beasts","floor":11,"turns":6},{"damage":0,"enemies":"Large Slime","floor":13,"turns":5},{"damage":11,"enemies":"Slime Boss","floor":16,"turns":14},{"damage":5,"enemies":"Chosen","floor":18,"turns":8},{"damage":0,"enemies":"3 Byrds","floor":19,"turns":7},{"damage":9,"enemies":"Centurion and Healer","floor":20,"turns":8},{"damage":0,"enemies":"Sentry and Sphere","floor":24,"turns":8},{"damage":0,"enemies":"Slaver and Parasite","floor":29,"turns":8},{"damage":24,"enemies":"Champ","floor":33,"turns":18},{"damage":0,"enemies":"Orb Walker","floor":35,"turns":6},{"damage":6,"enemies":"3 Shapes","floor":36,"turns":8},{"damage":8,"enemies":"Sphere and 2 Shapes","floor":37,"turns":7},{"damage":9,"enemies":"Maw","floor":38,"turns":11},{"damage":6,"enemies":"4 Shapes","floor":39,"turns":10},{"damage":19,"enemies":"3 Darklings","floor":41,"turns":7},{"damage":21,"enemies":"Sphere and 2 Shapes","floor":45,"turns":8},{"damage":73,"enemies":"Giant Head","floor":47,"turns":15},{"damage":91,"enemies":"Time Eater","floor":50,"turns":19}],"event_choices":[{"event_name":"Golden Wing","player_choice":"Card Removal","floor":2,"damage_taken":0},{"event_name":"The Cleric","player_choice":"Card Removal","floor":3,"damage_taken":0},{"event_name":"Scrap Ooze","player_choice":"unsuccessful","floor":5,"damage_taken":7},{"event_name":"The Mausoleum","player_choice":"Yes","floor":21,"damage_taken":0},{"event_name":"The Joust","player_choice":"Bet on Owner","floor":28,"damage_taken":0},{"event_name":"The Woman in Blue","player_choice":"Bought 1 Potion","floor":44,"damage_taken":0}],"boss_relics":[{"not_picked":["Question Card","Orrery"],"picked":"Runic Pyramid"},{"not_picked":["The Specimen","Eternal Feather"],"picked":"Lizard Tail"}],"potions_floor_spawned":[1,4,7,16,19,24,29,33,35,39,45],"seed_played":"6195468879088211537","ascension_level":0,"is_trial":false}