{"gold_per_floor":[116,291,303,228,248,277,289,289,289,289,139,152,122,142,142,142],"floor_reached":16,"playtime":1034,"items_purged":["Doubt"],"score":107,"play_id":"b4a0d270-ee72-41a3-8aab-ef0143df4ec1","local_time":"20190504003630","is_ascension_mode":true,"campfire_choices":[{"data":"Shockwave","floor":15,"key":"SMITH"}],"neow_cost":"NONE","seed_source_timestamp":1316836472209535,"circlet_count":0,"master_deck":["Strike_R","Strike_R","Strike_R","Strike_R","Strike_R","Defend_R","Defend_R","Defend_R","Defend_R","Bash","Flame Barrier","Shockwave+1","Flame Barrier","Shrug It Off"],"relics":["Burning Blood","Shuriken","The Courier","Oddly Smooth Stone"],"potions_floor_usage":[7,16,16,16],"damage_taken":[{"damage":15,"enemies":"Cultist","floor":1,"turns":4},{"damage":2,"enemies":"Small Slimes","floor":3,"turns":4},{"damage":14,"enemies":"Jaw Worm","floor":5,"turns":4},{"damage":53,"enemies":"Lagavulin","floor":6,"turns":8},{"damage":15,"enemies":"Lots of Slimes","floor":7,"turns":8},{"damage":7,"enemies":"Blue Slaver","floor":12,"turns":5},{"damage":0,"enemies":"Exordium Wildlife","floor":14,"turns":6},{"damage":42,"enemies":"Hexaghost","floor":16,"turns":14}],"seed_played":"-3061629461715642703","potions_obtained":[{"floor":6,"key":"Regen Potion"},{"floor":7,"key":"Strength Potion"},{"floor":12,"key":"SpeedPotion"},{"floor":14,"key":"AttackPotion"}],"is_trial":false,"path_per_floor":["M","?","M","$","M","E","M","$","T","?","$","M","$","M","R","B"],"character_chosen":"IRONCLAD","items_purchased":["Oddly Smooth Stone","Shockwave","Flame Barrier"],"campfire_rested":0,"item_purchase_floors":[11,11,13],"current_hp_per_floor":[79,79,83,83,75,28,34,34,34,34,34,33,33,39,39,0],"gold":142,"neow_bonus":"TEN_PERCENT_HP_BONUS","is_prod":false,"is_daily":false,"chose_seed":false,"campfire_upgraded":1,"win_rate":0,"timestamp":1556948190,"path_taken":["M","?","M","$","M","E","M","$","T","?","?","?","$","M","R","BOSS"],"build_version":"2019-01-23","purchased_purges":1,"victory":false,"max_hp_per_floor":[88,88,88,88,88,88,88,88,88,88,88,88,88,88,88,88],"card_choices":[{"not_picked":["Warcry","Sword Boomerang","Armaments"],"picked":"SKIP","floor":1},{"not_picked":["Reckless Charge","Clash","Wild Strike"],"picked":"SKIP","floor":3},{"not_picked":["Heavy Blade","Carnage","Sentinel"],"picked":"SKIP","floor":5},{"not_picked":["Headbutt","Body Slam"],"picked":"Flame Barrier","floor":6},{"not_picked":["Clothesline","Flex","Reckless Charge"],"picked":"SKIP","floor":7},{"not_picked":["Intimidate","Immolate","Anger"],"picked":"SKIP","floor":12},{"not_picked":["Anger","Cleave"],"picked":"Shrug It Off","floor":14}],"player_experience":234067,"relics_obtained":[{"floor":6,"key":"Shuriken"},{"floor":9,"key":"The Courier"}],"event_choices":[{"damage_healed":0,"gold_gain":175,"player_choice":"AGREE","damage_taken":0,"max_hp_gain":0,"max_hp_loss":0,"event_name":"Liars Game","floor":2,"gold_loss":0,"cards_obtained":["Doubt"]},{"damage_healed":0,"gold_gain":0,"player_choice":"Ignored","damage_taken":0,"max_hp_gain":0,"max_hp_loss":0,"event_name":"Shining Light","floor":10,"gold_loss":0}],"is_beta":false,"boss_relics":[],"items_purged_floors":[4],"is_endless":false,"potions_floor_spawned":[6,7,12,14],"killed_by":"Hexaghost","ascension_level":1}