{"path_per_floor":["M","$","M","M","?","R","E","R","T","M","R","?","R","$","R","B",null,"M","M","M","?","?","R","E","R","T","M","?","R","M","?","R","B",null,"M","M","?","?","M","R","$","R","T","E","$","R","?"],"character_chosen":"THE_SILENT","items_purchased":["Infinite Blades","Bandage Up","A Thousand Cuts","Panache","Girya"],"gold_per_floor":[111,75,94,106,106,106,133,133,133,153,153,328,328,86,86,181,211,229,246,262,262,262,262,289,289,289,308,308,308,326,326,326,429,429,448,464,464,464,483,483,12,12,12,47,47,47,0],"floor_reached":48,"campfire_rested":7,"playtime":4108,"current_hp_per_floor":[70,70,70,68,68,68,40,61,61,55,55,55,55,55,55,23,75,58,60,20,45,45,67,22,44,44,23,23,45,45,45,67,73,75,56,58,75,75,42,64,64,64,64,9,9,31,31],"items_purged":["Strike_G"],"gold":0,"score":474,"play_id":"34d9b03c-eab6-41a0-a29e-ea70677ff8e7","is_prod":false,"is_daily":false,"is_ascension_mode":false,"campfire_upgraded":4,"path_taken":["M","$","M","M","?","R","E","R","T","M","R","?","R","?","R","BOSS","M","M","M","?","?","R","E","R","T","M","?","R","?","?","R","BOSS","M","M","?","?","?","R","$","R","T","E","$","R","?","M"],"build_version":"2018-02-15-PROD1","purchased_purges":1,"victory":false,"master_deck":["Defend_G+1","Defend_G+1","Defend_G+1","Defend_G+1","Defend_G+1","Strike_G+1","Strike_G+1","Strike_G+1","Survivor","Neutralize+1","Backflip+1","Infinite Blades","Acrobatics","Malaise","Blade Dance","Acrobatics+1","Doubt","Bandage Up+1","A Thousand Cuts","After Image","Sucker Punch","Sucker Punch+1","Heel Hook","Backflip","Terror+1","Burst","Well Laid Plans","Tools of the Trade","Die Die Die","Dash+1","Writhe","Masterful Stab+1","Panache","Glass Knife"],"max_hp_per_floor":[70,70,70,70,70,70,70,70,70,70,70,70,70,70,70,70,75,75,75,75,75,75,75,75,75,75,75,75,75,75,75,75,75,75,75,75,75,75,75,75,75,75,75,75,75,75,75],"relics":["Ring of the Snake","Mercury Hourglass","Vajra","Tiny House","Bronze Scales","Nloth\u0027s Gift","Kunai","Girya","Frozen Eye","Gremlin Horn","Red Mask"],"card_choices":[{"not_picked":["Choke","Dodge and Roll"],"picked":"Backflip"},{"not_picked":["PiercingWail","Masterful Stab"],"picked":"Acrobatics"},{"not_picked":["Choke","Deadly Poison"],"picked":"Malaise"},{"not_picked":["Quick Slash","Slice"],"picked":"Blade Dance"},{"not_picked":["Crippling Poison","Riddle With Holes"],"picked":"Acrobatics"},{"not_picked":["Night Terror","Venomology"],"picked":"After Image"},{"not_picked":["Prepared","Flying Knee"],"picked":"Sucker Punch"},{"not_picked":["Quick Slash","Underhanded Strike"],"picked":"Sucker Punch"},{"not_picked":["Crippling Poison","Deflect"],"picked":"Heel Hook"},{"not_picked":["Crippling Poison","Eviscerate"],"picked":"Backflip"},{"not_picked":["Outmaneuver","Calculated Gamble"],"picked":"Terror"},{"not_picked":["Dagger Throw","Bane"],"picked":"Burst"},{"not_picked":["Dagger Throw","Dodge and Roll"],"picked":"Well Laid Plans"},{"not_picked":["Unload","Glass Knife"],"picked":"Tools of the Trade"},{"not_picked":["Masterful Stab","Poisoned Stab"],"picked":"Die Die Die"},{"not_picked":["All Out Attack","Masterful Stab"],"picked":"Dash"},{"not_picked":["Dagger Spray","Poisoned Stab"],"picked":"Masterful Stab"},{"not_picked":["Quick Slash","Bane"],"picked":"Glass Knife"}],"player_experience":81320,"potions_floor_usage":[16,16,19,20,30,35,44,44],"damage_taken":[{"damage":0,"enemies":"2 Louse","floor":1,"turns":3},{"damage":0,"enemies":"Cultist","floor":3,"turns":5},{"damage":2,"enemies":"Small Slimes","floor":4,"turns":4},{"damage":28,"enemies":"3 Sentries","floor":7,"turns":11},{"damage":6,"enemies":"Exordium Wildlife","floor":10,"turns":5},{"damage":38,"enemies":"The Guardian","floor":16,"turns":15},{"damage":17,"enemies":"3 Byrds","floor":18,"turns":5},{"damage":4,"enemies":"Chosen","floor":19,"turns":5},{"damage":46,"enemies":"Slaver and Parasite","floor":20,"turns":9},{"damage":51,"enemies":"Gremlin Leader","floor":24,"turns":11},{"damage":27,"enemies":"Cultist and Chosen","floor":27,"turns":8},{"damage":6,"enemies":"3 Cultists","floor":30,"turns":5},{"damage":0,"enemies":"Champ","floor":33,"turns":15},{"damage":25,"enemies":"3 Darklings","floor":35,"turns":6},{"damage":4,"enemies":"Orb Walker","floor":36,"turns":5},{"damage":33,"enemies":"4 Shapes","floor":39,"turns":5},{"damage":61,"enemies":"2 Orb Walkers","floor":44,"turns":5},{"damage":52,"enemies":"Sphere and 2 Shapes","floor":48,"turns":6}],"event_choices":[{"event_name":"The Lab","player_choice":"Got Potions","floor":5,"damage_taken":0},{"event_name":"Liars Game","player_choice":"agreed","floor":12,"damage_taken":0},{"event_name":"The Library","player_choice":"Heal","floor":21,"damage_taken":0},{"event_name":"Back to Basics","player_choice":"Simplicity","floor":22,"damage_taken":0},{"event_name":"N\u0027loth","player_choice":"Traded a Shovel","floor":28,"damage_taken":0},{"event_name":"The Mausoleum","player_choice":"Yes","floor":31,"damage_taken":0},{"event_name":"Winding Halls","player_choice":"Writhe","floor":37,"damage_taken":0},{"event_name":"Tomb of Lord Red Mask","player_choice":"Paid","floor":47,"damage_taken":0}],"boss_relics":[{"not_picked":["Ectoplasm","Snecko Eye"],"picked":"Tiny House"},{"not_picked":["Runic Dome","Velvet Choker","Runic Pyramid"]}],"potions_floor_spawned":[1,10,16,24,27,33,36,39],"seed_played":"2336486819479778889","killed_by":"Sphere and 2 Shapes","ascension_level":0,"is_trial":false}