{"gold_per_floor":[116,23,23,33,44,69,69,69,69,1,1,1,13,47],"floor_reached":14,"playtime":315,"items_purged":[],"score":98,"play_id":"56516510-15e8-4bda-b034-d13fda634d01","local_time":"20190413204515","is_ascension_mode":false,"campfire_choices":[{"floor":7,"key":"REST"},{"data":"Jack Of All Trades","floor":11,"key":"SMITH"}],"neow_cost":"NONE","seed_source_timestamp":245640132477000,"circlet_count":0,"master_deck":["Strike_R","Strike_R","Strike_R","Strike_R","Defend_R","Defend_R","Defend_R","Defend_R","Bash","Disarm","Jack Of All Trades+1","Infernal Blade","Uppercut","Cleave","Double Tap","Clumsy","Reaper","Feed"],"relics":["Cursed Key","Happy Flower"],"potions_floor_usage":[],"damage_taken":[{"damage":3,"enemies":"Jaw Worm","floor":1,"turns":3},{"damage":0,"enemies":"2 Louse","floor":4,"turns":3},{"damage":0,"enemies":"Small Slimes","floor":5,"turns":2},{"damage":18,"enemies":"Lagavulin","floor":6,"turns":7},{"damage":5,"enemies":"Looter","floor":13,"turns":3},{"damage":34,"enemies":"Gremlin Nob","floor":14,"turns":4}],"seed_played":"-5156700357181297147","potions_obtained":[{"floor":1,"key":"Weak Potion"},{"floor":5,"key":"EssenceOfSteel"}],"is_trial":false,"path_per_floor":["M","$","?","M","M","E","R","?","T","$","R","$","M","E"],"character_chosen":"IRONCLAD","items_purchased":["Jack Of All Trades","Reaper"],"campfire_rested":1,"item_purchase_floors":[2,10],"current_hp_per_floor":[77,77,82,82,82,64,85,85,85,85,85,85,80,50],"gold":47,"neow_bonus":"BOSS_RELIC","is_prod":false,"is_daily":false,"chose_seed":false,"campfire_upgraded":1,"win_rate":0,"timestamp":1555181115,"path_taken":["M","$","?","M","M","E","R","?","T","?","R","$","M","E"],"build_version":"2019-01-23","purchased_purges":0,"victory":false,"max_hp_per_floor":[80,80,85,85,85,85,85,85,85,85,85,85,85,85],"card_choices":[{"not_picked":["Ghostly Armor","Wild Strike"],"picked":"Disarm","floor":1},{"not_picked":["Pommel Strike","Inflame"],"picked":"Infernal Blade","floor":4},{"not_picked":["Reckless Charge","Disarm"],"picked":"Uppercut","floor":5},{"not_picked":["Twin Strike","Sword Boomerang"],"picked":"Cleave","floor":6},{"not_picked":["Sword Boomerang","Pommel Strike"],"picked":"Feed","floor":13}],"player_experience":1692173,"relics_obtained":[{"floor":14,"key":"Happy Flower"}],"event_choices":[{"damage_healed":0,"gold_gain":0,"player_choice":"Donut","damage_taken":0,"max_hp_gain":5,"max_hp_loss":0,"event_name":"Big Fish","floor":3,"gold_loss":0},{"damage_healed":0,"gold_gain":0,"cards_transformed":["Strike_R"],"player_choice":"Change","damage_taken":0,"max_hp_gain":0,"max_hp_loss":0,"event_name":"Living Wall","floor":8,"gold_loss":0,"cards_obtained":["Double Tap"]}],"is_beta":false,"boss_relics":[],"items_purged_floors":[],"is_endless":false,"potions_floor_spawned":[1,5],"killed_by":"Gremlin Nob","ascension_level":0}