{"path_per_floor":["M","?","$","M","M","R","?","E","T","R","E","?","M","M","R"],"character_chosen":"DEFECT","items_purchased":[],"gold_per_floor":[116,116,116,135,154,154,210,236,236,236,267,232,249,260,260,260],"floor_reached":16,"campfire_rested":1,"playtime":622,"item_purchase_floors":[],"current_hp_per_floor":[69,44,44,43,40,40,10,2,2,24,24,42,43,40,40,0],"items_purged":[],"gold":260,"score":116,"play_id":"a2eb5145-929b-4211-9336-f3052ac6509f","local_time":"20180608225619","is_prod":false,"is_daily":false,"chose_seed":false,"is_ascension_mode":true,"campfire_upgraded":2,"win_rate":0.0,"timestamp":1528523779,"campfire_choices":[{"data":"Genetic Algorithm","floor":6,"key":"SMITH"},{"floor":10,"key":"REST"},{"data":"Sunder","floor":15,"key":"SMITH"}],"path_taken":["M","?","$","M","M","R","?","E","T","R","E","?","M","M","R","BOSS"],"build_version":"2018-06-07v3","seed_source_timestamp":10809129526102,"purchased_purges":0,"victory":false,"master_deck":["Strike_B","Strike_B","Strike_B","Strike_B","Defend_B","Defend_B","Defend_B","Defend_B","Zap+1","Dualcast","Sweeping Beam","Sunder+1","Genetic Algorithm+1","Leap","Force Field","Self Repair","Ball Lightning","Buffer"],"max_hp_per_floor":[75,75,75,75,75,75,75,75,75,75,75,75,75,75,75,75],"relics":["Cracked Core","Matryoshka","Bronze Scales","Blood Vial","The Courier","Kunai","Dream Catcher"],"card_choices":[{"not_picked":["Redo","Compile Driver"],"picked":"Sweeping Beam","floor":1},{"not_picked":["White Noise","Steam"],"picked":"Sunder","floor":4},{"not_picked":["Compile Driver","Streamline"],"picked":"Genetic Algorithm","floor":5},{"not_picked":["Sweeping Beam","Redo"],"picked":"Leap","floor":7},{"not_picked":["Sunder","Sweeping Beam"],"picked":"Force Field","floor":8},{"not_picked":["Turbo","Capacitor"],"picked":"Self Repair","floor":11},{"not_picked":["Stack","Force Field"],"picked":"Ball Lightning","floor":13},{"not_picked":["Tempest","Conserve Battery"],"picked":"Buffer","floor":14}],"player_experience":232906,"potions_floor_usage":[7,8,11,16],"damage_taken":[{"damage":6,"enemies":"Jaw Worm","floor":1,"turns":3},{"damage":1,"enemies":"2 Louse","floor":4,"turns":2},{"damage":3,"enemies":"Small Slimes","floor":5,"turns":2},{"damage":30,"enemies":"Gremlin Nob","floor":7,"turns":4},{"damage":8,"enemies":"Lagavulin","floor":8,"turns":5},{"damage":17,"enemies":"3 Sentries","floor":11,"turns":6},{"damage":1,"enemies":"Looter","floor":13,"turns":2},{"damage":12,"enemies":"3 Louse","floor":14,"turns":2},{"damage":44,"enemies":"Hexaghost","floor":16,"turns":8}],"relics_obtained":[{"floor":7,"key":"Bronze Scales"},{"floor":8,"key":"Blood Vial"},{"floor":9,"key":"The Courier"},{"floor":9,"key":"Kunai"},{"floor":11,"key":"Dream Catcher"}],"event_choices":[{"event_name":"Scrap Ooze","player_choice":"success","floor":2,"damage_taken":25},{"event_name":"Dead Adventurer","player_choice":"Searched \u00271\u0027 times","floor":7,"damage_taken":0},{"event_name":"The Cleric","player_choice":"Healed","floor":12,"damage_taken":0}],"boss_relics":[],"items_purged_floors":[],"potions_floor_spawned":[1,5,8,13],"seed_played":"5052576585031687183","killed_by":"Hexaghost","ascension_level":1,"potions_obtained":[{"floor":1,"key":"Fire Potion"},{"floor":5,"key":"PowerPotion"},{"floor":8,"key":"Regen Potion"},{"floor":13,"key":"SteroidPotion"}],"is_trial":false}