{"gold_per_floor":[109,121,133,150,150,150,182,200,200,53,53,66,83,83,83,188,188,201,55,55,66,66,66,83,103,103,28,28,45,64,64,64,162,162,177,197,209,309,309,327,361,381,427,269,287,316,316,334,334,334],"floor_reached":51,"playtime":3939,"items_purged":["Strike_G","Strike_G","Defend_G"],"score":912,"play_id":"dd99069f-1e48-4ff8-9b13-f18d2768cc1a","local_time":"20190514201341","is_ascension_mode":true,"campfire_choices":[{"data":"Footwork","floor":6.0,"key":"SMITH"},{"data":"Cloak And Dagger","floor":11.0,"key":"SMITH"},{"data":"Accuracy","floor":15.0,"key":"SMITH"},{"data":"Infinite Blades","floor":23.0,"key":"SMITH"},{"data":"Well Laid Plans","floor":28.0,"key":"SMITH"},{"floor":32.0,"key":"REST"},{"data":"1","floor":47,"key":"LIFT"},{"data":"2","floor":49,"key":"LIFT"}],"neow_cost":"PERCENT_DAMAGE","seed_source_timestamp":0,"circlet_count":0,"master_deck":["Defend_G","Defend_G","Defend_G","Defend_G","Strike_G","Strike_G","Strike_G","Survivor","Neutralize","Footwork+1","Finisher","Infinite Blades+1","Quick Slash","Blade Dance+1","Acrobatics","Cloak And Dagger+1","Accuracy+1","Infinite Blades","Backflip+1","Well Laid Plans+1","Prepared+1","Backflip+1","Burst+1","Prepared+1","Well Laid Plans","Cloak And Dagger+1","Cloak And Dagger+1","Blur+1","Bullet Time+1","Cloak And Dagger+1","Infinite Blades","Escape Plan+1","Phantasmal Killer+1","Backflip+1","Terror+1","Escape Plan+1","Cloak And Dagger+1","Escape Plan+1","Acrobatics+1","Footwork+1","Finisher","After Image","Infinite Blades","Accuracy+1"],"special_seed":0,"relics":["Ring of the Snake","Prayer Wheel","Question Card","Toxic Egg 2","WristBlade","Thread and Needle","Fusion Hammer","Mango","Centennial Puzzle","Orichalcum","Girya"],"potions_floor_usage":[50],"damage_taken":[{"damage":1.0,"enemies":"2 Louse","floor":1.0,"turns":3.0},{"damage":0.0,"enemies":"Cultist","floor":2.0,"turns":5.0},{"damage":1.0,"enemies":"Jaw Worm","floor":3.0,"turns":4.0},{"damage":2.0,"enemies":"Looter","floor":4.0,"turns":3.0},{"damage":14.0,"enemies":"3 Sentries","floor":7.0,"turns":8.0},{"damage":8.0,"enemies":"Exordium Wildlife","floor":8.0,"turns":5.0},{"damage":0.0,"enemies":"Large Slime","floor":12.0,"turns":5.0},{"damage":0.0,"enemies":"Red Slaver","floor":13.0,"turns":4.0},{"damage":30.0,"enemies":"The Guardian","floor":16.0,"turns":8.0},{"damage":21.0,"enemies":"Shell Parasite","floor":18.0,"turns":4.0},{"damage":1.0,"enemies":"2 Thieves","floor":21.0,"turns":4.0},{"damage":0.0,"enemies":"Centurion and Healer","floor":24.0,"turns":4.0},{"damage":4.0,"enemies":"Snake Plant","floor":25.0,"turns":4.0},{"damage":9.0,"enemies":"Shelled Parasite and Fungi","floor":29.0,"turns":6.0},{"damage":0.0,"enemies":"Sentry and Sphere","floor":30.0,"turns":3.0},{"damage":51.0,"enemies":"Champ","floor":33.0,"turns":6.0},{"damage":0,"enemies":"3 Shapes","floor":35,"turns":4},{"damage":0,"enemies":"Orb Walker","floor":36,"turns":2},{"damage":0,"enemies":"Jaw Worm Horde","floor":37,"turns":2},{"damage":0,"enemies":"Mind Bloom Boss Battle","floor":38,"turns":3},{"damage":0,"enemies":"Sphere and 2 Shapes","floor":40,"turns":5},{"damage":1,"enemies":"Giant Head","floor":41,"turns":5},{"damage":8,"enemies":"Maw","floor":42,"turns":5},{"damage":7,"enemies":"4 Shapes","floor":45,"turns":5},{"damage":0,"enemies":"Reptomancer","floor":46,"turns":5},{"damage":0,"enemies":"3 Darklings","floor":48,"turns":4},{"damage":3,"enemies":"Awakened One","floor":50,"turns":5}],"seed_played":"7105841518184708509","potions_obtained":[{"floor":2.0,"key":"Swift Potion"},{"floor":4.0,"key":"Fruit Juice"},{"floor":12.0,"key":"Poison Potion"},{"floor":13.0,"key":"GamblersBrew"},{"floor":18.0,"key":"Dexterity Potion"},{"floor":24.0,"key":"Fruit Juice"},{"floor":29.0,"key":"EssenceOfSteel"},{"floor":33.0,"key":"FairyPotion"},{"floor":36,"key":"PowerPotion"},{"floor":40,"key":"PowerPotion"},{"floor":42,"key":"Strength Potion"},{"floor":46,"key":"SteroidPotion"}],"is_trial":false,"path_per_floor":["M","M","M","M","?","R","E","M","T","$","R","M","M","?","R","B",null,"M","$","?","M","?","R","M","M","T","$","R","M","M","?","R","B",null,"M","M","M","?","?","M","E","M","T","$","M","E","R","M","R","B",null],"character_chosen":"THE_SILENT","items_purchased":["Infinite Blades","Cloak And Dagger+1","Infinite Blades","Finisher"],"campfire_rested":1,"item_purchase_floors":[10,19,27,44],"current_hp_per_floor":[48,48,47,50,85,85,71,63,63,63,63,63,63,63,63,33,85,64,64,48,47,77,77,82,78,78,78,78,69,69,69,95,44,95,95,95,95,109,109,109,108,100,100,100,93,93,93,93,93,90],"gold":334,"neow_bonus":"ONE_RARE_RELIC","is_prod":false,"is_daily":false,"chose_seed":false,"campfire_upgraded":5,"win_rate":0,"timestamp":1557832421,"path_taken":["M","M","M","M","?","R","E","M","T","$","R","?","M","?","R","BOSS","M","$","?","M","?","R","M","M","T","?","R","M","M","?","R","BOSS","M","M","M","?","?","?","E","M","T","$","M","E","R","M","R","BOSS"],"build_version":"2019-01-23","purchased_purges":3,"victory":true,"max_hp_per_floor":[70,70,70,75,85,85,85,85,85,85,85,85,85,85,85,85,85,85,85,90,90,90,90,95,95,95,95,95,95,95,95,95,95,95,95,95,95,109,109,109,109,109,109,109,109,109,109,109,109,109],"card_choices":[{"not_picked":["Dagger Throw","Backflip"],"picked":"Footwork","floor":1.0},{"not_picked":["Sucker Punch","Dodge and Roll"],"picked":"Finisher","floor":1.0},{"not_picked":["Dagger Throw","Poisoned Stab"],"picked":"Infinite Blades","floor":2.0},{"not_picked":["Dagger Throw","Sucker Punch","Expertise"],"picked":"SKIP","floor":2.0},{"not_picked":["Heel Hook","Caltrops"],"picked":"Quick Slash","floor":3.0},{"not_picked":["Expertise","Dagger Spray"],"picked":"Blade Dance","floor":3.0},{"not_picked":["Sucker Punch","Flying Knee"],"picked":"Envenom","floor":4.0},{"not_picked":["Dagger Throw","Reflex"],"picked":"Acrobatics","floor":4.0},{"not_picked":["Endless Agony","Envenom","Deadly Poison"],"picked":"SKIP","floor":7.0},{"not_picked":["Dodge and Roll","Acrobatics","Poisoned Stab"],"picked":"Cloak And Dagger","floor":8.0},{"not_picked":["Poisoned Stab","Dodge and Roll","Outmaneuver"],"picked":"Accuracy","floor":8.0},{"not_picked":["Dagger Throw","Skewer","Deflect+1"],"picked":"Backflip+1","floor":12.0},{"not_picked":["Grand Finale","Riddle With Holes","Dagger Spray"],"picked":"Well Laid Plans","floor":12.0},{"not_picked":["Predator","Quick Slash","Dodge and Roll+1"],"picked":"Prepared+1","floor":13.0},{"not_picked":["Riddle With Holes","Terror+1","Backstab"],"picked":"Backflip+1","floor":13.0},{"not_picked":["Glass Knife","Grand Finale","Venomology+1"],"picked":"Burst+1","floor":16.0},{"not_picked":["Quick Slash","Bane","PiercingWail+1"],"picked":"Prepared+1","floor":18.0},{"not_picked":["Bouncing Flask+1","Distraction+1","Outmaneuver+1"],"picked":"Well Laid Plans","floor":18.0},{"not_picked":["Underhanded Strike","Acrobatics+1","Sucker Punch"],"picked":"Cloak And Dagger+1","floor":21.0},{"not_picked":["Dash","Acrobatics+1","Bane"],"picked":"Blur+1","floor":21.0},{"not_picked":["Sucker Punch","PiercingWail+1","Flying Knee"],"picked":"Bullet Time+1","floor":24.0},{"not_picked":["Riddle With Holes","Bane","Finisher+1"],"picked":"Cloak And Dagger+1","floor":24.0},{"not_picked":["PiercingWail+1","Calculated Gamble+1","Skewer","Outmaneuver+1"],"picked":"SKIP","floor":25.0},{"not_picked":["Dodge and Roll+1","Flying Knee+1","Dash","Acrobatics+1"],"picked":"SKIP","floor":25.0},{"not_picked":["Flying Knee","Well Laid Plans","Dash","Caltrops"],"picked":"SKIP","floor":29.0},{"not_picked":["Dagger Throw","Backflip+1","Dodge and Roll+1","Predator"],"picked":"SKIP","floor":29.0},{"not_picked":["Expertise+1","Flying Knee","Outmaneuver+1"],"picked":"Escape Plan+1","floor":30.0},{"not_picked":["Predator","Backflip+1","PiercingWail+1","Grand Finale"],"picked":"SKIP","floor":30.0},{"not_picked":["Die Die Die","Unload","Glass Knife"],"picked":"Phantasmal Killer+1","floor":33.0},{"not_picked":["All Out Attack","Outmaneuver+1","Deadly Poison+1"],"picked":"Backflip+1","floor":35},{"not_picked":["Dagger Throw+1","Setup+1","Dodge and Roll+1","Heel Hook+1"],"picked":"SKIP","floor":35},{"not_picked":["Sucker Punch+1","Riddle With Holes","Dodge and Roll+1"],"picked":"Terror+1","floor":36},{"not_picked":["Endless Agony","Setup+1","Deflect+1","Sucker Punch"],"picked":"SKIP","floor":36},{"not_picked":["Acrobatics+1","Terror+1","Setup+1"],"picked":"Escape Plan+1","floor":37},{"not_picked":["Outmaneuver+1","Dagger Spray","Reflex+1"],"picked":"Cloak And Dagger+1","floor":37},{"not_picked":["Eviscerate","Calculated Gamble+1","Prepared+1"],"picked":"Escape Plan+1","floor":38},{"not_picked":["Leg Sweep+1","Calculated Gamble+1","Caltrops","Riddle With Holes"],"picked":"SKIP","floor":40},{"not_picked":["Terror+1","Distraction+1","Deflect+1","Wraith Form v2"],"picked":"SKIP","floor":40},{"not_picked":["Leg Sweep+1","Deadly Poison+1","Deflect+1"],"picked":"Acrobatics+1","floor":41},{"not_picked":["Slice+1","PiercingWail+1","Quick Slash"],"picked":"Footwork+1","floor":42},{"not_picked":["Heel Hook+1","All Out Attack+1","Deadly Poison+1","Acrobatics+1"],"picked":"SKIP","floor":42},{"not_picked":["PiercingWail+1","Flying Knee+1","Outmaneuver+1"],"picked":"After Image","floor":45},{"not_picked":["Skewer","Dagger Spray+1","Predator","Setup+1"],"picked":"SKIP","floor":45},{"not_picked":["Dash","Wraith Form v2","Cloak And Dagger+1"],"picked":"Infinite Blades","floor":46},{"not_picked":["Dodge and Roll+1","Dagger Spray+1","Poisoned Stab+1"],"picked":"Accuracy+1","floor":48},{"not_picked":["Flying Knee","Reflex+1","Noxious Fumes+1","Choke"],"picked":"SKIP","floor":48}],"player_experience":185898,"relics_obtained":[{"floor":7.0,"key":"Question Card"},{"floor":9.0,"key":"Toxic Egg 2"},{"floor":26.0,"key":"Thread and Needle"},{"floor":38,"key":"Mango"},{"floor":41,"key":"Centennial Puzzle"},{"floor":43,"key":"Orichalcum"},{"floor":46,"key":"Girya"}],"event_choices":[{"cards_removed":["Envenom"],"damage_healed":25.0,"max_hp_gain":10.0,"max_hp_loss":0.0,"gold_gain":0.0,"event_name":"Bonfire Elementals","player_choice":"Offered Rare","floor":5.0,"gold_loss":0.0,"damage_taken":0.0},{"damage_healed":0.0,"max_hp_gain":0.0,"max_hp_loss":0.0,"gold_gain":0.0,"event_name":"Living Wall","player_choice":"Grow","floor":14.0,"gold_loss":0.0,"damage_taken":0.0,"cards_upgraded":["Blade Dance"]},{"damage_healed":0.0,"max_hp_gain":5.0,"max_hp_loss":0.0,"gold_gain":0.0,"event_name":"Forgotten Altar","player_choice":"Shed Blood","floor":20.0,"gold_loss":0.0,"damage_taken":21.0},{"damage_healed":30.0,"max_hp_gain":0.0,"max_hp_loss":0.0,"gold_gain":0.0,"event_name":"The Library","player_choice":"Heal","floor":22.0,"gold_loss":0.0,"damage_taken":0.0},{"damage_healed":0.0,"max_hp_gain":0.0,"max_hp_loss":0.0,"gold_gain":0.0,"event_name":"Match and Keep!","player_choice":"0 cards matched","floor":31.0,"gold_loss":0.0,"damage_taken":0.0,"cards_obtained":[]},{"damage_healed":0,"gold_gain":0,"player_choice":"Fight","damage_taken":0,"max_hp_gain":0,"max_hp_loss":0,"event_name":"MindBloom","floor":38,"gold_loss":0},{"damage_healed":0,"gold_gain":0,"player_choice":"0 cards matched","damage_taken":0,"max_hp_gain":0,"max_hp_loss":0,"event_name":"Match and Keep!","floor":39,"gold_loss":0,"cards_obtained":[]}],"is_beta":false,"boss_relics":[{"not_picked":["Black Star","Ectoplasm"],"picked":"WristBlade"},{"not_picked":["White Beast Statue","Runic Dome"],"picked":"Fusion Hammer"}],"items_purged_floors":[10,19,44],"is_endless":false,"potions_floor_spawned":[2,4,12,13,18,24,29,33,36,40,42,46,48],"ascension_level":2}