{"gold_per_floor":[119,139,66,77,25,57,57,88,88,48,48,48,66,86,86,191,191,202,49,49,49,49,49,59,24,24,24,24,24,24,39,39,134,134,145,155,155,201,201,231,231,231,231,231,250,25,40,58,58,58],"floor_reached":50,"playtime":2266,"items_purged":["Perfected Strike"],"score":526,"play_id":"9fbd40d0-089f-44a6-83af-54cf01fd0275","local_time":"20181020170354","is_ascension_mode":false,"campfire_choices":[{"floor":7,"key":"REST"},{"data":"Armaments","floor":12,"key":"SMITH"},{"data":"Infernal Blade","floor":15,"key":"SMITH"},{"floor":23,"key":"REST"},{"floor":30,"key":"REST"},{"data":"Limit Break","floor":32,"key":"SMITH"},{"floor":42,"key":"REST"},{"floor":44,"key":"REST"},{"floor":49,"key":"REST"}],"neow_cost":"NONE","seed_source_timestamp":324837325490000,"circlet_count":0,"master_deck":["Strike_R","Strike_R","Strike_R","Strike_R","Defend_R","Defend_R","Defend_R","Defend_R","Bash","Brutality","Whirlwind","Infernal Blade+1","Armaments+1","Perfected Strike","Blood for Blood","Demon Form+1","Headbutt","Limit Break+1","Heavy Blade","Limit Break","Flex","Inflame","Flex","Double Tap","Second Wind","Rupture+1","Seeing Red+1","Apotheosis","Second Wind+1","Shrug It Off+1","Infernal Blade+1"],"relics":["Burning Blood","Gambling Chip","Kunai","Bottled Tornado","Mark of Pain","Happy Flower","Bottled Lightning","Runic Dome","Girya","Torii","Paper Frog","Oddly Smooth Stone","Mummified Hand","Lantern"],"potions_floor_usage":[13,18,21,36,38,38,40,48],"damage_taken":[{"damage":6,"enemies":"Small Slimes","floor":1,"turns":3},{"damage":1,"enemies":"Cultist","floor":2,"turns":2},{"damage":6,"enemies":"Jaw Worm","floor":4,"turns":2},{"damage":30,"enemies":"Gremlin Nob","floor":6,"turns":4},{"damage":22,"enemies":"Lagavulin","floor":8,"turns":5},{"damage":17,"enemies":"Exordium Thugs","floor":13,"turns":3},{"damage":0,"enemies":"Looter","floor":14,"turns":3},{"damage":37,"enemies":"Hexaghost","floor":16,"turns":6},{"damage":21,"enemies":"2 Thieves","floor":18,"turns":3},{"damage":38,"enemies":"Colosseum Slavers","floor":21,"turns":5},{"damage":19,"enemies":"Spheric Guardian","floor":24,"turns":4},{"damage":10,"enemies":"Cultist and Chosen","floor":31,"turns":4},{"damage":35,"enemies":"Automaton","floor":33,"turns":5},{"damage":23,"enemies":"3 Shapes","floor":35,"turns":2},{"damage":10,"enemies":"Orb Walker","floor":36,"turns":2},{"damage":3,"enemies":"Mind Bloom Boss Battle","floor":37,"turns":4},{"damage":51,"enemies":"2 Orb Walkers","floor":38,"turns":4},{"damage":49,"enemies":"Giant Head","floor":40,"turns":6},{"damage":24,"enemies":"Sphere and 2 Shapes","floor":45,"turns":3},{"damage":32,"enemies":"Writhing Mass","floor":47,"turns":3},{"damage":2,"enemies":"Spire Growth","floor":48,"turns":3},{"damage":57,"enemies":"Donu and Deca","floor":50,"turns":4}],"seed_played":"-8540266535708880927","potions_obtained":[{"floor":4,"key":"FairyPotion"},{"floor":6,"key":"Explosive Potion"},{"floor":10,"key":"SkillPotion"},{"floor":13,"key":"Fire Potion"},{"floor":16,"key":"GamblersBrew"},{"floor":18,"key":"Regen Potion"},{"floor":24,"key":"FearPotion"},{"floor":37,"key":"PowerPotion"},{"floor":38,"key":"Swift Potion"},{"floor":47,"key":"SkillPotion"}],"is_trial":false,"path_per_floor":["M","M","$","M","$","E","R","E","T","?","?","R","M","M","R","B",null,"M","$","?","?","?","R","M","$","T","$","?","$","R","M","R","B",null,"M","M","?","?","?","E","T","R","T","R","M","$","M","M","R"],"character_chosen":"IRONCLAD","items_purchased":["Infernal Blade","Perfected Strike","Happy Flower","Inflame","Lantern"],"campfire_rested":6,"item_purchase_floors":[3,5,19,25,46],"current_hp_per_floor":[80,80,80,80,80,56,80,64,64,64,64,64,53,59,59,28,80,65,65,50,32,32,57,44,44,44,44,44,44,69,65,65,36,85,68,64,67,22,22,14,14,39,39,64,46,46,20,24,49,0],"gold":58,"neow_bonus":"ONE_RANDOM_RARE_CARD","is_prod":false,"is_daily":false,"chose_seed":false,"campfire_upgraded":3,"win_rate":0,"timestamp":1540047834,"path_taken":["M","M","$","M","$","E","R","E","T","?","?","R","?","M","R","BOSS","M","$","?","?","?","R","M","$","T","?","?","?","R","M","R","BOSS","M","M","?","?","?","E","?","R","T","R","M","?","?","M","R","BOSS"],"build_version":"2018-10-18","purchased_purges":1,"victory":false,"max_hp_per_floor":[80,80,80,80,80,80,80,80,80,80,80,80,80,80,80,80,80,80,80,85,85,85,85,85,85,85,85,85,85,85,85,85,85,85,85,85,85,85,85,85,85,85,85,85,85,85,85,85,85,85],"card_choices":[{"not_picked":["Pommel Strike","Clash"],"picked":"Perfected Strike","floor":1},{"not_picked":["Sever Soul","Disarm"],"picked":"Whirlwind","floor":2},{"not_picked":["Rage","Flex"],"picked":"Armaments","floor":4},{"not_picked":["Heavy Blade","Headbutt"],"picked":"Blood for Blood","floor":6},{"not_picked":["Spot Weakness","Cleave"],"picked":"Demon Form","floor":8},{"not_picked":["Twin Strike","Thunderclap","Sword Boomerang"],"picked":"SKIP","floor":13},{"not_picked":["Wild Strike","Sever Soul"],"picked":"Headbutt","floor":14},{"not_picked":["Bludgeon","Brutality"],"picked":"Limit Break","floor":16},{"not_picked":["Cleave","Shockwave"],"picked":"Heavy Blade","floor":18},{"not_picked":["Warcry","Clothesline"],"picked":"Flex","floor":24},{"not_picked":["Cleave","Shrug It Off"],"picked":"Flex","floor":31},{"not_picked":["Reaper","Immolate"],"picked":"Double Tap","floor":33},{"not_picked":["Dropkick+1","Clothesline+1","Havoc+1"],"picked":"SKIP","floor":35},{"not_picked":["Twin Strike+1","Warcry"],"picked":"Second Wind","floor":36},{"not_picked":["Inflame","Havoc"],"picked":"Rupture+1","floor":37},{"not_picked":["Wild Strike+1","Heavy Blade+1"],"picked":"Seeing Red+1","floor":38},{"not_picked":["Metamorphosis","Blind"],"picked":"Apotheosis","floor":39},{"not_picked":["Sword Boomerang+1","Sentinel+1"],"picked":"Second Wind+1","floor":40},{"not_picked":["Cleave","Body Slam","Clothesline"],"picked":"SKIP","floor":45},{"not_picked":["Perfected Strike","Flex+1"],"picked":"Shrug It Off+1","floor":47},{"not_picked":["Flex+1","Hemokinesis+1"],"picked":"Infernal Blade+1","floor":48}],"player_experience":727760,"relics_obtained":[{"floor":6,"key":"Gambling Chip"},{"floor":8,"key":"Kunai"},{"floor":9,"key":"Bottled Tornado"},{"floor":26,"key":"Bottled Lightning"},{"floor":37,"key":"Girya"},{"floor":38,"key":"Torii"},{"floor":40,"key":"Paper Frog"},{"floor":41,"key":"Oddly Smooth Stone"},{"floor":43,"key":"Mummified Hand"}],"event_choices":[{"damage_healed":0,"gold_gain":0,"player_choice":"Bought 3 Potions","damage_taken":0,"max_hp_gain":0,"max_hp_loss":0,"event_name":"The Woman in Blue","floor":10,"gold_loss":0},{"damage_healed":0,"gold_gain":0,"player_choice":"Grow","damage_taken":0,"max_hp_gain":0,"max_hp_loss":0,"event_name":"Living Wall","floor":11,"gold_loss":0,"cards_upgraded":["Demon Form"]},{"damage_healed":0,"gold_gain":0,"player_choice":"Shed Blood","damage_taken":20,"max_hp_gain":5,"max_hp_loss":0,"event_name":"Forgotten Altar","floor":20,"gold_loss":0},{"damage_healed":0,"gold_gain":0,"player_choice":"Fight","damage_taken":0,"max_hp_gain":0,"max_hp_loss":0,"event_name":"Colosseum","floor":21,"gold_loss":0},{"damage_healed":0,"gold_gain":0,"player_choice":"Fled From Nobs","damage_taken":0,"max_hp_gain":0,"max_hp_loss":0,"event_name":"Colosseum","floor":21,"gold_loss":0},{"damage_healed":0,"gold_gain":0,"cards_transformed":["Strike_R"],"player_choice":"Transformed","damage_taken":0,"max_hp_gain":0,"max_hp_loss":0,"event_name":"Transmorgrifier","floor":22,"gold_loss":0,"cards_obtained":["Limit Break"]},{"damage_healed":0,"gold_gain":0,"player_choice":"Ignored","damage_taken":0,"max_hp_gain":0,"max_hp_loss":0,"event_name":"Ghosts","floor":28,"gold_loss":0},{"damage_healed":0,"gold_gain":0,"player_choice":"Fight","damage_taken":0,"max_hp_gain":0,"max_hp_loss":0,"event_name":"MindBloom","floor":37,"gold_loss":0},{"damage_healed":0,"gold_gain":0,"player_choice":"Fight","damage_taken":0,"max_hp_gain":0,"max_hp_loss":0,"event_name":"Mysterious Sphere","floor":38,"gold_loss":0},{"damage_healed":0,"gold_gain":0,"player_choice":"Memory 1","damage_taken":0,"max_hp_gain":0,"max_hp_loss":0,"event_name":"SensoryStone","floor":39,"gold_loss":0}],"is_beta":false,"boss_relics":[{"not_picked":["Sozu","White Beast Statue"],"picked":"Mark of Pain"},{"not_picked":["Coffee Dripper","Lizard Tail"],"picked":"Runic Dome"}],"items_purged_floors":[46],"is_endless":false,"potions_floor_spawned":[4,6,13,16,18,24,31,37,38,47],"killed_by":"Donu and Deca","ascension_level":0}