{"gold_per_floor":[114,129,144,159,174,174,189,189,189,39,54,84,99,129,129,229,229,244,159,34,49,49,49,64,64],"floor_reached":25,"playtime":1818,"items_purged":["Grand Finale","Grand Finale"],"score":217,"play_id":"b4c68698-6544-428e-8593-16300e94eec8","local_time":"20181227205652","daily_mods":["Specialized","Flight","Lethality"],"is_ascension_mode":false,"campfire_choices":[{"floor":6,"key":"REST"},{"floor":8,"key":"REST"},{"floor":15,"key":"REST"},{"floor":23,"key":"REST"}],"neow_cost":"","seed_source_timestamp":0,"circlet_count":0,"master_deck":["Defend_G","Defend_G","Defend_G","Defend_G","Defend_G","Strike_G","Strike_G","Strike_G","Strike_G","Strike_G","Survivor","Neutralize","Grand Finale","Grand Finale","Grand Finale","Slice","Quick Slash","Cloak And Dagger","Flechettes","Quick Slash","Dagger Spray","Malaise","Unload","Endless Agony","Backstab+1","Wraith Form v2","Slice+1","Quick Slash+1","Flying Knee+1","Calculated Gamble"],"special_seed":17893,"relics":["Ring of the Snake","Potion Belt","Unceasing Top","Molten Egg 2","Black Star","Bag of Marbles"],"potions_floor_usage":[2,13,14,16,16,22],"damage_taken":[{"damage":12,"enemies":"Small Slimes","floor":1,"turns":4},{"damage":0,"enemies":"Jaw Worm","floor":2,"turns":1},{"damage":1,"enemies":"Cultist","floor":3,"turns":3},{"damage":12,"enemies":"Exordium Thugs","floor":4,"turns":4},{"damage":22,"enemies":"Large Slime","floor":5,"turns":6},{"damage":6,"enemies":"Blue Slaver","floor":7,"turns":2},{"damage":22,"enemies":"Exordium Thugs","floor":11,"turns":4},{"damage":21,"enemies":"3 Sentries","floor":12,"turns":6},{"damage":1,"enemies":"Looter","floor":13,"turns":3},{"damage":10,"enemies":"Lagavulin","floor":14,"turns":4},{"damage":3,"enemies":"Slime Boss","floor":16,"turns":4},{"damage":28,"enemies":"2 Thieves","floor":18,"turns":4},{"damage":15,"enemies":"Chosen","floor":21,"turns":4},{"damage":11,"enemies":"Colosseum Slavers","floor":22,"turns":2},{"damage":15,"enemies":"Snake Plant","floor":24,"turns":4},{"damage":22,"enemies":"Book of Stabbing","floor":25,"turns":2}],"seed_played":"-53600940269430925","potions_obtained":[{"floor":1,"key":"Explosive Potion"},{"floor":5,"key":"GamblersBrew"},{"floor":12,"key":"Block Potion"},{"floor":13,"key":"Explosive Potion"},{"floor":18,"key":"PowerPotion"}],"is_trial":false,"path_per_floor":["M","M","M","M","M","R","M","R","T","$","M","E","M","E","R","B",null,"M","?","$","M","?","R","M","E"],"character_chosen":"THE_SILENT","items_purchased":["GamblersBrew","Quick Slash+1"],"campfire_rested":4,"item_purchase_floors":[10,20],"current_hp_per_floor":[58,58,57,45,23,44,38,59,59,59,37,16,15,5,26,23,70,42,42,42,27,16,37,22,0],"gold":64,"neow_bonus":"","is_prod":false,"is_daily":true,"chose_seed":false,"campfire_upgraded":0,"win_rate":0,"timestamp":1545973012,"path_taken":["M","M","M","M","M","R","M","R","T","$","M","E","M","E","R","BOSS","M","?","$","M","?","R","M","E"],"build_version":"2018-12-20","purchased_purges":2,"victory":false,"max_hp_per_floor":[70,70,70,70,70,70,70,70,70,70,70,70,70,70,70,70,70,70,70,70,70,70,70,70,70],"card_choices":[{"not_picked":["PiercingWail","Prepared"],"picked":"Slice","floor":1},{"not_picked":["Choke","All Out Attack"],"picked":"Quick Slash","floor":2},{"not_picked":["Backflip","Dodge and Roll"],"picked":"Cloak And Dagger","floor":3},{"not_picked":["Poisoned Stab","Deadly Poison"],"picked":"Flechettes","floor":4},{"not_picked":["Blade Dance","Cloak And Dagger"],"picked":"Quick Slash","floor":5},{"not_picked":["Outmaneuver","Blade Dance"],"picked":"Dagger Spray","floor":7},{"not_picked":["Deflect","Terror"],"picked":"Malaise","floor":11},{"not_picked":["Blur","Eviscerate"],"picked":"Unload","floor":12},{"not_picked":["Reflex","Crippling Poison"],"picked":"Endless Agony","floor":13},{"not_picked":["Crippling Poison","Deadly Poison"],"picked":"Backstab","floor":14},{"not_picked":["Phantasmal Killer","Doppelganger"],"picked":"Wraith Form v2","floor":16},{"not_picked":["Eviscerate+1","Blade Dance+1"],"picked":"Slice+1","floor":18},{"not_picked":["Underhanded Strike+1","Prepared"],"picked":"Flying Knee+1","floor":21},{"not_picked":["Blur","Escape Plan"],"picked":"Calculated Gamble","floor":24}],"player_experience":139046,"relics_obtained":[{"floor":9,"key":"Potion Belt"},{"floor":12,"key":"Unceasing Top"},{"floor":14,"key":"Molten Egg 2"}],"event_choices":[{"damage_healed":0,"gold_gain":0,"player_choice":"Obtained Relic","damage_taken":0,"relics_obtained":["Bag of Marbles"],"max_hp_gain":0,"max_hp_loss":0,"event_name":"Addict","floor":19,"gold_loss":85},{"damage_healed":0,"gold_gain":0,"player_choice":"Fight","damage_taken":0,"max_hp_gain":0,"max_hp_loss":0,"event_name":"Colosseum","floor":22,"gold_loss":0},{"damage_healed":0,"gold_gain":0,"player_choice":"Fled From Nobs","damage_taken":0,"max_hp_gain":0,"max_hp_loss":0,"event_name":"Colosseum","floor":22,"gold_loss":0}],"is_beta":false,"boss_relics":[{"not_picked":["Philosopher\u0027s Stone","Astrolabe"],"picked":"Black Star"}],"items_purged_floors":[10,20],"is_endless":false,"potions_floor_spawned":[1,5,12,13,18],"killed_by":"Book of Stabbing","ascension_level":0}