{"gold_per_floor":[110,126,139,155,174,174,200,200,200,216,70,70,80,92,92,197,197,210,179,179],"floor_reached":20,"playtime":1378,"items_purged":["Strike_R"],"score":198,"play_id":"b13eb9d8-15a1-4ff7-82f5-5265cc23b4af","local_time":"20190401235128","is_ascension_mode":true,"campfire_choices":[{"data":"Armaments","floor":6,"key":"SMITH"},{"data":"Pommel Strike","floor":8,"key":"SMITH"},{"data":"True Grit","floor":12,"key":"SMITH"},{"data":"Feel No Pain","floor":15,"key":"SMITH"}],"neow_cost":"TEN_PERCENT_HP_LOSS","seed_source_timestamp":96662434317700,"circlet_count":0,"master_deck":["Strike_R","Strike_R","Strike_R","Strike_R","Defend_R","Defend_R","Defend_R","Defend_R","Bash","Clothesline","Pommel Strike+1","Flame Barrier","Armaments+1","Carnage","Flame Barrier","Feed","Feel No Pain+1","True Grit+1","Ghostly Armor","Metallicize","Shrug It Off","Juggernaut","True Grit"],"relics":["Burning Blood","Prayer Wheel","Centennial Puzzle","Letter Opener","Black Star"],"potions_floor_usage":[16],"damage_taken":[{"damage":10,"enemies":"Cultist","floor":1,"turns":5},{"damage":7,"enemies":"Jaw Worm","floor":2,"turns":3},{"damage":7,"enemies":"Small Slimes","floor":3,"turns":4},{"damage":9,"enemies":"3 Louse","floor":4,"turns":4},{"damage":25,"enemies":"Lots of Slimes","floor":5,"turns":7},{"damage":20,"enemies":"Lagavulin","floor":7,"turns":8},{"damage":0,"enemies":"Exordium Wildlife","floor":10,"turns":3},{"damage":0,"enemies":"2 Fungi Beasts","floor":13,"turns":3},{"damage":0,"enemies":"Blue Slaver","floor":14,"turns":6},{"damage":43,"enemies":"Slime Boss","floor":16,"turns":26},{"damage":27,"enemies":"Shell Parasite","floor":18,"turns":7},{"damage":25,"enemies":"2 Thieves","floor":19,"turns":5},{"damage":53,"enemies":"Shelled Parasite and Fungi","floor":20,"turns":6}],"seed_played":"8593184373968087368","potions_obtained":[{"floor":3,"key":"EssenceOfSteel"},{"floor":4,"key":"Ancient Potion"},{"floor":5,"key":"Swift Potion"}],"is_trial":false,"path_per_floor":["M","M","M","M","M","R","E","R","T","M","$","R","M","M","R","B",null,"M","M","M"],"character_chosen":"IRONCLAD","items_purchased":["Ghostly Armor"],"campfire_rested":0,"item_purchase_floors":[11],"current_hp_per_floor":[68,67,66,63,44,44,30,30,30,39,39,39,48,57,57,24,85,64,45,0],"gold":179,"neow_bonus":"ONE_RARE_RELIC","is_prod":false,"is_daily":false,"chose_seed":false,"campfire_upgraded":4,"win_rate":0,"timestamp":1554187888,"path_taken":["M","M","M","?","M","R","E","R","T","M","$","R","M","M","R","BOSS","M","M","M"],"build_version":"2019-01-23","purchased_purges":1,"victory":false,"max_hp_per_floor":[72,72,72,72,72,72,72,72,72,75,75,75,78,81,81,85,85,85,85,88],"card_choices":[{"not_picked":["Inflame","Perfected Strike"],"picked":"Clothesline","floor":1},{"not_picked":["Combust","Body Slam"],"picked":"Pommel Strike","floor":1},{"not_picked":["Iron Wave","Thunderclap"],"picked":"Flame Barrier","floor":2},{"not_picked":["Clash","Wild Strike"],"picked":"Armaments","floor":2},{"not_picked":["Blood for Blood","Second Wind"],"picked":"Carnage","floor":3},{"not_picked":["Fire Breathing","Pommel Strike","Headbutt"],"picked":"SKIP","floor":3},{"not_picked":["Body Slam","Rupture"],"picked":"Flame Barrier","floor":4},{"not_picked":["Sword Boomerang","Dropkick","Headbutt"],"picked":"SKIP","floor":4},{"not_picked":["Rage","Havoc"],"picked":"Feed","floor":5},{"not_picked":["Combust","Bloodletting","Carnage"],"picked":"SKIP","floor":5},{"not_picked":["Barricade","True Grit"],"picked":"Feel No Pain","floor":7},{"not_picked":["Burning Pact","Thunderclap"],"picked":"True Grit","floor":10},{"not_picked":["Clash","Sever Soul","Rupture"],"picked":"SKIP","floor":10},{"not_picked":["Havoc","Heavy Blade"],"picked":"Metallicize","floor":13},{"not_picked":["Twin Strike","Inflame","Combust"],"picked":"SKIP","floor":13},{"not_picked":["Heavy Blade","Pommel Strike"],"picked":"Shrug It Off","floor":14},{"not_picked":["Whirlwind","Warcry","Carnage"],"picked":"SKIP","floor":14},{"not_picked":["Fiend Fire","Limit Break"],"picked":"Juggernaut","floor":16},{"not_picked":["Havoc","Twin Strike","Sword Boomerang"],"picked":"SKIP","floor":18},{"not_picked":["Disarm","Wild Strike+1","Cleave"],"picked":"SKIP","floor":18},{"not_picked":["Battle Trance","Shockwave+1"],"picked":"True Grit","floor":19},{"not_picked":["Ghostly Armor","Twin Strike+1","Pommel Strike"],"picked":"SKIP","floor":19}],"player_experience":261310,"relics_obtained":[{"floor":7,"key":"Centennial Puzzle"},{"floor":9,"key":"Letter Opener"}],"event_choices":[],"is_beta":false,"boss_relics":[{"not_picked":["Eternal Feather","Lizard Tail"],"picked":"Black Star"}],"items_purged_floors":[11],"is_endless":false,"potions_floor_spawned":[3,4,5,13],"killed_by":"Shelled Parasite and Fungi","ascension_level":2}