{"gold_per_floor":[359,373,73,23,38,38,67,67,92,17,17,0,0,27,27,131,131,115,214,214,214,233,233,252,252,252,262,262,262,274,309,309,309],"floor_reached":33,"playtime":1578,"items_purged":["Strike_R"],"score":380,"play_id":"42337024-bd23-442d-bd09-8ac8483bf216","local_time":"20190123194728","is_ascension_mode":true,"campfire_choices":[{"data":"Dual Wield","floor":6,"key":"SMITH"},{"floor":8,"key":"REST"},{"floor":15,"key":"REST"},{"data":"Limit Break","floor":23,"key":"SMITH"},{"floor":28,"key":"REST"},{"floor":32,"key":"REST"}],"neow_cost":"CURSE","seed_source_timestamp":6492628078300,"circlet_count":0,"master_deck":["AscendersBane","Strike_R","Strike_R","Strike_R","Strike_R","Defend_R","Defend_R","Defend_R","Defend_R","Bash+1","Dual Wield+1","Clash","Warcry","Feel No Pain","Double Tap","Battle Trance","Limit Break+1","Headbutt+1","Infernal Blade","Jack Of All Trades","Whirlwind+1","Rampage","Infernal Blade"],"relics":["Burning Blood","Incense Burner","Oddly Smooth Stone","Omamori","Blue Candle","Mark of Pain","Gremlin Horn","Thread and Needle","Darkstone Periapt"],"potions_floor_usage":[7,18,24,31,33],"damage_taken":[{"damage":18,"enemies":"Jaw Worm","floor":1,"turns":4},{"damage":9,"enemies":"2 Louse","floor":2,"turns":3},{"damage":1,"enemies":"Cultist","floor":5,"turns":3},{"damage":60,"enemies":"3 Sentries","floor":7,"turns":12},{"damage":5,"enemies":"Looter","floor":12,"turns":4},{"damage":35,"enemies":"Gremlin Nob","floor":14,"turns":5},{"damage":34,"enemies":"Hexaghost","floor":16,"turns":9},{"damage":26,"enemies":"2 Thieves","floor":18,"turns":4},{"damage":0,"enemies":"Shell Parasite","floor":22,"turns":2},{"damage":28,"enemies":"Shelled Parasite and Fungi","floor":24,"turns":5},{"damage":18,"enemies":"Cultist and Chosen","floor":27,"turns":7},{"damage":9,"enemies":"Centurion and Healer","floor":30,"turns":5},{"damage":37,"enemies":"Snake Plant","floor":31,"turns":3},{"damage":62,"enemies":"Automaton","floor":33,"turns":6}],"seed_played":"5465453943166142835","potions_obtained":[{"floor":1,"key":"LiquidBronze"},{"floor":16,"key":"SkillPotion"},{"floor":22,"key":"PowerPotion"},{"floor":27,"key":"Fire Potion"},{"floor":30,"key":"SpeedPotion"},{"floor":31,"key":"Block Potion"}],"is_trial":false,"path_per_floor":["?","?","M","?","?","?","?","M","?","T"],"character_chosen":"IRONCLAD","items_purchased":["Incense Burner"],"campfire_rested":4,"item_purchase_floors":[3],"current_hp_per_floor":[60,57,57,57,62,62,8,32,32,32,32,33,53,24,48,20,65,45,45,45,45,51,51,29,29,29,17,41,41,38,7,31,0],"gold":309,"neow_bonus":"TWO_FIFTY_GOLD","is_prod":false,"is_daily":false,"chose_seed":false,"campfire_upgraded":2,"win_rate":0,"timestamp":1548269248,"path_taken":["M","M","$","?","M","R","E","R","T","$","?","?","?","E","R","BOSS","M","?","?","?","?","R","M","?","T","M","R","?","M","M","R","BOSS"],"build_version":"2019-01-23","purchased_purges":1,"victory":false,"max_hp_per_floor":[80,80,80,80,80,80,80,80,80,80,80,80,80,80,80,80,80,80,80,80,80,80,80,80,80,80,80,80,80,80,80,80,80],"card_choices":[{"not_picked":["True Grit","Cleave"],"picked":"Dual Wield","floor":1},{"not_picked":["Sword Boomerang","Iron Wave"],"picked":"Clash","floor":2},{"not_picked":["Wild Strike","Fire Breathing"],"picked":"Warcry","floor":5},{"not_picked":["Corruption","Ghostly Armor"],"picked":"Feel No Pain","floor":7},{"not_picked":["Flex","Armaments"],"picked":"Double Tap","floor":12},{"not_picked":["Rage","Anger"],"picked":"Battle Trance","floor":14},{"not_picked":["Berserk","Demon Form"],"picked":"Limit Break","floor":16},{"not_picked":["Evolve","Blood for Blood"],"picked":"Headbutt+1","floor":18},{"not_picked":["Entrench+1","Carnage"],"picked":"Whirlwind+1","floor":22},{"not_picked":["Iron Wave","Pommel Strike"],"picked":"Rampage","floor":24},{"not_picked":["Searing Blow","Dual Wield","Twin Strike+1"],"picked":"SKIP","floor":27},{"not_picked":["Searing Blow","Clothesline+1","Perfected Strike+1"],"picked":"SKIP","floor":30},{"not_picked":["Wild Strike+1","Twin Strike"],"picked":"Infernal Blade","floor":31}],"player_experience":1282850,"relics_obtained":[{"floor":7,"key":"Oddly Smooth Stone"},{"floor":9,"key":"Omamori"},{"floor":14,"key":"Blue Candle"},{"floor":26,"key":"Thread and Needle"},{"floor":29,"key":"Darkstone Periapt"}],"event_choices":[{"cards_removed":["Doubt"],"damage_healed":0,"gold_gain":0,"player_choice":"Card Removal","damage_taken":0,"max_hp_gain":0,"max_hp_loss":0,"event_name":"The Cleric","floor":4,"gold_loss":50},{"damage_healed":0,"gold_gain":0,"player_choice":"Upgraded","damage_taken":0,"max_hp_gain":0,"max_hp_loss":0,"event_name":"Upgrade Shrine","floor":11,"gold_loss":0,"cards_upgraded":["Bash"]},{"damage_healed":20,"gold_gain":0,"player_choice":"Healed and dodged fight","damage_taken":0,"max_hp_gain":0,"max_hp_loss":0,"event_name":"Mushrooms","floor":13,"gold_loss":0,"cards_obtained":["Parasite"]},{"damage_healed":0,"gold_gain":99,"player_choice":"Stole From Cult","damage_taken":0,"max_hp_gain":0,"max_hp_loss":0,"event_name":"Nest","floor":19,"gold_loss":0},{"damage_healed":0,"gold_gain":0,"player_choice":"Read","damage_taken":0,"max_hp_gain":0,"max_hp_loss":0,"event_name":"The Library","floor":20,"gold_loss":0,"cards_obtained":["Infernal Blade"]},{"damage_healed":0,"gold_gain":0,"player_choice":"1 cards matched","damage_taken":0,"max_hp_gain":0,"max_hp_loss":0,"event_name":"Match and Keep!","floor":21,"gold_loss":0,"cards_obtained":["Jack Of All Trades"]},{"damage_healed":0,"gold_gain":0,"player_choice":"Opened","damage_taken":0,"relics_obtained":["Gremlin Horn"],"max_hp_gain":0,"max_hp_loss":0,"event_name":"The Mausoleum","floor":25,"gold_loss":0}],"is_beta":false,"boss_relics":[{"not_picked":["White Beast Statue","Velvet Choker"],"picked":"Mark of Pain"}],"items_purged_floors":[10],"is_endless":false,"potions_floor_spawned":[1,16,22,27,30,31],"killed_by":"Automaton","ascension_level":10}