{"gold_per_floor":[213,230,0,0,0,0,62,62,109,109,109,126,126,154,154,257,257,272,299,318,330,330,330,365,365,365,380,295,55,69,87,87,192,192,211,223,223,238,113,113,78,78,128,143,143,143,153,153,153,153],"floor_reached":51,"playtime":5428,"items_purged":["Strike_G","Strike_G","Strike_G"],"score":730,"play_id":"90e1db47-f8e2-4c48-84cd-33fd0a161e6a","local_time":"20190507213958","is_ascension_mode":true,"campfire_choices":[{"data":"Neutralize","floor":6,"key":"SMITH"},{"data":"Noxious Fumes","floor":11,"key":"SMITH"},{"floor":15,"key":"REST"},{"data":"Catalyst","floor":23,"key":"SMITH"},{"data":"Noxious Fumes","floor":25,"key":"SMITH"},{"floor":32,"key":"REST"},{"data":"Tools of the Trade","floor":40,"key":"SMITH"},{"data":"Malaise","floor":42,"key":"SMITH"},{"data":"Bane","floor":46,"key":"SMITH"},{"floor":49,"key":"REST"}],"neow_cost":"NONE","seed_source_timestamp":500057129920320,"circlet_count":0,"master_deck":["Defend_G+1","Defend_G+1","Defend_G","Defend_G","Defend_G","Strike_G","Strike_G","Survivor","Neutralize+1","Leg Sweep","Noxious Fumes+1","Noxious Fumes+1","Deadly Poison","Bane+1","Catalyst+1","Malaise+1","Escape Plan+1","PiercingWail","Corpse Explosion","Deadly Poison","Tools of the Trade+1","Crippling Poison+1","Well Laid Plans+1","Noxious Fumes+1","Deadly Poison+1","Writhe"],"relics":["Ring of the Snake","Tiny Chest","Strawberry","Mango","Calipers","Torii","Sozu","Happy Flower","Kunai","Gremlin Horn","Centennial Puzzle","Philosopher\u0027s Stone","Frozen Egg 2","Boot"],"potions_floor_usage":[50,50],"damage_taken":[{"damage":0,"enemies":"Jaw Worm","floor":1,"turns":5},{"damage":0,"enemies":"Small Slimes","floor":2,"turns":3},{"damage":7,"enemies":"Lagavulin","floor":7,"turns":7},{"damage":1,"enemies":"2 Louse","floor":12,"turns":4},{"damage":23,"enemies":"Gremlin Nob","floor":14,"turns":4},{"damage":39,"enemies":"Slime Boss","floor":16,"turns":10},{"damage":2,"enemies":"Shell Parasite","floor":18,"turns":6},{"damage":1,"enemies":"Spheric Guardian","floor":20,"turns":6},{"damage":36,"enemies":"Cultist and Chosen","floor":21,"turns":7},{"damage":5,"enemies":"Gremlin Leader","floor":24,"turns":6},{"damage":8,"enemies":"Snecko","floor":27,"turns":7},{"damage":0,"enemies":"Centurion and Healer","floor":30,"turns":4},{"damage":2,"enemies":"Chosen and Byrds","floor":31,"turns":5},{"damage":37,"enemies":"Automaton","floor":33,"turns":8},{"damage":1,"enemies":"3 Darklings","floor":35,"turns":5},{"damage":2,"enemies":"Orb Walker","floor":36,"turns":4},{"damage":11,"enemies":"3 Darklings","floor":38,"turns":3},{"damage":13,"enemies":"Transient","floor":44,"turns":5},{"damage":29,"enemies":"4 Shapes","floor":47,"turns":4},{"damage":33,"enemies":"Donu and Deca","floor":50,"turns":7}],"seed_played":"-3822965026483656239","potions_obtained":[{"floor":1,"key":"Dexterity Potion"},{"floor":2,"key":"PowerPotion"},{"floor":14,"key":"Ancient Potion"}],"is_trial":false,"path_per_floor":["M","M","$","?","?","R","E","?","T","?","R","M","T","E","R","B",null,"M","T","M","M","?","R","E","R","T","M","?","$","M","M","R","B",null,"M","M","?","M","$","R","$","R","T","M","?","R","M","?","R","B",null],"character_chosen":"THE_SILENT","items_purchased":["Noxious Fumes","Deadly Poison","Bane","Corpse Explosion","Noxious Fumes+1"],"campfire_rested":3,"item_purchase_floors":[3,3,3,29,41],"current_hp_per_floor":[70,70,70,70,70,70,63,49,56,63,63,62,62,39,66,27,91,89,89,88,52,52,52,47,47,47,39,39,39,39,37,64,27,91,90,88,88,77,77,77,77,77,77,64,64,64,35,58,85,52],"gold":153,"neow_bonus":"HUNDRED_GOLD","is_prod":false,"is_daily":false,"chose_seed":false,"campfire_upgraded":7,"win_rate":0,"timestamp":1557279598,"path_taken":["M","M","$","?","?","R","E","?","T","?","R","M","?","E","R","BOSS","M","?","M","M","?","R","E","R","T","M","?","?","?","M","R","BOSS","M","M","?","?","$","R","?","R","T","M","?","R","M","?","R","BOSS"],"build_version":"2019-01-23","purchased_purges":3,"victory":true,"max_hp_per_floor":[70,70,70,70,70,70,70,70,77,91,91,91,91,91,91,91,91,91,91,91,91,91,91,91,91,91,91,91,91,91,91,91,91,91,91,91,91,91,91,91,91,91,91,91,91,91,91,91,91,91],"card_choices":[{"not_picked":["Infinite Blades","PiercingWail"],"picked":"Leg Sweep","floor":1},{"not_picked":["Footwork","Catalyst"],"picked":"Noxious Fumes","floor":2},{"not_picked":["Prepared","Quick Slash","Flying Knee"],"picked":"SKIP","floor":7},{"not_picked":["Deflect","Poisoned Stab"],"picked":"Catalyst","floor":12},{"not_picked":["Accuracy","Flechettes","Prepared"],"picked":"SKIP","floor":14},{"not_picked":["Burst","Doppelganger"],"picked":"Malaise","floor":16},{"not_picked":["Blade Dance","Dagger Spray","Underhanded Strike"],"picked":"SKIP","floor":18},{"not_picked":["Flying Knee","Slice+1"],"picked":"Escape Plan+1","floor":20},{"not_picked":["Acrobatics","Dodge and Roll","Poisoned Stab"],"picked":"SKIP","floor":21},{"not_picked":["Blade Dance","Infinite Blades"],"picked":"PiercingWail","floor":24},{"not_picked":["Choke","Predator","Cloak And Dagger"],"picked":"SKIP","floor":27},{"not_picked":["Flying Knee","Cloak And Dagger","Infinite Blades"],"picked":"SKIP","floor":30},{"not_picked":["Adrenaline","Dodge and Roll+1"],"picked":"Deadly Poison","floor":31},{"not_picked":["Storm of Steel","Unload"],"picked":"Tools of the Trade","floor":33},{"not_picked":["Deflect","Acrobatics+1"],"picked":"Crippling Poison+1","floor":35},{"not_picked":["Finisher+1","Slice+1"],"picked":"Well Laid Plans+1","floor":36},{"not_picked":["Dodge and Roll","Slice+1","Poisoned Stab"],"picked":"SKIP","floor":38},{"not_picked":["Crippling Poison+1","Sucker Punch"],"picked":"Deadly Poison+1","floor":44},{"not_picked":["Choke","Die Die Die","Expertise+1"],"picked":"SKIP","floor":47}],"player_experience":125737,"relics_obtained":[{"floor":7,"key":"Tiny Chest"},{"floor":9,"key":"Strawberry"},{"floor":13,"key":"Calipers"},{"floor":14,"key":"Torii"},{"floor":19,"key":"Happy Flower"},{"floor":24,"key":"Kunai"},{"floor":26,"key":"Gremlin Horn"},{"floor":37,"key":"Frozen Egg 2"},{"floor":43,"key":"Boot"}],"event_choices":[{"damage_healed":0,"gold_gain":0,"player_choice":"Left Gold","damage_taken":0,"max_hp_gain":0,"max_hp_loss":0,"event_name":"World of Goop","floor":4,"gold_loss":0},{"damage_healed":0,"gold_gain":0,"player_choice":"Ignored","damage_taken":0,"max_hp_gain":0,"max_hp_loss":0,"event_name":"Liars Game","floor":5,"gold_loss":0},{"damage_healed":0,"gold_gain":0,"player_choice":"Entered Light","damage_taken":14,"max_hp_gain":0,"max_hp_loss":0,"event_name":"Shining Light","floor":8,"gold_loss":0,"cards_upgraded":["Defend_G","Defend_G"]},{"damage_healed":0,"gold_gain":0,"player_choice":"Success","damage_taken":7,"relics_obtained":["Mango"],"max_hp_gain":0,"max_hp_loss":0,"event_name":"Scrap Ooze","floor":10,"gold_loss":0},{"damage_healed":0,"gold_gain":0,"player_choice":"Ignored","damage_taken":0,"max_hp_gain":0,"max_hp_loss":0,"event_name":"Ghosts","floor":22,"gold_loss":0},{"damage_healed":0,"gold_gain":0,"player_choice":"Obtained Relic","damage_taken":0,"relics_obtained":["Centennial Puzzle"],"max_hp_gain":0,"max_hp_loss":0,"event_name":"Addict","floor":28,"gold_loss":85},{"damage_healed":0,"gold_gain":0,"player_choice":"Relic","damage_taken":0,"max_hp_gain":0,"max_hp_loss":0,"event_name":"Wheel of Change","floor":37,"gold_loss":0},{"damage_healed":0,"gold_gain":0,"player_choice":"Ignored","damage_taken":0,"max_hp_gain":0,"max_hp_loss":0,"event_name":"Mysterious Sphere","floor":45,"gold_loss":0},{"damage_healed":23,"gold_gain":0,"player_choice":"Writhe","damage_taken":0,"max_hp_gain":0,"max_hp_loss":0,"event_name":"Winding Halls","floor":48,"gold_loss":0,"cards_obtained":["Writhe"]}],"is_beta":false,"boss_relics":[{"not_picked":["Black Star","WristBlade"],"picked":"Sozu"},{"not_picked":["White Beast Statue","Runic Pyramid"],"picked":"Philosopher\u0027s Stone"}],"items_purged_floors":[3,29,39],"is_endless":false,"potions_floor_spawned":[1,2,14,16,21,27,30,31,33,36,38,44],"ascension_level":1}