{"gold_per_floor":[113,13,25,200,211,236,186,261,261,278,278,26,57,69,81,93],"floor_reached":16,"playtime":391,"items_purged":[],"score":113,"play_id":"ac0cdaed-d2ab-4d81-95a5-f29da49dc1ce","local_time":"20181121193852","is_ascension_mode":true,"campfire_choices":[{"floor":15,"key":"REST"}],"neow_cost":"NONE","seed_source_timestamp":611350148182200,"circlet_count":0,"master_deck":["Defend_G","Defend_G","Defend_G","Defend_G","Defend_G","Strike_G","Strike_G","Strike_G","Strike_G","Strike_G","Survivor","Neutralize","Crippling Poison","Noxious Fumes","Dagger Throw","Deadly Poison","Poisoned Stab","Bullet Time","Bane","Regret","Catalyst","Bane","After Image"],"relics":["Ring of the Snake","NeowsBlessing","Bottled Tornado","The Courier","Prayer Wheel","Toolbox","MawBank"],"potions_floor_usage":[6],"damage_taken":[{"damage":0,"enemies":"2 Louse","floor":1,"turns":1},{"damage":0,"enemies":"Jaw Worm","floor":3,"turns":1},{"damage":0,"enemies":"Small Slimes","floor":5,"turns":1},{"damage":24,"enemies":"Gremlin Nob","floor":6,"turns":4},{"damage":7,"enemies":"Blue Slaver","floor":10,"turns":3},{"damage":13,"enemies":"Lagavulin","floor":13,"turns":3},{"damage":40,"enemies":"The Guardian","floor":16,"turns":6}],"seed_played":"-4092825231317208473","potions_obtained":[{"floor":3,"key":"SpeedPotion"},{"floor":5,"key":"PowerPotion"}],"is_trial":false,"path_per_floor":["M","$","M","?","M","E","?","?","T","M","?","$","E","$","R","B"],"character_chosen":"THE_SILENT","items_purchased":["Noxious Fumes","Dagger Throw","Catalyst","Bane","Toolbox"],"campfire_rested":1,"item_purchase_floors":[2,2,12,12,12],"current_hp_per_floor":[70,70,70,70,70,46,46,35,35,28,28,28,15,15,36,0],"gold":93,"neow_bonus":"THREE_ENEMY_KILL","is_prod":false,"is_daily":false,"chose_seed":false,"campfire_upgraded":0,"win_rate":0,"timestamp":1542825532,"path_taken":["M","$","M","?","M","E","?","?","T","M","?","?","E","$","R","BOSS"],"build_version":"2018-11-15","purchased_purges":0,"victory":false,"max_hp_per_floor":[70,70,70,70,70,70,70,70,70,70,70,70,70,70,70,70],"card_choices":[{"not_picked":["Dodge and Roll","Dagger Throw"],"picked":"Crippling Poison","floor":1},{"not_picked":["Dagger Throw","Flying Knee"],"picked":"Deadly Poison","floor":3},{"not_picked":["Concentrate","Outmaneuver"],"picked":"Poisoned Stab","floor":5},{"not_picked":["Caltrops","Underhanded Strike"],"picked":"Bullet Time","floor":6},{"not_picked":["Dagger Spray","Backflip"],"picked":"Bane","floor":10},{"not_picked":["Escape Plan","Glass Knife"],"picked":"After Image","floor":13}],"player_experience":1017767,"relics_obtained":[{"floor":6,"key":"Bottled Tornado"},{"floor":9,"key":"The Courier"},{"floor":13,"key":"MawBank"}],"event_choices":[{"damage_healed":0,"gold_gain":175,"player_choice":"AGREE","damage_taken":0,"max_hp_gain":0,"max_hp_loss":0,"event_name":"Liars Game","floor":4,"gold_loss":0,"cards_obtained":["Doubt"]},{"cards_removed":["Doubt"],"damage_healed":0,"gold_gain":0,"player_choice":"Card Removal","damage_taken":0,"max_hp_gain":0,"max_hp_loss":0,"event_name":"The Cleric","floor":7,"gold_loss":50},{"damage_healed":0,"gold_gain":75,"player_choice":"Gather Gold","damage_taken":11,"max_hp_gain":0,"max_hp_loss":0,"event_name":"World of Goop","floor":8,"gold_loss":0},{"damage_healed":0,"gold_gain":0,"player_choice":"Box","damage_taken":0,"relics_obtained":["Prayer Wheel"],"max_hp_gain":0,"max_hp_loss":0,"event_name":"Big Fish","floor":11,"gold_loss":0,"cards_obtained":["Regret"]}],"is_beta":false,"boss_relics":[],"items_purged_floors":[],"is_endless":false,"potions_floor_spawned":[3,5],"killed_by":"The Guardian","ascension_level":1}