{"path_per_floor":["M","?","?","$","M","R","E","M","T","R","M","M","R","M","R","B",null,"M","?","M","$","?","E","R","E","T","R","M","E","?"],"character_chosen":"IRONCLAD","items_purchased":["Orichalcum","Spot Weakness"],"gold_per_floor":[117,117,181,35,46,46,81,95,95,95,109,126,126,139,139,239,239,254,254,272,129,129,160,160,185,185,185,195,228,228],"floor_reached":31,"campfire_rested":3,"playtime":1469,"current_hp_per_floor":[73,57,57,57,59,59,49,52,52,52,50,46,46,38,62,32,80,80,80,73,73,73,31,55,39,39,63,60,37,37],"items_purged":["Strike_R"],"gold":228,"score":322,"play_id":"2111b548-7ef3-4dc2-bd67-88c11237db94","local_time":"20180313220618","is_prod":false,"is_daily":false,"is_ascension_mode":true,"campfire_upgraded":3,"timestamp":1521003978,"path_taken":["M","?","?","$","M","R","E","?","T","R","M","M","R","?","R","BOSS","M","?","M","$","?","E","R","E","T","R","M","E","?","E"],"build_version":"2018-03-09","purchased_purges":1,"victory":false,"master_deck":["Strike_R+1","Strike_R+1","Strike_R+1","Strike_R+1","Defend_R+1","Defend_R+1","Defend_R+1","Defend_R+1","Bash","Searing Blow+3","Pommel Strike","Heavy Blade","Metallicize","Battle Trance","Twin Strike","Clash","Shrug It Off","Spot Weakness","Rampage","Dual Wield","Double Tap"],"max_hp_per_floor":[80,80,80,80,80,80,80,80,80,80,80,80,80,80,80,80,80,80,80,80,80,80,80,80,80,80,80,80,80,80],"relics":["Burning Blood","Orichalcum","Du-Vu Doll","Shovel","Mark of Pain","Bag of Preparation","Lantern","Bottled Lightning","Champion Belt","Omamori"],"card_choices":[{"not_picked":["Blood for Blood","Metallicize"],"picked":"Searing Blow"},{"not_picked":["Iron Wave","Intimidate"],"picked":"Pommel Strike"},{"not_picked":["Sever Soul","Combust"],"picked":"Heavy Blade"},{"not_picked":["Wild Strike","Searing Blow"],"picked":"Metallicize"},{"not_picked":["Brutality","Wild Strike"],"picked":"Battle Trance"},{"not_picked":["Heavy Blade","Anger"],"picked":"Twin Strike"},{"not_picked":["Twin Strike","Iron Wave"],"picked":"Clash"},{"not_picked":["Wild Strike","True Grit"],"picked":"Shrug It Off"},{"not_picked":["Twin Strike","Sever Soul"],"picked":"Rampage"},{"not_picked":["Heavy Blade","Intimidate"],"picked":"Dual Wield"},{"not_picked":["Heavy Blade","Whirlwind"],"picked":"Double Tap"}],"player_experience":177204,"potions_floor_usage":[16,25,25,25,31],"damage_taken":[{"damage":13,"enemies":"Jaw Worm","floor":1,"turns":4},{"damage":4,"enemies":"2 Louse","floor":5,"turns":3},{"damage":16,"enemies":"Gremlin Nob","floor":7,"turns":4},{"damage":3,"enemies":"Small Slimes","floor":8,"turns":4},{"damage":8,"enemies":"Red Slaver","floor":11,"turns":4},{"damage":10,"enemies":"Exordium Thugs","floor":12,"turns":3},{"damage":14,"enemies":"Lots of Slimes","floor":14,"turns":4},{"damage":36,"enemies":"The Guardian","floor":16,"turns":8},{"damage":5,"enemies":"Spheric Guardian","floor":18,"turns":3},{"damage":13,"enemies":"3 Byrds","floor":20,"turns":6},{"damage":48,"enemies":"Slavers","floor":23,"turns":6},{"damage":31,"enemies":"Gremlin Leader","floor":25,"turns":6},{"damage":9,"enemies":"Snecko","floor":28,"turns":5},{"damage":29,"enemies":"Slavers","floor":29,"turns":5},{"damage":47,"enemies":"Gremlin Leader","floor":31,"turns":7}],"event_choices":[{"event_name":"Shining Light","player_choice":"Entered Light","floor":2,"damage_taken":0},{"event_name":"Golden Wing","player_choice":"Gained Gold","floor":3,"damage_taken":0},{"event_name":"Wheel of Change","player_choice":"Relic","floor":19,"damage_taken":0},{"event_name":"N\u0027loth","player_choice":"Ignored","floor":22,"damage_taken":0},{"event_name":"Back to Basics","player_choice":"Simplicity","floor":30,"damage_taken":0}],"boss_relics":[{"not_picked":["Pandora\u0027s Box","White Beast Statue"],"picked":"Mark of Pain"}],"potions_floor_spawned":[5,8,11,12,18,23,29],"seed_played":"-1038453645509616197","killed_by":"Gremlin Leader","ascension_level":2,"is_trial":false}