{"gold_per_floor":[117,117,17,92,104,104,135,135,135,148,0,0,15,27,27,27],"floor_reached":16,"playtime":781,"items_purged":[],"score":175,"play_id":"df7fd57d-1ce6-4f2d-9506-d84cd7309231","local_time":"20190414170127","is_ascension_mode":true,"campfire_choices":[{"data":"All Out Attack","floor":6,"key":"SMITH"},{"data":"PiercingWail","floor":8,"key":"SMITH"},{"data":"Trip","floor":12,"key":"SMITH"},{"floor":15,"key":"REST"}],"neow_cost":"NONE","seed_source_timestamp":258914137614622,"circlet_count":0,"master_deck":["Defend_G","Defend_G","Defend_G","Defend_G","Defend_G","Strike_G","Strike_G","Strike_G","Strike_G","Survivor","Neutralize","Dodge and Roll","All Out Attack+1","Dodge and Roll","Deflect","PiercingWail+1","Cloak And Dagger","Dodge and Roll","Trip+1","Cloak And Dagger","Deflect"],"relics":["Ring of the Snake","NeowsBlessing","Blue Candle","Regal Pillow"],"potions_floor_usage":[16,16,16],"damage_taken":[{"damage":0,"enemies":"2 Louse","floor":1,"turns":1},{"damage":0,"enemies":"Small Slimes","floor":5,"turns":1},{"damage":0,"enemies":"Lagavulin","floor":7,"turns":1},{"damage":0,"enemies":"Jaw Worm","floor":10,"turns":4},{"damage":7,"enemies":"Large Slime","floor":13,"turns":6},{"damage":7,"enemies":"Exordium Thugs","floor":14,"turns":6},{"damage":87,"enemies":"Slime Boss","floor":16,"turns":16}],"seed_played":"8255560906929614784","potions_obtained":[{"floor":5,"key":"Strength Potion"},{"floor":7,"key":"Block Potion"},{"floor":14,"key":"Regen Potion"}],"is_trial":false,"path_per_floor":["M","?","$","?","M","R","E","R","T","M","$","R","M","M","R","B"],"character_chosen":"THE_SILENT","items_purchased":["Dodge and Roll","Explosive Potion","Dodge and Roll","Trip"],"campfire_rested":1,"item_purchase_floors":[3,3,11,11],"current_hp_per_floor":[63,63,63,52,52,52,52,52,52,52,52,52,45,38,70,0],"gold":27,"neow_bonus":"THREE_ENEMY_KILL","is_prod":false,"is_daily":false,"chose_seed":false,"campfire_upgraded":3,"win_rate":0,"timestamp":1555286487,"path_taken":["M","?","$","?","M","R","E","R","T","M","?","R","M","M","R","BOSS"],"build_version":"2019-01-23","purchased_purges":0,"victory":false,"max_hp_per_floor":[70,70,70,70,70,70,70,70,70,70,70,70,70,70,70,70],"card_choices":[{"not_picked":["Quick Slash","Blade Dance"],"picked":"Dodge and Roll","floor":1},{"not_picked":["Outmaneuver","Blade Dance"],"picked":"Deflect","floor":5},{"not_picked":["Deadly Poison","Dagger Throw"],"picked":"PiercingWail","floor":7},{"not_picked":["Poisoned Stab","Night Terror"],"picked":"Cloak And Dagger","floor":10},{"not_picked":["Skewer","Finisher"],"picked":"Cloak And Dagger","floor":13},{"not_picked":["Eviscerate","Cloak And Dagger"],"picked":"Deflect","floor":14}],"player_experience":1368630,"relics_obtained":[{"floor":7,"key":"Blue Candle"},{"floor":9,"key":"Regal Pillow"}],"event_choices":[{"damage_healed":0,"gold_gain":0,"cards_transformed":["Strike_G"],"player_choice":"Change","damage_taken":0,"max_hp_gain":0,"max_hp_loss":0,"event_name":"Living Wall","floor":2,"gold_loss":0,"cards_obtained":["All Out Attack"]},{"damage_healed":0,"gold_gain":75,"player_choice":"Gather Gold","damage_taken":11,"max_hp_gain":0,"max_hp_loss":0,"event_name":"World of Goop","floor":4,"gold_loss":0}],"is_beta":false,"boss_relics":[],"items_purged_floors":[],"is_endless":false,"potions_floor_spawned":[5,7,14],"killed_by":"Slime Boss","ascension_level":8}