{"gold_per_floor":[116,129,129,140,187,214,214,249,249,249,13,43,43,53,53,53],"floor_reached":16,"playtime":745,"items_purged":["Defend_R"],"score":162,"play_id":"906e84aa-9bd3-49bc-b0bc-6c1f47392746","local_time":"20190114172618","is_ascension_mode":true,"campfire_choices":[{"data":"True Grit","floor":7,"key":"SMITH"},{"floor":10,"key":"REST"},{"floor":15,"key":"REST"}],"neow_cost":"PERCENT_DAMAGE","seed_source_timestamp":398741239376100,"circlet_count":0,"master_deck":["AscendersBane","Strike_R","Strike_R","Defend_R","Defend_R","Defend_R","Bash","Cleave","Battle Trance","Inflame","Disarm","True Grit+1","Immolate","Dual Wield+1"],"relics":["Burning Blood","Bag of Marbles","Pen Nib","Singing Bowl","Frozen Egg 2","Membership Card"],"potions_floor_usage":[6,6,16],"damage_taken":[{"damage":4,"enemies":"Jaw Worm","floor":1,"turns":4},{"damage":5,"enemies":"Cultist","floor":2,"turns":4},{"damage":0,"enemies":"Small Slimes","floor":4,"turns":4},{"damage":22,"enemies":"3 Sentries","floor":6,"turns":5},{"damage":35,"enemies":"Lagavulin","floor":8,"turns":9},{"damage":0,"enemies":"Exordium Thugs","floor":14,"turns":1},{"damage":79,"enemies":"The Guardian","floor":16,"turns":12}],"seed_played":"-7795648243989975939","potions_obtained":[{"floor":2,"key":"Swift Potion"},{"floor":4,"key":"Fire Potion"},{"floor":14,"key":"Ancient Potion"}],"is_trial":false,"path_per_floor":["M","M","?","M","T","E","R","E","T","R","$","?","?","M","R","B"],"character_chosen":"IRONCLAD","items_purchased":["Membership Card"],"campfire_rested":2,"item_purchase_floors":[11],"current_hp_per_floor":[53,54,54,60,60,44,44,15,15,39,39,39,39,47,71,0],"gold":53,"neow_bonus":"TRANSFORM_TWO_CARDS","is_prod":false,"is_daily":false,"chose_seed":false,"campfire_upgraded":1,"win_rate":0,"timestamp":1547483178,"path_taken":["M","M","?","?","?","E","R","E","T","R","$","?","?","?","R","BOSS"],"build_version":"2019-01-10","purchased_purges":1,"victory":false,"max_hp_per_floor":[80,80,80,80,80,80,80,80,80,80,80,80,80,82,82,82],"card_choices":[{"not_picked":["Havoc","Ghostly Armor"],"picked":"Inflame","floor":1},{"not_picked":["Anger","Clash"],"picked":"Disarm","floor":2},{"not_picked":["Brutality","Clash"],"picked":"True Grit","floor":4},{"not_picked":["Entrench","Wild Strike"],"picked":"Immolate","floor":6},{"not_picked":["Shrug It Off","Second Wind"],"picked":"Dual Wield","floor":8},{"not_picked":["Flex","Perfected Strike","Armaments"],"picked":"Singing Bowl","floor":14}],"player_experience":1113500,"relics_obtained":[{"floor":5,"key":"Bag of Marbles"},{"floor":6,"key":"Pen Nib"},{"floor":8,"key":"Singing Bowl"},{"floor":9,"key":"Frozen Egg 2"}],"event_choices":[{"cards_removed":["Strike_R"],"damage_healed":0,"gold_gain":0,"player_choice":"Offered Basic","damage_taken":0,"max_hp_gain":0,"max_hp_loss":0,"event_name":"Bonfire Elementals","floor":3,"gold_loss":0},{"damage_healed":0,"gold_gain":30,"player_choice":"Searched \u00271\u0027 times","damage_taken":0,"max_hp_gain":0,"max_hp_loss":0,"event_name":"Dead Adventurer","floor":12,"gold_loss":0},{"damage_healed":0,"gold_gain":0,"player_choice":"Upgraded","damage_taken":0,"max_hp_gain":0,"max_hp_loss":0,"event_name":"Upgrade Shrine","floor":13,"gold_loss":0,"cards_upgraded":["Dual Wield"]}],"is_beta":false,"boss_relics":[],"items_purged_floors":[11],"is_endless":false,"potions_floor_spawned":[2,4,14],"killed_by":"The Guardian","ascension_level":10}