{"gold_per_floor":[114,68,83,98,113,113,24,54,54,54,84,94,124,139,139,139],"floor_reached":16,"playtime":894,"items_purged":[],"score":120,"play_id":"b6bf4e1a-bd18-4f0d-a445-2c0d9cbaea14","local_time":"20190308065202","daily_mods":["SealedDeck","Time Dilation","Binary"],"is_ascension_mode":false,"campfire_choices":[{"data":"Armaments","floor":6,"key":"SMITH"},{"data":"Armaments","floor":10,"key":"SMITH"},{"data":"Panacea","floor":15,"key":"SMITH"}],"neow_cost":"","seed_source_timestamp":0,"circlet_count":0,"master_deck":["Evolve","Armaments+1","Cleave","Cleave","Clash","Armaments+1","Whirlwind","Seeing Red","Infernal Blade","Infernal Blade","Evolve","Wild Strike","Thunderclap","Havoc","Sword Boomerang","Panacea+1","Wild Strike","Havoc","Havoc","Cleave"],"special_seed":17963,"relics":["Burning Blood","Bronze Scales","Frozen Egg 2","Potion Belt","Odd Mushroom","PreservedInsect"],"potions_floor_usage":[11,12,13],"damage_taken":[{"damage":0,"enemies":"Cultist","floor":1,"turns":2},{"damage":0,"enemies":"Small Slimes","floor":3,"turns":2},{"damage":0,"enemies":"2 Louse","floor":4,"turns":1},{"damage":5,"enemies":"Exordium Thugs","floor":5,"turns":2},{"damage":5,"enemies":"Gremlin Nob","floor":8,"turns":3},{"damage":15,"enemies":"3 Sentries","floor":11,"turns":4},{"damage":6,"enemies":"The Mushroom Lair","floor":12,"turns":2},{"damage":26,"enemies":"Lagavulin","floor":13,"turns":4},{"damage":2,"enemies":"Blue Slaver","floor":14,"turns":2},{"damage":62,"enemies":"The Guardian","floor":16,"turns":7}],"seed_played":"-4512309854435901200","potions_obtained":[{"floor":1,"key":"EssenceOfSteel"},{"floor":4,"key":"Swift Potion"},{"floor":11,"key":"PowerPotion"}],"is_trial":false,"path_per_floor":["M","$","M","M","M","R","$","E","T","R","E","?","E","M","R","B"],"character_chosen":"IRONCLAD","items_purchased":["Wild Strike","Panacea"],"campfire_rested":0,"item_purchase_floors":[2,7],"current_hp_per_floor":[80,80,80,80,80,80,80,80,80,80,71,71,51,55,55,0],"gold":139,"neow_bonus":"","is_prod":false,"is_daily":true,"chose_seed":false,"campfire_upgraded":3,"win_rate":0,"timestamp":1552056722,"path_taken":["M","?","M","M","?","R","$","E","T","R","E","?","E","M","R","BOSS"],"build_version":"2019-01-23","purchased_purges":0,"victory":false,"max_hp_per_floor":[80,80,80,80,80,80,80,80,80,80,80,80,80,80,80,80],"card_choices":[{"not_picked":["Heavy Blade"],"picked":"Evolve","floor":1},{"not_picked":["Heavy Blade"],"picked":"Thunderclap","floor":3},{"not_picked":["Perfected Strike"],"picked":"Havoc","floor":4},{"not_picked":["Corruption"],"picked":"Sword Boomerang","floor":5},{"not_picked":["True Grit"],"picked":"Wild Strike","floor":8},{"not_picked":["Searing Blow"],"picked":"Havoc","floor":11},{"not_picked":["Uppercut"],"picked":"Havoc","floor":12},{"not_picked":["Sword Boomerang"],"picked":"Cleave","floor":13},{"not_picked":["Heavy Blade","Clothesline"],"picked":"SKIP","floor":14}],"player_experience":1026883,"relics_obtained":[{"floor":8,"key":"Bronze Scales"},{"floor":9,"key":"Frozen Egg 2"},{"floor":11,"key":"Potion Belt"},{"floor":12,"key":"Odd Mushroom"},{"floor":13,"key":"PreservedInsect"}],"event_choices":[{"damage_healed":0,"gold_gain":0,"player_choice":"Fought Mushrooms","damage_taken":0,"max_hp_gain":0,"max_hp_loss":0,"event_name":"Mushrooms","floor":12,"gold_loss":0}],"is_beta":false,"boss_relics":[],"items_purged_floors":[],"is_endless":false,"potions_floor_spawned":[1,4,11],"killed_by":"The Guardian","ascension_level":0}