{"gold_per_floor":[118,133,83,158,47,81,94,125,179,179,179,179,189,206,206,304,304,324,343,343,268,368,398,398,410,435,435,466,466,466,485,485,485],"floor_reached":33,"playtime":74644,"items_purged":[],"score":343,"play_id":"33afce6b-9cec-4b23-88be-cebaaf81c9e0","local_time":"20181121180552","is_ascension_mode":false,"campfire_choices":[{"floor":11,"key":"REST"},{"floor":15,"key":"REST"},{"floor":24,"key":"REST"},{"floor":27,"key":"REST"},{"floor":29,"key":"REST"},{"floor":32,"key":"REST"}],"neow_cost":"NONE","seed_source_timestamp":528999963780800,"circlet_count":0,"master_deck":["Defend_G","Defend_G","Defend_G+1","Defend_G","Defend_G+1","Strike_G","Strike_G","Survivor","Neutralize","Prepared","Bouncing Flask","Well Laid Plans+1","Terror+1","Backflip","Doppelganger","Infinite Blades+1","Caltrops+1","Endless Agony","Prepared","Corpse Explosion","Outmaneuver","Eviscerate","Setup","Heel Hook","Reflex","Clumsy","Choke","Caltrops+1"],"relics":["Ring of the Snake","NeowsBlessing","Frozen Egg 2","War Paint","Pen Nib","Cursed Key","Pear","Orichalcum","Bottled Lightning"],"potions_floor_usage":[14,16,23,23],"damage_taken":[{"damage":0,"enemies":"Small Slimes","floor":1,"turns":1},{"damage":0,"enemies":"Jaw Worm","floor":2,"turns":1},{"damage":0,"enemies":"Gremlin Nob","floor":6,"turns":1},{"damage":1,"enemies":"Cultist","floor":7,"turns":4},{"damage":28,"enemies":"Lagavulin","floor":8,"turns":7},{"damage":3,"enemies":"Large Slime","floor":13,"turns":5},{"damage":0,"enemies":"Looter","floor":14,"turns":2},{"damage":7,"enemies":"Slime Boss","floor":16,"turns":8},{"damage":2,"enemies":"Spheric Guardian","floor":18,"turns":5},{"damage":5,"enemies":"Shell Parasite","floor":19,"turns":4},{"damage":29,"enemies":"Gremlin Leader","floor":23,"turns":5},{"damage":23,"enemies":"Centurion and Healer","floor":25,"turns":5},{"damage":42,"enemies":"Book of Stabbing","floor":28,"turns":6},{"damage":29,"enemies":"Shelled Parasite and Fungi","floor":31,"turns":4},{"damage":46,"enemies":"Automaton","floor":33,"turns":6}],"seed_played":"-8804779999588955270","potions_obtained":[{"floor":6,"key":"Energy Potion"},{"floor":7,"key":"GamblersBrew"},{"floor":8,"key":"Strength Potion"},{"floor":18,"key":"Weak Potion"},{"floor":28,"key":"Energy Potion"},{"floor":31,"key":"SteroidPotion"}],"is_trial":false,"path_per_floor":["M","M","?","?","$","E","M","E","T","?","R","?","M","M","R","B",null,"M","M","?","?","?","E","R","M","T","R","E","R","?","M","R","B"],"character_chosen":"THE_SILENT","items_purchased":["Well Laid Plans","Terror"],"campfire_rested":6,"item_purchase_floors":[5,5],"current_hp_per_floor":[70,70,70,59,59,59,58,30,30,16,37,37,34,34,55,48,70,68,63,63,63,63,44,68,45,45,69,27,51,36,7,32,0],"gold":485,"neow_bonus":"THREE_ENEMY_KILL","is_prod":false,"is_daily":false,"chose_seed":false,"campfire_upgraded":0,"win_rate":0,"timestamp":1542819952,"path_taken":["M","M","?","?","?","E","M","E","T","?","R","?","?","M","R","BOSS","M","M","?","?","?","E","R","?","T","R","E","R","?","M","R","BOSS"],"build_version":"2018-11-15","purchased_purges":0,"victory":false,"max_hp_per_floor":[70,70,70,70,70,70,70,70,70,70,70,70,70,70,70,70,70,70,70,70,70,70,80,80,80,80,80,80,80,85,85,85,85],"card_choices":[{"not_picked":["Poisoned Stab","Slice"],"picked":"Prepared","floor":1},{"not_picked":["Reflex","Bane"],"picked":"Bouncing Flask","floor":2},{"not_picked":["Outmaneuver","Leg Sweep"],"picked":"Backflip","floor":6},{"not_picked":["Prepared","Dodge and Roll"],"picked":"Doppelganger","floor":7},{"not_picked":["Sucker Punch","Glass Knife"],"picked":"Infinite Blades+1","floor":8},{"not_picked":["Deflect","Dash"],"picked":"Endless Agony","floor":13},{"not_picked":["Dagger Throw","Outmaneuver"],"picked":"Prepared","floor":14},{"not_picked":["Wraith Form v2+1","Grand Finale"],"picked":"Corpse Explosion","floor":16},{"not_picked":["Cloak And Dagger","Endless Agony"],"picked":"Outmaneuver","floor":18},{"not_picked":["Underhanded Strike","Dagger Spray"],"picked":"Eviscerate","floor":19},{"not_picked":["Prepared+1","Escape Plan+1"],"picked":"Heel Hook","floor":23},{"not_picked":["PiercingWail","Grand Finale"],"picked":"Reflex","floor":25},{"not_picked":["Backflip+1","Deadly Poison"],"picked":"Choke","floor":28},{"not_picked":["Prepared","Backflip"],"picked":"Caltrops+1","floor":31}],"player_experience":939162,"relics_obtained":[{"floor":6,"key":"Frozen Egg 2"},{"floor":8,"key":"War Paint"},{"floor":9,"key":"Pen Nib"},{"floor":23,"key":"Pear"},{"floor":26,"key":"Orichalcum"},{"floor":28,"key":"Bottled Lightning"}],"event_choices":[{"cards_removed":["Strike_G"],"damage_healed":0,"gold_gain":0,"player_choice":"Card Removal","damage_taken":0,"max_hp_gain":0,"max_hp_loss":0,"event_name":"The Cleric","floor":3,"gold_loss":50},{"damage_healed":0,"gold_gain":75,"player_choice":"Gather Gold","damage_taken":11,"max_hp_gain":0,"max_hp_loss":0,"event_name":"World of Goop","floor":4,"gold_loss":0},{"damage_healed":0,"gold_gain":0,"player_choice":"Entered Light","damage_taken":14,"max_hp_gain":0,"max_hp_loss":0,"event_name":"Shining Light","floor":10,"gold_loss":0,"cards_upgraded":["Defend_G","Well Laid Plans"]},{"damage_healed":0,"gold_gain":0,"cards_transformed":["Strike_G"],"player_choice":"Change","damage_taken":0,"max_hp_gain":0,"max_hp_loss":0,"event_name":"Living Wall","floor":12,"gold_loss":0,"cards_obtained":["Caltrops"]},{"damage_healed":0,"gold_gain":0,"player_choice":"Read","damage_taken":0,"max_hp_gain":0,"max_hp_loss":0,"event_name":"The Library","floor":20,"gold_loss":0,"cards_obtained":["Setup"]},{"cards_removed":["Strike_G"],"damage_healed":0,"gold_gain":0,"player_choice":"Gave Gold","damage_taken":0,"max_hp_gain":0,"max_hp_loss":0,"event_name":"Beggar","floor":21,"gold_loss":75},{"damage_healed":0,"gold_gain":100,"player_choice":"Pray","damage_taken":0,"max_hp_gain":0,"max_hp_loss":0,"event_name":"Golden Shrine","floor":22,"gold_loss":0},{"damage_healed":0,"gold_gain":0,"player_choice":"Shed Blood","damage_taken":20,"max_hp_gain":5,"max_hp_loss":0,"event_name":"Forgotten Altar","floor":30,"gold_loss":0}],"is_beta":false,"boss_relics":[{"not_picked":["Velvet Choker","Lizard Tail"],"picked":"Cursed Key"}],"items_purged_floors":[],"is_endless":false,"potions_floor_spawned":[6,7,8,18,28,31],"killed_by":"Automaton","ascension_level":0}