{"gold_per_floor":[110,285,311,323,323,350,350,350],"floor_reached":8,"playtime":1295,"items_purged":[],"score":111,"play_id":"71c472e3-3753-4f80-a7cb-abff57e39f9f","local_time":"20190415132437","is_ascension_mode":true,"campfire_choices":[],"neow_cost":"NONE","seed_source_timestamp":331789077730909,"circlet_count":0,"master_deck":["Defend_G+1","Defend_G","Defend_G","Defend_G","Defend_G","Strike_G","Strike_G","Strike_G","Strike_G","Strike_G","Survivor","Neutralize","Quick Slash","Calculated Gamble+1","Skewer"],"relics":["Ring of the Snake","NeowsBlessing","Omamori","Singing Bowl"],"potions_floor_usage":[8],"damage_taken":[{"damage":0,"enemies":"2 Louse","floor":1,"turns":1},{"damage":0,"enemies":"Jaw Worm","floor":4,"turns":1},{"damage":0,"enemies":"3 Sentries","floor":6,"turns":1},{"damage":50,"enemies":"Gremlin Nob","floor":8,"turns":5}],"seed_played":"-1919733911519287938","potions_obtained":[{"floor":4,"key":"FearPotion"}],"is_trial":false,"path_per_floor":["M","?","T","M","?","E","?","E"],"character_chosen":"THE_SILENT","items_purchased":[],"campfire_rested":0,"item_purchase_floors":[],"current_hp_per_floor":[63,63,63,63,56,56,42,0],"gold":350,"neow_bonus":"THREE_ENEMY_KILL","is_prod":false,"is_daily":false,"chose_seed":false,"campfire_upgraded":0,"win_rate":0,"timestamp":1555359877,"path_taken":["M","?","?","?","?","E","?","E"],"build_version":"2019-01-23","purchased_purges":0,"victory":false,"max_hp_per_floor":[70,70,70,70,70,70,70,70],"card_choices":[{"not_picked":["Bane","Setup"],"picked":"Quick Slash","floor":1},{"not_picked":["Deadly Poison","Tactician"],"picked":"Calculated Gamble","floor":4},{"not_picked":["Bane","Setup"],"picked":"Skewer","floor":6}],"player_experience":1376107,"relics_obtained":[{"floor":3,"key":"Omamori"},{"floor":6,"key":"Singing Bowl"}],"event_choices":[{"damage_healed":0,"gold_gain":175,"player_choice":"AGREE","damage_taken":0,"max_hp_gain":0,"max_hp_loss":0,"event_name":"Liars Game","floor":2,"gold_loss":0,"cards_obtained":["Doubt"]},{"cards_removed":["Doubt"],"damage_healed":0,"gold_gain":0,"player_choice":"Card Removal","damage_taken":7,"max_hp_gain":0,"max_hp_loss":0,"event_name":"Golden Wing","floor":5,"gold_loss":0},{"damage_healed":0,"gold_gain":0,"player_choice":"Entered Light","damage_taken":14,"max_hp_gain":0,"max_hp_loss":0,"event_name":"Shining Light","floor":7,"gold_loss":0,"cards_upgraded":["Calculated Gamble","Defend_G"]}],"is_beta":false,"boss_relics":[],"items_purged_floors":[],"is_endless":false,"potions_floor_spawned":[4],"killed_by":"Gremlin Nob","ascension_level":8}