{"gold_per_floor":[361,118,130,30,46,78,78,107,133,163,163,178,178,212,212,212],"floor_reached":16,"playtime":1036,"items_purged":["Strike_G","Strike_G"],"score":256,"play_id":"4a8a42fc-1bc3-4a05-99b5-58f755532d0e","local_time":"20190505002825","is_ascension_mode":true,"campfire_choices":[{"data":"Noxious Fumes","floor":7.0,"key":"SMITH"},{"floor":13.0,"key":"REST"},{"floor":15,"key":"REST"}],"neow_cost":"TEN_PERCENT_HP_LOSS","seed_source_timestamp":671686115173166,"circlet_count":0,"master_deck":["AscendersBane","Defend_G","Defend_G","Defend_G","Defend_G","Defend_G","Strike_G","Strike_G","Survivor","Neutralize","Deadly Poison","PiercingWail","Noxious Fumes+1","Backflip","Deadly Poison","Flechettes","Flechettes","Deadly Poison","Backstab","Dash"],"special_seed":0,"relics":["Ring of the Snake","Blood Vial","Orichalcum","Dream Catcher","Smiling Mask","Unceasing Top","Letter Opener"],"potions_floor_usage":[],"damage_taken":[{"damage":2.0,"enemies":"Cultist","floor":1.0,"turns":5.0},{"damage":1.0,"enemies":"Small Slimes","floor":3.0,"turns":4.0},{"damage":0.0,"enemies":"Jaw Worm","floor":5.0,"turns":5.0},{"damage":16.0,"enemies":"3 Sentries","floor":6.0,"turns":9.0},{"damage":28.0,"enemies":"Lagavulin","floor":8.0,"turns":8.0},{"damage":12.0,"enemies":"3 Sentries","floor":10.0,"turns":7.0},{"damage":1.0,"enemies":"3 Louse","floor":12.0,"turns":4.0},{"damage":27,"enemies":"Gremlin Nob","floor":14,"turns":4},{"damage":24,"enemies":"Slime Boss","floor":16,"turns":6}],"seed_played":"-6645204242339937301","potions_obtained":[{"floor":1.0,"key":"Poison Potion"},{"floor":5.0,"key":"Fire Potion"},{"floor":8.0,"key":"AttackPotion"}],"is_trial":false,"path_per_floor":["M","$","M","$","M","E","R","E","T","E","?","M","R","E","R","B"],"character_chosen":"THE_SILENT","items_purchased":["Blood Vial"],"campfire_rested":2,"item_purchase_floors":[2],"current_hp_per_floor":[57,57,58,58,60,44,44,18,18,8,8,9,27,2,20,0],"gold":212,"neow_bonus":"TWO_FIFTY_GOLD","is_prod":false,"is_daily":false,"chose_seed":false,"campfire_upgraded":1,"win_rate":0,"timestamp":1557030505,"path_taken":["M","$","M","?","M","E","R","E","T","E","?","M","R","E","R","BOSS"],"build_version":"2019-01-23","purchased_purges":2,"victory":false,"max_hp_per_floor":[60,60,60,60,60,60,60,60,60,60,60,60,60,60,60,60],"card_choices":[{"not_picked":["Bouncing Flask","Dagger Throw"],"picked":"Deadly Poison","floor":1.0},{"not_picked":["Flying Knee","Prepared"],"picked":"PiercingWail","floor":3.0},{"not_picked":["Quick Slash","Poisoned Stab"],"picked":"Noxious Fumes","floor":5.0},{"not_picked":["Acrobatics","Dagger Throw"],"picked":"Backflip","floor":6.0},{"not_picked":["Deflect","Calculated Gamble"],"picked":"Deadly Poison","floor":8.0},{"not_picked":["Backstab","Infinite Blades"],"picked":"Flechettes","floor":10.0},{"not_picked":["Poisoned Stab","Bane"],"picked":"Deadly Poison","floor":12.0},{"not_picked":["Dodge and Roll","Expertise"],"picked":"Backstab","floor":13.0},{"not_picked":["Unload","Dagger Spray","Outmaneuver"],"picked":"SKIP","floor":14},{"not_picked":["Infinite Blades","Deadly Poison"],"picked":"Dash","floor":15}],"player_experience":867796,"relics_obtained":[{"floor":6.0,"key":"Orichalcum"},{"floor":8.0,"key":"Dream Catcher"},{"floor":9.0,"key":"Smiling Mask"},{"floor":10.0,"key":"Unceasing Top"},{"floor":14,"key":"Letter Opener"}],"event_choices":[{"damage_healed":0.0,"max_hp_gain":0.0,"max_hp_loss":0.0,"gold_gain":0.0,"cards_transformed":["Strike_G"],"event_name":"Living Wall","player_choice":"Change","floor":11.0,"gold_loss":0.0,"damage_taken":0.0,"cards_obtained":["Flechettes"]}],"is_beta":false,"boss_relics":[],"items_purged_floors":[2,4],"is_endless":false,"potions_floor_spawned":[1,5,8],"killed_by":"Slime Boss","ascension_level":20}