{"gold_per_floor":[118,41,41,57,32,67,83,97,142,142,166,210,285,285,285,285],"floor_reached":16,"playtime":405,"items_purged":[],"score":189,"play_id":"b070c164-8835-4fbf-9825-bd3fb08954e7","local_time":"20190508212029","is_ascension_mode":true,"campfire_choices":[{"data":"Bash","floor":10,"key":"SMITH"},{"floor":15,"key":"REST"}],"neow_cost":"NONE","seed_source_timestamp":390180594947300,"circlet_count":0,"master_deck":["Strike_R","Strike_R","Strike_R","Strike_R","Strike_R","Defend_R","Defend_R","Defend_R","Defend_R","Bash+1","Shrug It Off","Feel No Pain","Pommel Strike","Anger","Searing Blow","Thunderclap","Shrug It Off","Carnage"],"relics":["Burning Blood","NeowsBlessing","Golden Idol","Sundial","Art of War","Blood Vial","Regal Pillow"],"potions_floor_usage":[],"damage_taken":[{"damage":0,"enemies":"Cultist","floor":1,"turns":1},{"damage":0,"enemies":"Jaw Worm","floor":4,"turns":1},{"damage":0,"enemies":"Gremlin Nob","floor":6,"turns":1},{"damage":9,"enemies":"2 Louse","floor":7,"turns":3},{"damage":4,"enemies":"Large Slime","floor":8,"turns":6},{"damage":10,"enemies":"Exordium Thugs","floor":11,"turns":4},{"damage":38,"enemies":"Lagavulin","floor":12,"turns":8},{"damage":57,"enemies":"Hexaghost","floor":16,"turns":9}],"seed_played":"-3079991115870073014","potions_obtained":[{"floor":1,"key":"Strength Potion"},{"floor":6,"key":"Fire Potion"},{"floor":7,"key":"Strength Potion"}],"is_trial":false,"path_per_floor":["M","$","?","M","$","E","M","M","T","R","M","E","?","?","R","B"],"character_chosen":"IRONCLAD","items_purchased":["Feel No Pain","Anger"],"campfire_rested":1,"item_purchase_floors":[2,5],"current_hp_per_floor":[78,78,58,64,64,70,67,69,69,69,65,33,22,15,54,0],"gold":285,"neow_bonus":"THREE_ENEMY_KILL","is_prod":false,"is_daily":false,"chose_seed":false,"campfire_upgraded":1,"win_rate":0,"timestamp":1557375629,"path_taken":["M","?","?","M","$","E","M","?","T","R","M","E","?","?","R","BOSS"],"build_version":"2019-01-23","purchased_purges":0,"victory":false,"max_hp_per_floor":[80,80,80,80,80,80,80,80,80,80,80,80,80,80,80,80],"card_choices":[{"not_picked":["Havoc","Iron Wave"],"picked":"Shrug It Off","floor":1},{"not_picked":["Second Wind","Body Slam"],"picked":"Pommel Strike","floor":4},{"not_picked":["Perfected Strike","Double Tap"],"picked":"Searing Blow","floor":6},{"not_picked":["Perfected Strike","Intimidate","Twin Strike"],"picked":"SKIP","floor":7},{"not_picked":["Intimidate","Anger"],"picked":"Thunderclap","floor":8},{"not_picked":["Sentinel","Wild Strike"],"picked":"Shrug It Off","floor":11},{"not_picked":["Second Wind","Twin Strike"],"picked":"Carnage","floor":12}],"player_experience":441620,"relics_obtained":[{"floor":6,"key":"Sundial"},{"floor":9,"key":"Art of War"},{"floor":12,"key":"Blood Vial"}],"event_choices":[{"damage_healed":0,"gold_gain":0,"player_choice":"Take Damage","damage_taken":20,"relics_obtained":["Golden Idol"],"max_hp_gain":0,"max_hp_loss":0,"event_name":"Golden Idol","floor":3,"gold_loss":0},{"damage_healed":0,"gold_gain":75,"player_choice":"Gather Gold","damage_taken":11,"max_hp_gain":0,"max_hp_loss":0,"event_name":"World of Goop","floor":13,"gold_loss":0},{"damage_healed":0,"gold_gain":0,"player_choice":"Success","damage_taken":7,"relics_obtained":["Regal Pillow"],"max_hp_gain":0,"max_hp_loss":0,"event_name":"Scrap Ooze","floor":14,"gold_loss":0}],"is_beta":false,"boss_relics":[],"items_purged_floors":[],"is_endless":false,"potions_floor_spawned":[1,6,7],"killed_by":"Hexaghost","ascension_level":8}