{"gold_per_floor":[114,129,144,159,10,10,25,40,40,55,70,85,153,168,168,168],"floor_reached":16,"playtime":2927,"items_purged":[],"score":125,"play_id":"962cae5c-a0c6-4d7b-b084-27ff401cf8b5","local_time":"20190103105153","daily_mods":["Specialized","Diverse","DeadlyEvents"],"is_ascension_mode":false,"campfire_choices":[{"data":"Entrench","floor":6,"key":"SMITH"},{"data":"Adrenaline","floor":15,"key":"SMITH"}],"neow_cost":"","seed_source_timestamp":0,"circlet_count":0,"master_deck":["Strike_B","Strike_B","Strike_B","Strike_B","Defend_B","Defend_B","Defend_B","Defend_B","Zap","Dualcast","Shrug It Off","Shrug It Off","Shrug It Off","Shrug It Off","Shrug It Off","Steam","Entrench+1","Scrape","Glacier","Dash","Power Through","Adrenaline+1","Steam","Hologram","Steam Power","Leap"],"special_seed":17899,"relics":["Cracked Core","Sundial"],"potions_floor_usage":[16,16,16],"damage_taken":[{"damage":0,"enemies":"Jaw Worm","floor":1,"turns":4},{"damage":0,"enemies":"2 Louse","floor":2,"turns":3},{"damage":0,"enemies":"Small Slimes","floor":3,"turns":4},{"damage":0,"enemies":"Blue Slaver","floor":4,"turns":4},{"damage":0,"enemies":"Red Slaver","floor":7,"turns":5},{"damage":0,"enemies":"Large Slime","floor":8,"turns":6},{"damage":0,"enemies":"3 Louse","floor":10,"turns":4},{"damage":0,"enemies":"Red Slaver","floor":11,"turns":4},{"damage":0,"enemies":"2 Fungi Beasts","floor":12,"turns":4},{"damage":0,"enemies":"3 Louse","floor":14,"turns":4},{"damage":75,"enemies":"Slime Boss","floor":16,"turns":27}],"seed_played":"6069031500032485637","potions_obtained":[{"floor":1,"key":"FocusPotion"},{"floor":4,"key":"Energy Potion"},{"floor":11,"key":"SkillPotion"},{"floor":12,"key":"Ancient Potion"}],"is_trial":false,"path_per_floor":["M","M","M","M","$","R","M","M","T","M","M","M","?","M","R","B"],"character_chosen":"DEFECT","items_purchased":["Dash","Power Through"],"campfire_rested":0,"item_purchase_floors":[5,5],"current_hp_per_floor":[75,75,75,75,75,75,75,75,75,75,75,75,75,75,75,0],"gold":168,"neow_bonus":"","is_prod":false,"is_daily":true,"chose_seed":false,"campfire_upgraded":2,"win_rate":0,"timestamp":1546541513,"path_taken":["M","M","M","M","$","R","M","M","T","M","M","M","?","M","R","BOSS"],"build_version":"2018-12-20","purchased_purges":0,"victory":false,"max_hp_per_floor":[75,75,75,75,75,75,75,75,75,75,75,75,75,75,75,75],"card_choices":[{"not_picked":["Cloak And Dagger","Go for the Eyes"],"picked":"Steam","floor":1},{"not_picked":["Dropkick","Cloak And Dagger"],"picked":"Entrench","floor":2},{"not_picked":["Twin Strike","Acrobatics"],"picked":"Scrape","floor":3},{"not_picked":["Wild Strike","Backstab"],"picked":"Glacier","floor":4},{"not_picked":["Dropkick","Expertise"],"picked":"Adrenaline","floor":7},{"not_picked":["Sucker Punch","Blade Dance"],"picked":"Steam","floor":8},{"not_picked":["Slice","Twin Strike"],"picked":"Hologram","floor":10},{"not_picked":["Chaos","Go for the Eyes"],"picked":"Steam Power","floor":11},{"not_picked":["Reflex","Acrobatics","Ball Lightning"],"picked":"SKIP","floor":12},{"not_picked":["Setup","Wild Strike"],"picked":"Leap","floor":14}],"player_experience":372674,"relics_obtained":[{"floor":9,"key":"Sundial"}],"event_choices":[{"damage_healed":0,"gold_gain":68,"player_choice":"Gained Gold","damage_taken":0,"max_hp_gain":0,"max_hp_loss":0,"event_name":"Golden Wing","floor":13,"gold_loss":0}],"is_beta":false,"boss_relics":[],"items_purged_floors":[],"is_endless":false,"potions_floor_spawned":[1,4,11,12],"killed_by":"Slime Boss","ascension_level":0}