{"gold_per_floor":[114,46,46,66,82,82,114,114,114,114,114,114,114,114,114,209,209,220,235,250,262,279,279,279,279],"floor_reached":25,"playtime":1821,"items_purged":[],"score":256,"play_id":"8b810c30-5a68-4a1a-b8b1-fe255e3c3c73","local_time":"20190412232822","is_ascension_mode":true,"campfire_choices":[{"data":"Loop","floor":6.0,"key":"SMITH"},{"floor":8.0,"key":"REST"},{"data":"Doom and Gloom","floor":10.0,"key":"SMITH"},{"data":"Darkness","floor":13.0,"key":"SMITH"},{"floor":15.0,"key":"REST"},{"floor":23,"key":"REST"}],"neow_cost":"PERCENT_DAMAGE","seed_source_timestamp":0,"circlet_count":0,"master_deck":["Strike_B","Strike_B","Strike_B","Defend_B","Defend_B","Defend_B","Defend_B","Zap","Dualcast","Auto Shields","Loop+1","Glacier","Darkness+1","Doom and Gloom+1","Multi-Cast","Conserve Battery","Darkness+1","Redo","Turbo"],"special_seed":0,"relics":["Cracked Core","Darkstone Periapt","Bottled Tornado","WingedGreaves","Cursed Key","Nilry\u0027s Codex"],"potions_floor_usage":[25],"damage_taken":[{"damage":3.0,"enemies":"Small Slimes","floor":1.0,"turns":2.0},{"damage":2.0,"enemies":"Jaw Worm","floor":4.0,"turns":3.0},{"damage":0.0,"enemies":"2 Louse","floor":5.0,"turns":3.0},{"damage":52.0,"enemies":"Gremlin Nob","floor":7.0,"turns":5.0},{"damage":18.0,"enemies":"Slime Boss","floor":16.0,"turns":15.0},{"damage":16.0,"enemies":"3 Byrds","floor":18.0,"turns":5.0},{"damage":11.0,"enemies":"2 Thieves","floor":19.0,"turns":4.0},{"damage":18.0,"enemies":"3 Cultists","floor":20.0,"turns":4.0},{"damage":36.0,"enemies":"Cultist and Chosen","floor":21.0,"turns":6.0},{"damage":5,"enemies":"Snecko","floor":22,"turns":4},{"damage":23,"enemies":"Book of Stabbing","floor":25,"turns":5}],"seed_played":"-2881574554072502189","potions_obtained":[{"floor":1.0,"key":"EssenceOfSteel"},{"floor":20.0,"key":"GamblersBrew"}],"is_trial":false,"path_per_floor":["M","$","?","M","M","R","E","R","T","R","?","?","R","T","R","B",null,"M","M","M","M","M","R","?","E"],"character_chosen":"DEFECT","items_purchased":["Loop"],"campfire_rested":3,"item_purchase_floors":[2],"current_hp_per_floor":[65,65,58,56,56,56,4,30,30,30,35,35,35,35,63,45,94,78,67,49,13,8,36,20,0],"gold":279,"neow_bonus":"TWENTY_PERCENT_HP_BONUS","is_prod":false,"is_daily":false,"chose_seed":false,"campfire_upgraded":3,"win_rate":0,"timestamp":1555136902,"path_taken":["M","$","?","M","M","R","E","R","T","R","?","?","R","?","R","BOSS","M","M","M","?","M","R","?","E"],"build_version":"2019-01-23","purchased_purges":0,"victory":false,"max_hp_per_floor":[89,89,89,89,89,89,89,89,89,89,94,94,94,94,94,94,94,94,94,94,94,94,94,94,94],"card_choices":[{"not_picked":["Turbo","Rebound"],"picked":"Auto Shields","floor":1.0},{"not_picked":["Turbo","Leap"],"picked":"Glacier","floor":4.0},{"not_picked":["Go for the Eyes","Leap"],"picked":"Darkness","floor":5.0},{"not_picked":["Turbo","Compile Driver"],"picked":"Doom and Gloom","floor":7.0},{"not_picked":["Fission","Buffer"],"picked":"Multi-Cast","floor":16.0},{"not_picked":["Turbo","Doom and Gloom"],"picked":"Conserve Battery","floor":18.0},{"not_picked":["Compile Driver","Gash"],"picked":"Darkness+1","floor":19.0},{"not_picked":["Aggregate+1","Coolheaded"],"picked":"Redo","floor":20.0},{"not_picked":["Thunder Strike","Rebound","Gash"],"picked":"SKIP","floor":21},{"not_picked":["Compile Driver","Coolheaded"],"picked":"Turbo","floor":22}],"player_experience":296358,"relics_obtained":[{"floor":7.0,"key":"Darkstone Periapt"},{"floor":9.0,"key":"Bottled Tornado"},{"floor":14.0,"key":"WingedGreaves"},{"floor":24,"key":"Nilry\u0027s Codex"}],"event_choices":[{"cards_removed":["Strike_B"],"damage_healed":0.0,"max_hp_gain":0.0,"max_hp_loss":0.0,"gold_gain":0.0,"event_name":"Golden Wing","player_choice":"Card Removal","floor":3.0,"gold_loss":0.0,"damage_taken":7.0},{"damage_healed":0.0,"max_hp_gain":5.0,"max_hp_loss":0.0,"gold_gain":0.0,"event_name":"Big Fish","player_choice":"Donut","floor":11.0,"gold_loss":0.0,"damage_taken":0.0},{"damage_healed":0.0,"max_hp_gain":0.0,"max_hp_loss":0.0,"gold_gain":0.0,"event_name":"Liars Game","player_choice":"Ignored","floor":12.0,"gold_loss":0.0,"damage_taken":0.0},{"damage_healed":0,"gold_gain":0,"player_choice":"Obtained Book","damage_taken":16,"max_hp_gain":0,"max_hp_loss":0,"event_name":"Cursed Tome","floor":24,"gold_loss":0}],"is_beta":false,"boss_relics":[{"not_picked":["Nuclear Battery","Black Star"],"picked":"Cursed Key"}],"items_purged_floors":[],"is_endless":false,"potions_floor_spawned":[1,20],"killed_by":"Book of Stabbing","ascension_level":3}