{"gold_per_floor":[11,11,11,28,38,38,63,77,77,108,33,33,44,57,57,159,209,225,324,324,75,75,101,113,53,53,64,78,78,93,113,113,215,215,232,232,232,1231,992,992,1010,1010,1010,0,0,0,0,0,0,0],"floor_reached":50,"playtime":4363,"items_purged":["Strike_B","Strike_B","Normality"],"score":518,"play_id":"6025c943-30be-49d5-b203-dac057843b97","local_time":"20181126221903","is_ascension_mode":false,"campfire_choices":[{"floor":6.0,"key":"REST"},{"floor":15.0,"key":"REST"},{"floor":32.0,"key":"REST"},{"floor":40.0,"key":"REST"},{"data":"Creative AI","floor":42.0,"key":"SMITH"},{"floor":49.0,"key":"REST"}],"neow_cost":"NO_GOLD","seed_source_timestamp":0,"circlet_count":0,"master_deck":["Strike_B+1","Defend_B+1","Defend_B","Defend_B+1","Defend_B","Zap","Dualcast","Ball Lightning","Ball Lightning","Self Repair","Hologram","Cold Snap","Creative AI+1","BootSequence","Ball Lightning+1","Loop+1","Tempest+1","Defragment","Cold Snap","Capacitor+1","Barrage+1","Sunder","Echo Form+1","Normality","Madness","Madness","Impatience","Thinking Ahead"],"special_seed":0,"relics":["Cracked Core","Thread and Needle","Ancient Tea Set","Bronze Scales","Question Card","Tiny House","Membership Card","WingedGreaves","Unceasing Top","Frozen Egg 2","Lizard Tail","Bag of Marbles","Strange Spoon","Cables","Red Mask","Dead Branch"],"potions_floor_usage":[],"damage_taken":[{"damage":1.0,"enemies":"2 Louse","floor":1.0,"turns":2.0},{"damage":0.0,"enemies":"Jaw Worm","floor":4.0,"turns":2.0},{"damage":0.0,"enemies":"Small Slimes","floor":5.0,"turns":2.0},{"damage":19.0,"enemies":"Gremlin Nob","floor":7.0,"turns":4.0},{"damage":3.0,"enemies":"2 Fungi Beasts","floor":8.0,"turns":3.0},{"damage":19.0,"enemies":"Lagavulin","floor":10.0,"turns":6.0},{"damage":6.0,"enemies":"3 Louse","floor":13.0,"turns":3.0},{"damage":6.0,"enemies":"Gremlin Gang","floor":14.0,"turns":2.0},{"damage":50.0,"enemies":"Hexaghost","floor":16.0,"turns":8.0},{"damage":8.0,"enemies":"Shell Parasite","floor":18.0,"turns":5.0},{"damage":25.0,"enemies":"Slavers","floor":23.0,"turns":4.0},{"damage":9.0,"enemies":"3 Byrds","floor":24.0,"turns":3.0},{"damage":2.0,"enemies":"Centurion and Healer","floor":27.0,"turns":8.0},{"damage":4.0,"enemies":"Cultist and Chosen","floor":28.0,"turns":6.0},{"damage":4.0,"enemies":"Shelled Parasite and Fungi","floor":30.0,"turns":5.0},{"damage":2.0,"enemies":"Snecko","floor":31.0,"turns":4.0},{"damage":31.0,"enemies":"Collector","floor":33.0,"turns":7.0},{"damage":45.0,"enemies":"3 Darklings","floor":35.0,"turns":7.0},{"damage":15.0,"enemies":"Orb Walker","floor":41.0,"turns":4.0},{"damage":145,"enemies":"Donu and Deca","floor":50,"turns":8}],"seed_played":"2301289134094561446","potions_obtained":[{"floor":1.0,"key":"PowerPotion"},{"floor":7.0,"key":"Fire Potion"},{"floor":13.0,"key":"FearPotion"},{"floor":16.0,"key":"Block Potion"},{"floor":17.0,"key":"EntropicBrew"}],"is_trial":false,"path_per_floor":["M","?","?","M","M","R","E","M","T","E","$","?","M","M","R","B",null,"M","?","?","$","?","E","M","$","T","M","M","?","M","M","R","B",null,"M","$","?","?","$","R","M","R","T","?","T","?","$","?","R","B"],"character_chosen":"DEFECT","items_purchased":["Membership Card","Defragment","Cold Snap","Bag of Marbles","Strange Spoon"],"campfire_rested":5,"item_purchase_floors":[21,25,25,39,39],"current_hp_per_floor":[74,67,52,52,52,74,62,59,59,47,47,47,48,49,71,21,80,72,72,72,72,57,32,30,30,30,35,38,38,41,46,71,40,85,47,47,47,47,47,72,71,71,71,71,71,60,60,55,80,0],"gold":0,"neow_bonus":"ONE_RARE_RELIC","is_prod":false,"is_daily":false,"chose_seed":false,"campfire_upgraded":1,"win_rate":0,"timestamp":1543238343,"path_taken":["M","?","?","M","M","R","E","M","T","E","$","?","M","M","R","BOSS","M","?","?","$","?","E","M","$","T","M","M","?","?","M","R","BOSS","M","$","?","?","$","R","M","R","T","?","?","?","?","?","R","BOSS"],"build_version":"2018-11-15","purchased_purges":3,"victory":false,"max_hp_per_floor":[75,75,75,75,75,75,75,75,75,75,75,75,75,75,75,75,80,80,80,80,80,85,85,85,85,85,85,85,85,85,85,85,85,85,85,85,85,85,85,85,85,85,85,85,85,85,85,85,85,85],"card_choices":[{"not_picked":["Hologram","Barrage"],"picked":"Ball Lightning","floor":1.0},{"not_picked":["Fission","Leap"],"picked":"Ball Lightning","floor":4.0},{"not_picked":["Turbo","Sweeping Beam"],"picked":"Self Repair","floor":5.0},{"not_picked":["Stack","Reboot"],"picked":"Hologram","floor":7.0},{"not_picked":["Barrage","Compile Driver"],"picked":"Hologram","floor":8.0},{"not_picked":["Auto Shields","Redo","Steam"],"picked":"SKIP","floor":10.0},{"not_picked":["Beam Cell","Blizzard","Static Discharge"],"picked":"Cold Snap","floor":13.0},{"not_picked":["Redo","White Noise","Auto Shields","Buffer"],"picked":"SKIP","floor":14.0},{"not_picked":["Hyperbeam","Machine Learning","Reboot"],"picked":"Creative AI","floor":16.0},{"not_picked":["Beam Cell","Sweeping Beam","Steam Power"],"picked":"BootSequence","floor":17.0},{"not_picked":["Rebound","Barrage","All For One"],"picked":"Ball Lightning+1","floor":18.0},{"not_picked":["Turbo+1","Rebound","Coolheaded+1"],"picked":"Loop+1","floor":23.0},{"not_picked":["Double Energy","White Noise","Loop"],"picked":"Tempest+1","floor":24.0},{"not_picked":["Scrape","Barrage","Go for the Eyes+1"],"picked":"Capacitor+1","floor":27.0},{"not_picked":["Storm","BootSequence+1","Reprogram"],"picked":"Barrage+1","floor":28.0},{"not_picked":["Barrage","Sweeping Beam","Seek"],"picked":"Sunder","floor":30.0},{"not_picked":["Ball Lightning","Gash","Conserve Battery+1","Leap"],"picked":"SKIP","floor":31.0},{"not_picked":["Multi-Cast","All For One","Reboot"],"picked":"Echo Form+1","floor":33.0},{"not_picked":["Steam+1","Leap","Compile Driver+1","Turbo+1"],"picked":"SKIP","floor":35.0},{"not_picked":["Rebound+1","Stack+1","Sweeping Beam","Compile Driver"],"picked":"SKIP","floor":41.0},{"not_picked":["Mind Blast","Bandage Up","Blind"],"picked":"Impatience","floor":48.0},{"not_picked":["Good Instincts","Deep Breath","Forethought"],"picked":"Thinking Ahead","floor":48.0}],"player_experience":109521,"relics_obtained":[{"floor":7.0,"key":"Ancient Tea Set"},{"floor":9.0,"key":"Bronze Scales"},{"floor":10.0,"key":"Question Card"},{"floor":23.0,"key":"WingedGreaves"},{"floor":26.0,"key":"Unceasing Top"},{"floor":43.0,"key":"Cables"},{"floor":45.0,"key":"Dead Branch"}],"event_choices":[{"cards_removed":["Strike_B"],"damage_healed":0.0,"max_hp_gain":0.0,"max_hp_loss":0.0,"gold_gain":0.0,"event_name":"Golden Wing","player_choice":"Card Removal","floor":2.0,"gold_loss":0.0,"damage_taken":7.0},{"damage_healed":0.0,"max_hp_gain":0.0,"max_hp_loss":0.0,"gold_gain":0.0,"event_name":"Shining Light","player_choice":"Entered Light","floor":3.0,"gold_loss":0.0,"damage_taken":15.0,"cards_upgraded":["Strike_B","Defend_B"]},{"damage_healed":0.0,"max_hp_gain":0.0,"max_hp_loss":0.0,"gold_gain":0.0,"event_name":"The Cleric","player_choice":"Leave","floor":12.0,"gold_loss":0.0,"damage_taken":0.0},{"damage_healed":0.0,"max_hp_gain":0.0,"max_hp_loss":0.0,"gold_gain":99.0,"event_name":"Nest","player_choice":"Stole From Cult","floor":19.0,"gold_loss":0.0,"damage_taken":0.0},{"damage_healed":0.0,"max_hp_gain":0.0,"max_hp_loss":0.0,"gold_gain":0.0,"event_name":"Vampires","player_choice":"Ignored","floor":20.0,"gold_loss":0.0,"damage_taken":0.0},{"damage_healed":0.0,"max_hp_gain":5.0,"max_hp_loss":0.0,"gold_gain":0.0,"event_name":"Forgotten Altar","player_choice":"Shed Blood","floor":22.0,"gold_loss":0.0,"damage_taken":20.0},{"cards_removed":["Hologram"],"damage_healed":0.0,"max_hp_gain":0.0,"max_hp_loss":0.0,"gold_gain":0.0,"event_name":"WeMeetAgain","player_choice":"Gave Card","floor":29.0,"gold_loss":0.0,"damage_taken":0.0,"relics_obtained":["Frozen Egg 2"]},{"damage_healed":0.0,"max_hp_gain":0.0,"max_hp_loss":0.0,"gold_gain":0.0,"event_name":"Mysterious Sphere","player_choice":"Ignored","floor":37.0,"gold_loss":0.0,"damage_taken":0.0},{"damage_healed":0.0,"max_hp_gain":0.0,"max_hp_loss":0.0,"gold_gain":999.0,"event_name":"MindBloom","player_choice":"Gold","floor":38.0,"gold_loss":0.0,"damage_taken":0.0,"cards_obtained":["Normality","Normality"]},{"damage_healed":0.0,"max_hp_gain":0.0,"max_hp_loss":0.0,"gold_gain":0.0,"event_name":"Tomb of Lord Red Mask","player_choice":"Paid","floor":44.0,"gold_loss":1010.0,"damage_taken":0.0,"relics_obtained":["Red Mask"]},{"damage_healed":0.0,"max_hp_gain":0.0,"max_hp_loss":0.0,"gold_gain":0.0,"event_name":"Winding Halls","player_choice":"Embrace Madness","floor":46.0,"gold_loss":0.0,"damage_taken":11.0,"cards_obtained":["Madness","Madness"]},{"damage_healed":0.0,"max_hp_gain":0.0,"max_hp_loss":0.0,"gold_gain":0.0,"event_name":"SensoryStone","player_choice":"Memory 2","floor":48.0,"gold_loss":0.0,"damage_taken":5.0}],"is_beta":false,"boss_relics":[{"not_picked":["White Beast Statue","Coffee Dripper"],"picked":"Tiny House"},{"not_picked":["Cursed Key","Orrery"],"picked":"Lizard Tail"}],"items_purged_floors":[11,21,39],"is_endless":false,"potions_floor_spawned":[1,7,13,16,27,31],"killed_by":"Donu and Deca","ascension_level":0}