{"gold_per_floor":[112,125,125,141,158,183,183,197,197,214,15,15,15,30,30,30],"floor_reached":16,"playtime":671,"items_purged":[],"score":156,"play_id":"56f318fc-6744-4ec5-89e1-5a9b1a1e46d9","local_time":"20190126205500","is_ascension_mode":true,"campfire_choices":[{"floor":7,"key":"REST"},{"floor":15,"key":"REST"}],"neow_cost":"NONE","seed_source_timestamp":270653942471500,"circlet_count":0,"master_deck":["AscendersBane","Strike_R","Strike_R","Strike_R","Strike_R","Strike_R","Defend_R","Defend_R","Defend_R","Defend_R","Bash","Heavy Blade","Perfected Strike+1","Dropkick","Heavy Blade","Disarm","Flame Barrier","Flex","Thunderclap"],"relics":["Burning Blood","PreservedInsect","Mercury Hourglass","Membership Card","Ornamental Fan"],"potions_floor_usage":[4,6,8,10],"damage_taken":[{"damage":5,"enemies":"Small Slimes","floor":1,"turns":5},{"damage":10,"enemies":"Cultist","floor":2,"turns":5},{"damage":2,"enemies":"2 Louse","floor":4,"turns":2},{"damage":40,"enemies":"Gremlin Gang","floor":5,"turns":6},{"damage":40,"enemies":"Lagavulin","floor":6,"turns":6},{"damage":17,"enemies":"Exordium Thugs","floor":8,"turns":6},{"damage":18,"enemies":"Large Slime","floor":10,"turns":6},{"damage":3,"enemies":"Lots of Slimes","floor":14,"turns":3},{"damage":74,"enemies":"Hexaghost","floor":16,"turns":12}],"seed_played":"1671397531315226627","potions_obtained":[{"floor":2,"key":"FearPotion"},{"floor":5,"key":"Poison Potion"},{"floor":6,"key":"Poison Potion"},{"floor":8,"key":"EssenceOfSteel"}],"is_trial":false,"path_per_floor":["M","M","?","M","M","E","R","M","T","M","$","?","?","M","R","B"],"character_chosen":"IRONCLAD","items_purchased":["Membership Card"],"campfire_rested":2,"item_purchase_floors":[11],"current_hp_per_floor":[81,77,77,81,47,13,39,28,28,16,16,45,45,48,74,0],"gold":30,"neow_bonus":"TEN_PERCENT_HP_BONUS","is_prod":false,"is_daily":false,"chose_seed":false,"campfire_upgraded":0,"win_rate":0,"timestamp":1548532500,"path_taken":["M","M","?","M","?","E","R","M","T","M","$","?","?","?","R","BOSS"],"build_version":"2019-01-23","purchased_purges":0,"victory":false,"max_hp_per_floor":[88,88,88,88,88,88,88,88,88,88,88,88,88,88,88,88],"card_choices":[{"not_picked":["True Grit","Iron Wave"],"picked":"Heavy Blade","floor":1},{"not_picked":["Dropkick","Sentinel"],"picked":"Perfected Strike","floor":2},{"not_picked":["Body Slam","Rupture"],"picked":"Dropkick","floor":4},{"not_picked":["Metallicize","Shockwave"],"picked":"Heavy Blade","floor":5},{"not_picked":["Cleave","Wild Strike"],"picked":"Disarm","floor":6},{"not_picked":["Metallicize","Combust"],"picked":"Flame Barrier","floor":8},{"not_picked":["Pommel Strike","Whirlwind"],"picked":"Flex","floor":10},{"not_picked":["Anger","Perfected Strike"],"picked":"Thunderclap","floor":14}],"player_experience":1322058,"relics_obtained":[{"floor":6,"key":"PreservedInsect"},{"floor":9,"key":"Mercury Hourglass"},{"floor":13,"key":"Ornamental Fan"}],"event_choices":[{"damage_healed":0,"gold_gain":0,"player_choice":"Upgraded","damage_taken":0,"max_hp_gain":0,"max_hp_loss":0,"event_name":"Upgrade Shrine","floor":3,"gold_loss":0,"cards_upgraded":["Perfected Strike"]},{"damage_healed":29,"gold_gain":0,"player_choice":"Banana","damage_taken":0,"max_hp_gain":0,"max_hp_loss":0,"event_name":"Big Fish","floor":12,"gold_loss":0},{"damage_healed":0,"gold_gain":0,"player_choice":"Relic","damage_taken":0,"max_hp_gain":0,"max_hp_loss":0,"event_name":"Wheel of Change","floor":13,"gold_loss":0}],"is_beta":false,"boss_relics":[],"items_purged_floors":[],"is_endless":false,"potions_floor_spawned":[2,5,6,8],"killed_by":"Hexaghost","ascension_level":10}