{"gold_per_floor":[114,175,186,186,199,199,214,243,243,243,36,36,61,61,61,191,191,207,6,19,0,0,0,33,45],"floor_reached":25,"playtime":1084,"items_purged":["Injury"],"score":354,"play_id":"2d380b6d-693a-4cb1-a8a4-4055ef6d29a5","local_time":"20190225221640","is_ascension_mode":true,"campfire_choices":[{"data":"Bash","floor":6,"key":"SMITH"},{"data":"Pommel Strike","floor":12,"key":"SMITH"},{"data":"Disarm","floor":15,"key":"SMITH"},{"floor":23,"key":"REST"}],"neow_cost":"NONE","seed_source_timestamp":90097989410000,"circlet_count":0,"master_deck":["AscendersBane","Strike_R","Strike_R","Strike_R","Strike_R","Defend_R","Defend_R","Defend_R","Defend_R","Bash+1","Clash","Headbutt","Flex","Cleave","Disarm+1","Pommel Strike+1","Shrug It Off","Double Tap","Dual Wield","Whirlwind","Evolve"],"relics":["Burning Blood","NeowsBlessing","Darkstone Periapt","Mango","Golden Idol","Sling","Black Star","Tiny Chest","Shovel","MawBank"],"potions_floor_usage":[8,20,24],"damage_taken":[{"damage":0,"enemies":"Jaw Worm","floor":1,"turns":1},{"damage":0,"enemies":"2 Louse","floor":3,"turns":1},{"damage":0,"enemies":"Cultist","floor":5,"turns":1},{"damage":16,"enemies":"Blue Slaver","floor":7,"turns":4},{"damage":15,"enemies":"3 Sentries","floor":8,"turns":6},{"damage":12,"enemies":"Looter","floor":13,"turns":3},{"damage":61,"enemies":"Hexaghost","floor":16,"turns":12},{"damage":25,"enemies":"Spheric Guardian","floor":18,"turns":4},{"damage":20,"enemies":"Shell Parasite","floor":20,"turns":4},{"damage":55,"enemies":"Slavers","floor":24,"turns":6},{"damage":46,"enemies":"Chosen and Byrds","floor":25,"turns":7}],"seed_played":"3135785662389437837","potions_obtained":[{"floor":1,"key":"AttackPotion"},{"floor":8,"key":"FairyPotion"},{"floor":16,"key":"FearPotion"},{"floor":18,"key":"PowerPotion"}],"is_trial":false,"path_per_floor":["M","?","M","?","M","R","M","E","T","?","$","R","M","?","R","B",null,"M","$","M","?","?","R","E","M"],"character_chosen":"IRONCLAD","items_purchased":["Sling","Tiny Chest"],"campfire_rested":1,"item_purchase_floors":[11,19],"current_hp_per_floor":[78,78,80,80,80,80,70,61,75,81,81,81,75,75,75,20,80,61,61,47,47,47,77,28,0],"gold":45,"neow_bonus":"THREE_ENEMY_KILL","is_prod":false,"is_daily":false,"chose_seed":false,"campfire_upgraded":3,"win_rate":0,"timestamp":1551129400,"path_taken":["M","?","M","?","M","R","?","E","T","?","$","R","M","?","R","BOSS","M","$","?","?","?","R","E","M"],"build_version":"2019-01-23","purchased_purges":1,"victory":false,"max_hp_per_floor":[80,80,80,80,80,80,80,80,94,100,100,100,100,100,100,100,100,100,100,100,100,100,100,100,100],"card_choices":[{"not_picked":["Bloodletting","Armaments"],"picked":"Clash","floor":1},{"not_picked":["Heavy Blade","Havoc"],"picked":"Headbutt","floor":3},{"not_picked":["Iron Wave","Sentinel"],"picked":"Cleave","floor":5},{"not_picked":["Evolve","Clash"],"picked":"Disarm","floor":7},{"not_picked":["Reckless Charge","Corruption"],"picked":"Pommel Strike","floor":8},{"not_picked":["Warcry","Fire Breathing","Havoc"],"picked":"SKIP","floor":13},{"not_picked":["Brutality","Reaper"],"picked":"Double Tap","floor":16},{"not_picked":["Shrug It Off+1","Clothesline"],"picked":"Dual Wield","floor":18},{"not_picked":["Carnage","Perfected Strike"],"picked":"Whirlwind","floor":20},{"not_picked":["Rupture","Burning Pact+1"],"picked":"Evolve","floor":24}],"player_experience":1436055,"relics_obtained":[{"floor":8,"key":"Darkstone Periapt"},{"floor":9,"key":"Mango"},{"floor":24,"key":"Shovel"},{"floor":24,"key":"MawBank"}],"event_choices":[{"damage_healed":0,"gold_gain":61,"player_choice":"Gained Gold","damage_taken":0,"max_hp_gain":0,"max_hp_loss":0,"event_name":"Golden Wing","floor":2,"gold_loss":0},{"damage_healed":0,"gold_gain":0,"player_choice":"1 cards matched","damage_taken":0,"max_hp_gain":0,"max_hp_loss":0,"event_name":"Match and Keep!","floor":4,"gold_loss":0,"cards_obtained":["Flex"]},{"damage_healed":0,"gold_gain":0,"player_choice":"Take Wound","damage_taken":0,"relics_obtained":["Golden Idol"],"max_hp_gain":0,"max_hp_loss":0,"event_name":"Golden Idol","floor":10,"gold_loss":0,"cards_obtained":["Injury"]},{"damage_healed":0,"gold_gain":0,"cards_transformed":["Strike_R"],"player_choice":"Transformed","damage_taken":0,"max_hp_gain":0,"max_hp_loss":0,"event_name":"Transmorgrifier","floor":14,"gold_loss":0,"cards_obtained":["Shrug It Off"]},{"damage_healed":0,"gold_gain":0,"player_choice":"Paid Fearfully","damage_taken":0,"max_hp_gain":0,"max_hp_loss":0,"event_name":"Masked Bandits","floor":21,"gold_loss":19},{"damage_healed":0,"gold_gain":0,"player_choice":"Ignored","damage_taken":0,"max_hp_gain":0,"max_hp_loss":0,"event_name":"Ghosts","floor":22,"gold_loss":0}],"is_beta":false,"boss_relics":[{"not_picked":["Runic Dome","Tiny House"],"picked":"Black Star"}],"items_purged_floors":[19],"is_endless":false,"potions_floor_spawned":[1,8,16,18],"killed_by":"Chosen and Byrds","ascension_level":10}