{"gold_per_floor":[12,12,31,97,97,154,165,165,191,191,203,232,242,257,257,257],"floor_reached":16,"playtime":545,"items_purged":[],"score":174,"play_id":"317fb673-5614-43b8-9c9f-d7e9197c257c","local_time":"20190419025006","is_ascension_mode":true,"campfire_choices":[{"floor":8,"key":"REST"},{"floor":10,"key":"DIG"},{"floor":15,"key":"REST"}],"neow_cost":"NO_GOLD","seed_source_timestamp":108093349473500,"circlet_count":0,"master_deck":["AscendersBane","Defend_G","Defend_G","Defend_G","Defend_G","Defend_G","Strike_G","Strike_G","Strike_G","Strike_G","Strike_G","Survivor","Neutralize","All Out Attack","Infinite Blades","Cloak And Dagger","Blade Dance","Bullet Time","PiercingWail"],"relics":["Ring of the Snake","Shovel","Tiny Chest","Strawberry","Letter Opener","Regal Pillow"],"potions_floor_usage":[6,7,13,14],"damage_taken":[{"damage":10,"enemies":"Cultist","floor":1,"turns":5},{"damage":0,"enemies":"2 Louse","floor":3,"turns":3},{"damage":53,"enemies":"Gremlin Nob","floor":6,"turns":6},{"damage":0,"enemies":"Small Slimes","floor":7,"turns":2},{"damage":16,"enemies":"3 Louse","floor":11,"turns":4},{"damage":24,"enemies":"Lagavulin","floor":12,"turns":8},{"damage":3,"enemies":"Blue Slaver","floor":13,"turns":4},{"damage":0,"enemies":"Looter","floor":14,"turns":2},{"damage":57,"enemies":"Hexaghost","floor":16,"turns":12}],"seed_played":"-4367857743359073783","potions_obtained":[{"floor":1,"key":"Fire Potion"},{"floor":6,"key":"SteroidPotion"},{"floor":12,"key":"Regen Potion"},{"floor":13,"key":"PowerPotion"}],"is_trial":false,"path_per_floor":["M","$","M","?","?","E","M","R","T","R","M","E","M","M","R","B"],"character_chosen":"THE_SILENT","items_purchased":[],"campfire_rested":2,"item_purchase_floors":[],"current_hp_per_floor":[53,53,53,53,70,17,17,38,45,45,29,5,14,14,52,0],"gold":257,"neow_bonus":"ONE_RARE_RELIC","is_prod":false,"is_daily":false,"chose_seed":false,"campfire_upgraded":0,"win_rate":0,"timestamp":1555635006,"path_taken":["M","$","M","?","?","E","?","R","T","R","M","E","M","M","R","BOSS"],"build_version":"2019-01-23","purchased_purges":0,"victory":false,"max_hp_per_floor":[70,70,70,70,70,70,70,70,77,77,77,77,77,77,77,77],"card_choices":[{"not_picked":["Deflect","Finisher"],"picked":"Endless Agony","floor":1},{"not_picked":["Backflip","Deadly Poison"],"picked":"All Out Attack","floor":3},{"not_picked":["Sucker Punch","Choke"],"picked":"Infinite Blades","floor":6},{"not_picked":["Underhanded Strike","Blur"],"picked":"Cloak And Dagger","floor":7},{"not_picked":["Bane","Acrobatics"],"picked":"Blade Dance","floor":11},{"not_picked":["Concentrate","Quick Slash"],"picked":"Bullet Time","floor":12},{"not_picked":["Prepared","Dodge and Roll"],"picked":"PiercingWail","floor":13},{"not_picked":["Dagger Throw","Deflect","Backflip"],"picked":"SKIP","floor":14}],"player_experience":1741915,"relics_obtained":[{"floor":6,"key":"Tiny Chest"},{"floor":9,"key":"Strawberry"},{"floor":10,"key":"Letter Opener"},{"floor":12,"key":"Regal Pillow"}],"event_choices":[{"damage_healed":0,"gold_gain":66,"player_choice":"Gained Gold","damage_taken":0,"max_hp_gain":0,"max_hp_loss":0,"event_name":"Golden Wing","floor":4,"gold_loss":0},{"cards_removed":["Endless Agony"],"damage_healed":17,"gold_gain":0,"player_choice":"Offered Uncommon","damage_taken":0,"max_hp_gain":0,"max_hp_loss":0,"event_name":"Bonfire Elementals","floor":5,"gold_loss":0}],"is_beta":false,"boss_relics":[],"items_purged_floors":[],"is_endless":false,"potions_floor_spawned":[1,6,12,13],"killed_by":"Hexaghost","ascension_level":11}