{"gold_per_floor":[119,119,194,194,194,229,229,260,260,270,289,303,32,52,52,126,126,141,152,152,152,19,19,51,51,97,97,110,110,20,34,34,34],"floor_reached":33,"playtime":1492,"items_purged":[],"score":533,"play_id":"aa5c0dcf-c291-40bb-8440-30ef9df6b945","local_time":"20190429153136","is_ascension_mode":true,"campfire_choices":[{"data":"Corpse Explosion","floor":7,"key":"SMITH"},{"floor":15,"key":"REST"},{"floor":23,"key":"REST"},{"floor":29,"key":"REST"},{"data":"A Thousand Cuts","floor":32,"key":"SMITH"}],"neow_cost":"NONE","seed_source_timestamp":30908966278836,"circlet_count":0,"master_deck":["AscendersBane","Defend_G","Defend_G","Defend_G+1","Defend_G","Defend_G","Strike_G","Strike_G","Strike_G","Strike_G+1","Survivor","Neutralize","Riddle With Holes","Corpse Explosion+1","Endless Agony","Deflect","Dash","Bane","Mayhem","Dark Shackles","Blur","Glass Knife","Crippling Poison","Dash","Choke","Swift Strike","Predator","Slice","PiercingWail","Swift Strike","A Thousand Cuts+1"],"relics":["Ring of the Snake","NeowsBlessing","Nunchaku","FossilizedHelix","Juzu Bracelet","Blue Candle","Runic Pyramid","Lantern","Pen Nib","Dream Catcher"],"potions_floor_usage":[16,16,18,24,28,33],"damage_taken":[{"damage":0,"enemies":"2 Louse","floor":1,"turns":1},{"damage":0,"enemies":"Gremlin Nob","floor":6,"turns":1},{"damage":0,"enemies":"3 Sentries","floor":8,"turns":1},{"damage":0,"enemies":"Small Slimes","floor":10,"turns":3},{"damage":0,"enemies":"Jaw Worm","floor":11,"turns":3},{"damage":0,"enemies":"Red Slaver","floor":12,"turns":3},{"damage":0,"enemies":"Looter","floor":14,"turns":4},{"damage":38,"enemies":"Hexaghost","floor":16,"turns":11},{"damage":8,"enemies":"2 Thieves","floor":18,"turns":3},{"damage":5,"enemies":"Shell Parasite","floor":19,"turns":7},{"damage":49,"enemies":"Book of Stabbing","floor":24,"turns":6},{"damage":0,"enemies":"Snecko","floor":28,"turns":4},{"damage":0,"enemies":"3 Cultists","floor":31,"turns":6},{"damage":72,"enemies":"Champ","floor":33,"turns":10}],"seed_played":"4792452450154196043","potions_obtained":[{"floor":1,"key":"FearPotion"},{"floor":12,"key":"FearPotion"},{"floor":16,"key":"AttackPotion"},{"floor":18,"key":"AttackPotion"},{"floor":19,"key":"Ancient Potion"},{"floor":28,"key":"Ancient Potion"}],"is_trial":false,"path_per_floor":["M","?","?","?","?","E","R","E","T","M","M","M","$","M","R","B",null,"M","M","?","?","$","R","E","?","T","?","M","R","$","M","R","B"],"character_chosen":"THE_SILENT","items_purchased":["Mayhem","Dark Shackles","Choke","Swift Strike","Swift Strike"],"campfire_rested":3,"item_purchase_floors":[13,13,22,22,30],"current_hp_per_floor":[63,56,45,31,31,31,31,31,31,31,31,31,31,31,52,14,56,48,43,43,43,43,64,15,38,38,38,38,59,59,59,59,0],"gold":34,"neow_bonus":"THREE_ENEMY_KILL","is_prod":false,"is_daily":false,"chose_seed":false,"campfire_upgraded":2,"win_rate":0,"timestamp":1556577096,"path_taken":["M","?","?","?","?","E","R","E","T","M","M","M","$","M","R","BOSS","M","M","?","?","$","R","E","?","T","?","M","R","?","M","R","BOSS"],"build_version":"2019-01-23","purchased_purges":0,"victory":false,"max_hp_per_floor":[70,70,70,70,70,70,70,70,70,70,70,70,70,70,70,70,70,70,70,70,70,70,70,70,70,70,70,70,70,70,70,70,70],"card_choices":[{"not_picked":["Prepared","Deflect"],"picked":"Riddle With Holes","floor":1},{"not_picked":["Blade Dance","Acrobatics"],"picked":"Corpse Explosion","floor":6},{"not_picked":["Slice","Deflect"],"picked":"Endless Agony","floor":8},{"not_picked":["Quick Slash","Eviscerate"],"picked":"Deflect","floor":10},{"not_picked":["Dodge and Roll","Distraction"],"picked":"Dash","floor":11},{"not_picked":["Poisoned Stab","Quick Slash"],"picked":"Bane","floor":12},{"not_picked":["Dodge and Roll","Flying Knee"],"picked":"Blur","floor":14},{"not_picked":["Venomology","Bullet Time"],"picked":"Glass Knife","floor":16},{"not_picked":["Flying Knee","Underhanded Strike"],"picked":"Crippling Poison","floor":18},{"not_picked":["Quick Slash","Setup+1"],"picked":"Dash","floor":19},{"not_picked":["Accuracy","Acrobatics"],"picked":"Predator","floor":24},{"not_picked":["Accuracy","Blade Dance"],"picked":"Slice","floor":28},{"not_picked":["Backflip","Dodge and Roll"],"picked":"PiercingWail","floor":29},{"not_picked":["Eviscerate","Blade Dance"],"picked":"A Thousand Cuts","floor":31}],"player_experience":1515067,"relics_obtained":[{"floor":6,"key":"FossilizedHelix"},{"floor":8,"key":"Juzu Bracelet"},{"floor":9,"key":"Blue Candle"},{"floor":24,"key":"Pen Nib"},{"floor":26,"key":"Dream Catcher"}],"event_choices":[{"cards_removed":["Strike_G"],"damage_healed":0,"gold_gain":0,"player_choice":"Card Removal","damage_taken":7,"max_hp_gain":0,"max_hp_loss":0,"event_name":"Golden Wing","floor":2,"gold_loss":0},{"damage_healed":0,"gold_gain":75,"player_choice":"Gather Gold","damage_taken":11,"max_hp_gain":0,"max_hp_loss":0,"event_name":"World of Goop","floor":3,"gold_loss":0},{"damage_healed":0,"gold_gain":0,"player_choice":"Entered Light","damage_taken":14,"max_hp_gain":0,"max_hp_loss":0,"event_name":"Shining Light","floor":4,"gold_loss":0,"cards_upgraded":["Defend_G","Strike_G"]},{"damage_healed":0,"gold_gain":0,"player_choice":"Box","damage_taken":0,"relics_obtained":["Nunchaku"],"max_hp_gain":0,"max_hp_loss":0,"event_name":"Big Fish","floor":5,"gold_loss":0,"cards_obtained":["Regret"]},{"damage_healed":0,"gold_gain":0,"player_choice":"Ignored","damage_taken":0,"max_hp_gain":0,"max_hp_loss":0,"event_name":"Vampires","floor":20,"gold_loss":0},{"damage_healed":0,"gold_gain":0,"player_choice":"Opened","damage_taken":0,"relics_obtained":["Lantern"],"max_hp_gain":0,"max_hp_loss":0,"event_name":"The Mausoleum","floor":21,"gold_loss":0},{"damage_healed":23,"gold_gain":0,"player_choice":"Heal","damage_taken":0,"max_hp_gain":0,"max_hp_loss":0,"event_name":"The Library","floor":25,"gold_loss":0},{"cards_removed":["Regret"],"damage_healed":0,"gold_gain":0,"player_choice":"Removed Curses","damage_taken":0,"max_hp_gain":0,"max_hp_loss":0,"event_name":"Fountain of Cleansing","floor":27,"gold_loss":0}],"is_beta":false,"boss_relics":[{"not_picked":["Lizard Tail","WristBlade"],"picked":"Runic Pyramid"}],"items_purged_floors":[],"is_endless":false,"potions_floor_spawned":[1,12,16,18,19,28],"killed_by":"Champ","ascension_level":13}