{"gold_per_floor":[117,128,191,210,4,4,39,59,59,59,81,115,94,112,112,214,214,230,230],"floor_reached":19,"playtime":738,"items_purged":[],"score":353,"play_id":"06c85d59-8ec3-4722-a1a4-61c12835e0b8","local_time":"20190125192532","is_ascension_mode":true,"campfire_choices":[{"data":"Redo","floor":6,"key":"SMITH"},{"data":"Defragment","floor":10,"key":"SMITH"},{"floor":15,"key":"REST"}],"neow_cost":"NONE","seed_source_timestamp":178818760433800,"circlet_count":0,"master_deck":["Strike_B","Strike_B","Strike_B","Strike_B","Defend_B","Defend_B","Defend_B","Defend_B","Zap","Dualcast","Melter","Redo+1","Undo","Defragment+1","Doom and Gloom","Tempest","White Noise","Echo Form","Hologram+1"],"relics":["Cracked Core","PreservedInsect","Chemical X","Singing Bowl","Kunai","Odd Mushroom","Question Card","Nuclear Battery"],"potions_floor_usage":[7,11,14,16,19,19],"damage_taken":[{"damage":7,"enemies":"Jaw Worm","floor":1,"turns":3},{"damage":0,"enemies":"2 Louse","floor":2,"turns":2},{"damage":0,"enemies":"Small Slimes","floor":4,"turns":2},{"damage":0,"enemies":"Gremlin Nob","floor":7,"turns":2},{"damage":1,"enemies":"3 Louse","floor":8,"turns":3},{"damage":17,"enemies":"The Mushroom Lair","floor":11,"turns":3},{"damage":35,"enemies":"Lagavulin","floor":12,"turns":6},{"damage":1,"enemies":"Exordium Thugs","floor":14,"turns":3},{"damage":0,"enemies":"Slime Boss","floor":16,"turns":5},{"damage":23,"enemies":"Shell Parasite","floor":18,"turns":4},{"damage":58,"enemies":"Masked Bandits","floor":19,"turns":3}],"seed_played":"2121464475075970212","potions_obtained":[{"floor":4,"key":"AttackPotion"},{"floor":7,"key":"Poison Potion"},{"floor":12,"key":"Block Potion"},{"floor":14,"key":"Swift Potion"},{"floor":16,"key":"Regen Potion"},{"floor":18,"key":"Poison Potion"}],"is_trial":false,"path_per_floor":["M","M","?","M","$","R","E","M","T","R","?","E","?","M","R","B",null,"M","?"],"character_chosen":"DEFECT","items_purchased":["Chemical X"],"campfire_rested":1,"item_purchase_floors":[5],"current_hp_per_floor":[61,61,61,61,61,61,61,62,62,62,45,10,10,9,32,32,66,43,0],"gold":230,"neow_bonus":"RANDOM_COMMON_RELIC","is_prod":false,"is_daily":false,"chose_seed":false,"campfire_upgraded":2,"win_rate":0,"timestamp":1548440732,"path_taken":["M","M","?","M","$","R","E","M","T","R","?","E","?","?","R","BOSS","M","?"],"build_version":"2019-01-23","purchased_purges":0,"victory":false,"max_hp_per_floor":[75,75,75,75,75,75,75,77,77,77,77,77,77,77,77,77,77,77,77],"card_choices":[{"not_picked":["Stack","BootSequence"],"picked":"Melter","floor":1},{"not_picked":["Steam","Lockon"],"picked":"Redo","floor":2},{"not_picked":["Steam","Streamline"],"picked":"Undo","floor":4},{"not_picked":["Cold Snap","Conserve Battery"],"picked":"Defragment","floor":7},{"not_picked":["Skim","Hello World","BootSequence"],"picked":"Singing Bowl","floor":8},{"not_picked":["Redo","Undo"],"picked":"Doom and Gloom","floor":11},{"not_picked":["Hologram","Thunder Strike"],"picked":"Tempest","floor":12},{"not_picked":["Capacitor","Melter","Chaos"],"picked":"White Noise","floor":14},{"not_picked":["Seek","All For One","Reboot"],"picked":"Echo Form","floor":16},{"not_picked":["Reinforced Body","Barrage","Beam Cell"],"picked":"Hologram+1","floor":18}],"player_experience":1290890,"relics_obtained":[{"floor":7,"key":"Singing Bowl"},{"floor":9,"key":"Kunai"},{"floor":11,"key":"Odd Mushroom"},{"floor":12,"key":"Question Card"}],"event_choices":[{"damage_healed":0,"gold_gain":63,"player_choice":"Gained Gold","damage_taken":0,"max_hp_gain":0,"max_hp_loss":0,"event_name":"Golden Wing","floor":3,"gold_loss":0},{"damage_healed":0,"gold_gain":0,"player_choice":"Fought Mushrooms","damage_taken":0,"max_hp_gain":0,"max_hp_loss":0,"event_name":"Mushrooms","floor":11,"gold_loss":0},{"damage_healed":0,"gold_gain":0,"player_choice":"Left Gold","damage_taken":0,"max_hp_gain":0,"max_hp_loss":0,"event_name":"World of Goop","floor":13,"gold_loss":21},{"damage_healed":0,"gold_gain":0,"player_choice":"Fought Bandits","damage_taken":0,"max_hp_gain":0,"max_hp_loss":0,"event_name":"Masked Bandits","floor":19,"gold_loss":0}],"is_beta":false,"boss_relics":[{"not_picked":["Cursed Key","Runic Dome"],"picked":"Nuclear Battery"}],"items_purged_floors":[],"is_endless":false,"potions_floor_spawned":[4,7,12,14,16,18],"killed_by":"Masked Bandits","ascension_level":8}