{"gold_per_floor":[110,110,110,110,110,110,110,110,110,21,21,31,31,31,31,133,133,152,67,4,22,22,22,35,35,35,35,52,52,69,69,69,171,171,181,181,192,192],"floor_reached":38,"playtime":1733,"items_purged":["Defend_G"],"score":460,"play_id":"692dad10-a435-490e-a5a7-ae1daa4dc8bf","local_time":"20181012165110","is_ascension_mode":true,"campfire_choices":[{"floor":6,"key":"REST"},{"data":"Dagger Throw","floor":8,"key":"SMITH"},{"data":"Bouncing Flask","floor":11,"key":"SMITH"},{"data":"Neutralize","floor":15,"key":"SMITH"},{"floor":23,"key":"REST"},{"floor":25,"key":"REST"},{"floor":29,"key":"REST"},{"floor":32,"key":"REST"}],"neow_cost":"TEN_PERCENT_HP_LOSS","seed_source_timestamp":49397155892000,"circlet_count":0,"master_deck":["Defend_G+1","Defend_G","Defend_G","Defend_G","Strike_G","Strike_G","Survivor","Neutralize+1","Poisoned Stab","Dagger Throw+1","Bouncing Flask+1","Deadly Poison","Envenom","Outmaneuver+1","Footwork","Bane","Terror+1","Catalyst","Distraction","Backflip","Corpse Explosion","Chrysalis","Dramatic Entrance","Mayhem"],"relics":["Ring of the Snake","Turnip","PreservedInsect","The Courier","Lizard Tail","MawBank","Question Card","Busted Crown"],"potions_floor_usage":[21,24,27,28,30,30,30],"damage_taken":[{"damage":7,"enemies":"Small Slimes","floor":1,"turns":4},{"damage":0,"enemies":"Jaw Worm","floor":12,"turns":3},{"damage":21,"enemies":"The Guardian","floor":16,"turns":8},{"damage":2,"enemies":"Shell Parasite","floor":18,"turns":5},{"damage":11,"enemies":"Chosen","floor":21,"turns":6},{"damage":43,"enemies":"3 Cultists","floor":24,"turns":7},{"damage":6,"enemies":"Shelled Parasite and Fungi","floor":28,"turns":9},{"damage":8,"enemies":"Snake Plant","floor":30,"turns":2},{"damage":86,"enemies":"Champ","floor":33,"turns":14},{"damage":17,"enemies":"3 Shapes","floor":35,"turns":2},{"damage":22,"enemies":"Orb Walker","floor":37,"turns":4},{"damage":24,"enemies":"Spire Growth","floor":38,"turns":4}],"seed_played":"-1905272212639634643","potions_obtained":[{"floor":16,"key":"Block Potion"},{"floor":21,"key":"AttackPotion"},{"floor":24,"key":"Fire Potion"},{"floor":27,"key":"Fruit Juice"},{"floor":27,"key":"LiquidBronze"},{"floor":27,"key":"SkillPotion"},{"floor":28,"key":"Fire Potion"}],"is_trial":false,"path_per_floor":["M","?","?","?","?","R","T","R","T","$","R","M","$","?","R","B",null,"M","?","$","M","?","R","M","R","T","?","M","R","M","?","R","B",null,"M","?","M"],"character_chosen":"THE_SILENT","items_purchased":["Bouncing Flask","Footwork","Bane"],"campfire_rested":5,"item_purchase_floors":[10,20,20],"current_hp_per_floor":[56,56,63,50,43,61,61,61,61,61,61,61,61,61,61,40,63,61,61,61,50,39,59,16,36,36,41,35,56,48,48,69,31,73,56,46,24,0],"gold":192,"neow_bonus":"ONE_RARE_RELIC","is_prod":false,"is_daily":false,"chose_seed":false,"campfire_upgraded":3,"win_rate":0,"timestamp":1539355870,"path_taken":["M","?","?","?","?","R","?","R","T","?","R","M","$","?","R","BOSS","M","?","$","M","?","R","M","R","T","?","M","R","?","?","R","BOSS","M","?","?","M"],"build_version":"2018-10-11","purchased_purges":1,"victory":false,"max_hp_per_floor":[63,63,63,63,63,63,63,63,63,63,63,63,63,63,63,63,63,63,63,63,63,68,68,68,68,68,73,73,73,73,73,73,73,73,73,73,73,73],"card_choices":[{"not_picked":["Flying Knee","Slice"],"picked":"Poisoned Stab","floor":1},{"not_picked":["Slice","Cloak And Dagger"],"picked":"Deadly Poison","floor":12},{"not_picked":["Unload","Adrenaline"],"picked":"Envenom","floor":16},{"not_picked":["PiercingWail+1","Slice"],"picked":"Outmaneuver+1","floor":18},{"not_picked":["Dash","Tactician+1"],"picked":"Terror+1","floor":21},{"not_picked":["Backflip","Setup+1"],"picked":"Catalyst","floor":24},{"not_picked":["Heel Hook+1","Masterful Stab","Poisoned Stab+1"],"picked":"Distraction","floor":28},{"not_picked":["Masterful Stab+1","Slice","Deadly Poison"],"picked":"Backflip","floor":30},{"not_picked":["Bullet Time","Malaise","Burst"],"picked":"Corpse Explosion","floor":33},{"not_picked":["Underhanded Strike","Concentrate"],"picked":"SKIP","floor":35},{"not_picked":["Good Instincts"],"picked":"Chrysalis","floor":36},{"not_picked":["Impatience"],"picked":"Dramatic Entrance","floor":36},{"not_picked":["Impatience"],"picked":"Mayhem","floor":36},{"not_picked":["Dodge and Roll","Acrobatics+1"],"picked":"SKIP","floor":37}],"player_experience":681710,"relics_obtained":[{"floor":7,"key":"PreservedInsect"},{"floor":9,"key":"The Courier"},{"floor":26,"key":"Question Card"}],"event_choices":[{"event_name":"Living Wall","player_choice":"Change","floor":2,"damage_taken":0},{"event_name":"Wheel of Change","player_choice":"Full Heal","floor":3,"damage_taken":0},{"event_name":"Shining Light","player_choice":"Entered Light","floor":4,"damage_taken":0},{"event_name":"Golden Wing","player_choice":"Card Removal","floor":5,"damage_taken":0},{"event_name":"Purifier","player_choice":"One Purge","floor":14,"damage_taken":0},{"event_name":"Addict","player_choice":"Obtained Relic","floor":19,"damage_taken":0},{"event_name":"Forgotten Altar","player_choice":"Shed Blood","floor":22,"damage_taken":0},{"event_name":"The Lab","player_choice":"Got Potions","floor":27,"damage_taken":0},{"event_name":"Vampires","player_choice":"Ignored","floor":31,"damage_taken":0},{"event_name":"SensoryStone","player_choice":"Memory 3","floor":36,"damage_taken":0}],"is_beta":false,"boss_relics":[{"not_picked":["Tiny House","Coffee Dripper"],"picked":"Lizard Tail"},{"not_picked":["Sozu","Velvet Choker"],"picked":"Busted Crown"}],"items_purged_floors":[10],"is_endless":false,"potions_floor_spawned":[16,21,24,28],"killed_by":"Spire Growth","ascension_level":4}