{"gold_per_floor":[118,118,137,16,191,226,226,252,301,336,336,336],"floor_reached":12,"playtime":402,"items_purged":[],"score":160,"play_id":"953255c2-c87a-4ce4-8c75-f8c504be106c","local_time":"20190503082116","is_ascension_mode":true,"campfire_choices":[{"floor":7,"key":"REST"}],"neow_cost":"NONE","seed_source_timestamp":1337714467849800,"circlet_count":0,"master_deck":["AscendersBane","Strike_R","Strike_R","Defend_R","Defend_R","Defend_R","Defend_R","Bash","Armaments+1","Burning Pact+1","Rupture+1","Body Slam","Entrench","Combust","Heavy Blade","Doubt","Entrench","Flex","Whirlwind"],"relics":["Astrolabe","CultistMask","Centennial Puzzle","Bag of Marbles","Bird Faced Urn"],"potions_floor_usage":[6],"damage_taken":[{"damage":8,"enemies":"2 Louse","floor":1,"turns":4},{"damage":1,"enemies":"Cultist","floor":3,"turns":4},{"damage":31,"enemies":"Gremlin Nob","floor":6,"turns":5},{"damage":27,"enemies":"Lagavulin","floor":8,"turns":8},{"damage":21,"enemies":"Gremlin Nob","floor":10,"turns":4},{"damage":12,"enemies":"Small Slimes","floor":12,"turns":2}],"seed_played":"-1740818199951963330","potions_obtained":[{"floor":3,"key":"Block Potion"}],"is_trial":false,"path_per_floor":["M","?","M","$","?","E","R","E","T","E","?","M"],"character_chosen":"IRONCLAD","items_purchased":["Combust","Heavy Blade"],"campfire_rested":1,"item_purchase_floors":[4,4],"current_hp_per_floor":[60,60,59,59,59,28,50,23,23,2,2,0],"gold":336,"neow_bonus":"BOSS_RELIC","is_prod":false,"is_daily":false,"chose_seed":false,"campfire_upgraded":0,"win_rate":0,"timestamp":1556864476,"path_taken":["M","?","M","?","?","E","R","E","T","E","?","M"],"build_version":"2019-01-23","purchased_purges":0,"victory":false,"max_hp_per_floor":[75,75,75,75,75,75,75,75,75,75,75,75],"card_choices":[{"not_picked":["Sword Boomerang","Clothesline"],"picked":"Body Slam","floor":1},{"not_picked":["Cleave","Rampage"],"picked":"Entrench","floor":3},{"not_picked":["Perfected Strike","Reckless Charge"],"picked":"Entrench","floor":6},{"not_picked":["Warcry","Exhume"],"picked":"Flex","floor":8},{"not_picked":["Burning Pact","True Grit"],"picked":"Whirlwind","floor":10}],"player_experience":1792042,"relics_obtained":[{"floor":6,"key":"Centennial Puzzle"},{"floor":8,"key":"Bag of Marbles"},{"floor":10,"key":"Bird Faced Urn"}],"event_choices":[{"damage_healed":0,"gold_gain":0,"player_choice":"Trade","damage_taken":0,"relics_obtained":["CultistMask"],"max_hp_gain":0,"max_hp_loss":0,"event_name":"FaceTrader","floor":2,"gold_loss":0},{"damage_healed":0,"gold_gain":175,"player_choice":"AGREE","damage_taken":0,"max_hp_gain":0,"max_hp_loss":0,"event_name":"Liars Game","floor":5,"gold_loss":0,"cards_obtained":["Doubt"]},{"damage_healed":0,"gold_gain":0,"player_choice":"Searched \u00270\u0027 times","damage_taken":0,"max_hp_gain":0,"max_hp_loss":0,"event_name":"Dead Adventurer","floor":11,"gold_loss":0}],"is_beta":false,"boss_relics":[],"items_purged_floors":[],"is_endless":false,"potions_floor_spawned":[3],"killed_by":"Small Slimes","ascension_level":14}