{"gold_per_floor":[109,59,74,88,88,88,121,140,140,165,51,51,86,102,102,197,197,209,109,109,93,93,93,123,123,123,140,168,168,168,196,196,294,294,305,405,423,442,454,480,498,518,543,543,563,295,313,413,413,413],"floor_reached":51,"playtime":6376,"items_purged":["Strike_G","Defend_G","Strike_G"],"score":993,"play_id":"d2f1a858-3d9d-4736-980d-db1ef919b733","local_time":"20190511215021","is_ascension_mode":true,"campfire_choices":[{"data":"Footwork","floor":6,"key":"SMITH"},{"floor":12,"key":"REST"},{"floor":15,"key":"REST"},{"data":"Acrobatics","floor":23,"key":"SMITH"},{"data":"Malaise","floor":25,"key":"SMITH"},{"floor":32,"key":"REST"},{"floor":44,"key":"REST"},{"floor":49,"key":"REST"}],"neow_cost":"NONE","seed_source_timestamp":1992590850813321,"circlet_count":0,"master_deck":["Defend_G","Defend_G","Defend_G","Survivor","Neutralize+1","Deflect","Footwork+1","PiercingWail","Heel Hook","Footwork+1","Well Laid Plans+1","Caltrops+1","Dodge and Roll","PiercingWail","Envenom+1","Finisher+1","Tactician+1","Deadly Poison+1","Acrobatics+1","Backflip+1","RitualDagger","Malaise+1","Backstab","Riddle With Holes+1","Necronomicurse","Well Laid Plans+1","Corpse Explosion","Noxious Fumes+1","Catalyst","Noxious Fumes+1","Dagger Spray+1","Dagger Throw+1","Leg Sweep+1","Caltrops+1","Catalyst"],"relics":["Ring of the Snake","Orichalcum","Frozen Egg 2","Shuriken","Ninja Scroll","Bag of Preparation","Astrolabe","MutagenicStrength","Dodecahedron","Ornamental Fan","Ancient Tea Set","Necronomicon","Oddly Smooth Stone","Velvet Choker","Snake Skull"],"potions_floor_usage":[16,31,39,39],"damage_taken":[{"damage":0,"enemies":"Jaw Worm","floor":1,"turns":5},{"damage":0,"enemies":"Small Slimes","floor":3,"turns":4},{"damage":0,"enemies":"2 Louse","floor":4,"turns":5},{"damage":18,"enemies":"3 Sentries","floor":7,"turns":21},{"damage":0,"enemies":"Large Slime","floor":8,"turns":10},{"damage":35,"enemies":"Gremlin Nob","floor":10,"turns":7},{"damage":7,"enemies":"3 Sentries","floor":13,"turns":10},{"damage":0,"enemies":"Exordium Wildlife","floor":14,"turns":8},{"damage":4,"enemies":"Slime Boss","floor":16,"turns":18},{"damage":4,"enemies":"Shell Parasite","floor":18,"turns":6},{"damage":7,"enemies":"2 Thieves","floor":21,"turns":4},{"damage":0,"enemies":"Book of Stabbing","floor":24,"turns":6},{"damage":0,"enemies":"Snecko","floor":27,"turns":2},{"damage":0,"enemies":"Slavers","floor":28,"turns":7},{"damage":0,"enemies":"Book of Stabbing","floor":31,"turns":7},{"damage":8,"enemies":"Collector","floor":33,"turns":7},{"damage":0,"enemies":"3 Shapes","floor":35,"turns":5},{"damage":0,"enemies":"Orb Walker","floor":37,"turns":2},{"damage":0,"enemies":"3 Darklings","floor":38,"turns":1},{"damage":6,"enemies":"Sphere and 2 Shapes","floor":39,"turns":3},{"damage":3,"enemies":"Giant Head","floor":40,"turns":7},{"damage":36,"enemies":"Spire Growth","floor":41,"turns":5},{"damage":5,"enemies":"4 Shapes","floor":42,"turns":3},{"damage":0,"enemies":"3 Darklings","floor":45,"turns":1},{"damage":13,"enemies":"Sphere and 2 Shapes","floor":47,"turns":5},{"damage":0,"enemies":"Mind Bloom Boss Battle","floor":48,"turns":6},{"damage":55,"enemies":"Awakened One","floor":50,"turns":13}],"seed_played":"-8534904029150885636","potions_obtained":[{"floor":1,"key":"Strength Potion"},{"floor":10,"key":"Poison Potion"},{"floor":14,"key":"SneckoOil"},{"floor":16,"key":"SkillPotion"},{"floor":18,"key":"EssenceOfSteel"},{"floor":27,"key":"AttackPotion"},{"floor":33,"key":"LiquidBronze"},{"floor":39,"key":"GhostInAJar"},{"floor":41,"key":"PowerPotion"}],"is_trial":false,"path_per_floor":["M","?","M","M","?","R","E","M","T","E","$","R","E","M","R","B",null,"M","$","?","M","?","R","E","R","T","M","E","?","?","E","R","B",null,"M","?","M","M","M","E","M","M","T","R","M","$","M","?","R","B",null],"character_chosen":"THE_SILENT","items_purchased":["Caltrops+1","Caltrops+1","Catalyst"],"campfire_rested":5,"item_purchase_floors":[11,46,46],"current_hp_per_floor":[70,70,70,70,70,70,52,52,52,17,17,38,31,31,52,48,70,66,66,66,59,53,53,53,53,53,53,53,37,24,24,46,38,75,75,75,75,75,69,66,30,25,25,47,47,47,34,34,56,1],"gold":413,"neow_bonus":"RANDOM_COMMON_RELIC","is_prod":false,"is_daily":false,"chose_seed":false,"campfire_upgraded":3,"win_rate":0,"timestamp":1557629421,"path_taken":["M","?","M","M","?","R","E","M","T","E","$","R","E","M","R","BOSS","M","$","?","M","?","R","E","R","T","M","E","?","?","E","R","BOSS","M","?","?","M","M","E","M","M","T","R","M","?","M","?","R","BOSS"],"build_version":"2019-01-23","purchased_purges":3,"victory":true,"max_hp_per_floor":[70,70,70,70,70,70,70,70,70,70,70,70,70,70,70,70,70,70,70,70,70,70,70,70,70,70,70,70,70,75,75,75,75,75,75,75,75,75,75,75,75,75,75,75,75,75,75,75,75,75],"card_choices":[{"not_picked":["Masterful Stab","Outmaneuver"],"picked":"Deflect","floor":1},{"not_picked":["Escape Plan","Slice"],"picked":"Footwork","floor":3},{"not_picked":["Infinite Blades","Underhanded Strike"],"picked":"PiercingWail","floor":4},{"not_picked":["Acrobatics","Masterful Stab"],"picked":"Heel Hook","floor":7},{"not_picked":["Grand Finale","Prepared"],"picked":"Footwork+1","floor":8},{"not_picked":["Expertise","Prepared"],"picked":"Well Laid Plans+1","floor":10},{"not_picked":["Poisoned Stab","Accuracy+1"],"picked":"Dodge and Roll","floor":13},{"not_picked":["Dodge and Roll","Heel Hook"],"picked":"PiercingWail","floor":14},{"not_picked":["Storm of Steel","Unload"],"picked":"Envenom+1","floor":16},{"not_picked":["Dagger Spray","Underhanded Strike"],"picked":"Acrobatics","floor":18},{"not_picked":["Deflect","PiercingWail"],"picked":"Backflip+1","floor":21},{"not_picked":["Flying Knee","Deadly Poison"],"picked":"Malaise","floor":24},{"not_picked":["Terror","Dagger Spray+1"],"picked":"Backstab","floor":27},{"not_picked":["Backflip","Acrobatics+1"],"picked":"Riddle With Holes+1","floor":28},{"not_picked":["Venomology","Accuracy+1"],"picked":"Well Laid Plans+1","floor":31},{"not_picked":["Glass Knife","Doppelganger"],"picked":"Corpse Explosion","floor":33},{"not_picked":["Prepared+1","Distraction","Reflex+1"],"picked":"SKIP","floor":35},{"not_picked":["Distraction+1","Underhanded Strike+1"],"picked":"Noxious Fumes+1","floor":37},{"not_picked":["Terror","Accuracy+1"],"picked":"Catalyst","floor":38},{"not_picked":["Dagger Throw","Outmaneuver+1"],"picked":"Noxious Fumes+1","floor":39},{"not_picked":["Dodge and Roll","After Image+1"],"picked":"Dagger Spray+1","floor":40},{"not_picked":["Dodge and Roll","Dagger Spray"],"picked":"Dagger Throw+1","floor":41},{"not_picked":["Flying Knee+1","Dagger Throw+1","PiercingWail"],"picked":"SKIP","floor":42},{"not_picked":["Grand Finale","Sucker Punch"],"picked":"Leg Sweep+1","floor":45},{"not_picked":["Underhanded Strike+1","Deadly Poison+1","Quick Slash+1"],"picked":"SKIP","floor":47}],"player_experience":300455,"relics_obtained":[{"floor":7,"key":"Frozen Egg 2"},{"floor":9,"key":"Shuriken"},{"floor":10,"key":"Ninja Scroll"},{"floor":13,"key":"Bag of Preparation"},{"floor":24,"key":"Dodecahedron"},{"floor":26,"key":"Ornamental Fan"},{"floor":28,"key":"Ancient Tea Set"},{"floor":29,"key":"Necronomicon"},{"floor":31,"key":"Oddly Smooth Stone"},{"floor":40,"key":"Snake Skull"}],"event_choices":[{"cards_removed":["Strike_G"],"damage_healed":0,"gold_gain":0,"player_choice":"Card Removal","damage_taken":0,"max_hp_gain":0,"max_hp_loss":0,"event_name":"The Cleric","floor":2,"gold_loss":50},{"damage_healed":0,"gold_gain":0,"player_choice":"Grow","damage_taken":0,"max_hp_gain":0,"max_hp_loss":0,"event_name":"Living Wall","floor":5,"gold_loss":0,"cards_upgraded":["Neutralize"]},{"damage_healed":0,"gold_gain":0,"player_choice":"Inject Mutagens","damage_taken":0,"relics_obtained":["MutagenicStrength"],"max_hp_gain":0,"max_hp_loss":0,"event_name":"Drug Dealer","floor":20,"gold_loss":0},{"damage_healed":0,"gold_gain":0,"player_choice":"Joined the Cult","damage_taken":6,"max_hp_gain":0,"max_hp_loss":0,"event_name":"Nest","floor":22,"gold_loss":0,"cards_obtained":["RitualDagger"]},{"damage_healed":0,"gold_gain":0,"player_choice":"Obtained Book","damage_taken":16,"max_hp_gain":0,"max_hp_loss":0,"event_name":"Cursed Tome","floor":29,"gold_loss":0},{"damage_healed":0,"gold_gain":0,"player_choice":"Shed Blood","damage_taken":18,"max_hp_gain":5,"max_hp_loss":0,"event_name":"Forgotten Altar","floor":30,"gold_loss":0},{"damage_healed":0,"gold_gain":100,"player_choice":"Pray","damage_taken":0,"max_hp_gain":0,"max_hp_loss":0,"event_name":"Golden Shrine","floor":36,"gold_loss":0},{"damage_healed":0,"gold_gain":0,"player_choice":"Fight","damage_taken":0,"max_hp_gain":0,"max_hp_loss":0,"event_name":"MindBloom","floor":48,"gold_loss":0}],"is_beta":false,"boss_relics":[{"not_picked":["Fusion Hammer","HoveringKite"],"picked":"Astrolabe"},{"not_picked":["Pandora\u0027s Box","Runic Pyramid"],"picked":"Velvet Choker"}],"items_purged_floors":[11,19,46],"is_endless":false,"potions_floor_spawned":[1,10,14,16,18,24,27,33,39,41,45,48],"ascension_level":4}