{"gold_per_floor":[116,129,42,42,57,57,89,117,129,291,303,334,346],"floor_reached":13,"playtime":757,"items_purged":[],"score":162,"play_id":"a09742f7-c311-4001-a3d7-58dd0ebaf27e","local_time":"20190510054622","is_ascension_mode":true,"campfire_choices":[{"data":"Infinite Blades","floor":6,"key":"SMITH"}],"neow_cost":"NONE","seed_source_timestamp":1443424494691,"circlet_count":0,"master_deck":["AscendersBane","Defend_G","Defend_G","Defend_G","Defend_G","Defend_G","Strike_G","Strike_G","Strike_G","Strike_G","Strike_G","Survivor","Neutralize","Footwork","Backflip","Infinite Blades+1","Calculated Gamble","Acrobatics","Cloak And Dagger","Doubt","Cloak And Dagger"],"relics":["Ring of the Snake","NeowsBlessing","MawBank","Lantern","Shuriken"],"potions_floor_usage":[7,7,13],"damage_taken":[{"damage":0,"enemies":"Jaw Worm","floor":1,"turns":1},{"damage":0,"enemies":"Cultist","floor":2,"turns":1},{"damage":0,"enemies":"Small Slimes","floor":5,"turns":1},{"damage":27,"enemies":"3 Sentries","floor":7,"turns":7},{"damage":7,"enemies":"Blue Slaver","floor":8,"turns":6},{"damage":10,"enemies":"3 Louse","floor":12,"turns":5},{"damage":27,"enemies":"Exordium Thugs","floor":13,"turns":5}],"seed_played":"-2866223425155564404","potions_obtained":[{"floor":1,"key":"Strength Potion"},{"floor":2,"key":"Explosive Potion"},{"floor":8,"key":"Weak Potion"}],"is_trial":false,"path_per_floor":["M","M","$","?","M","R","E","M","T","?","T","M","M"],"character_chosen":"THE_SILENT","items_purchased":["Infinite Blades"],"campfire_rested":0,"item_purchase_floors":[3],"current_hp_per_floor":[59,59,59,66,66,66,39,32,32,32,32,22,0],"gold":346,"neow_bonus":"THREE_ENEMY_KILL","is_prod":false,"is_daily":false,"chose_seed":false,"campfire_upgraded":1,"win_rate":0,"timestamp":1557492382,"path_taken":["M","M","$","?","M","R","E","?","T","?","?","M","M"],"build_version":"2019-01-23","purchased_purges":0,"victory":false,"max_hp_per_floor":[66,66,66,66,66,66,66,66,66,66,66,66,66],"card_choices":[{"not_picked":["Poisoned Stab","Dagger Throw"],"picked":"Footwork","floor":1},{"not_picked":["Dagger Throw","Flechettes"],"picked":"Backflip","floor":2},{"not_picked":["Slice","Sucker Punch"],"picked":"Calculated Gamble","floor":5},{"not_picked":["Bane","Endless Agony"],"picked":"Acrobatics","floor":7},{"not_picked":["All Out Attack","Outmaneuver"],"picked":"Cloak And Dagger","floor":8},{"not_picked":["Underhanded Strike","Prepared"],"picked":"Cloak And Dagger","floor":12}],"player_experience":1674577,"relics_obtained":[{"floor":7,"key":"MawBank"},{"floor":9,"key":"Lantern"},{"floor":11,"key":"Shuriken"}],"event_choices":[{"damage_healed":7,"gold_gain":0,"player_choice":"Full Heal","damage_taken":0,"max_hp_gain":0,"max_hp_loss":0,"event_name":"Wheel of Change","floor":4,"gold_loss":0},{"damage_healed":0,"gold_gain":150,"player_choice":"AGREE","damage_taken":0,"max_hp_gain":0,"max_hp_loss":0,"event_name":"Liars Game","floor":10,"gold_loss":0,"cards_obtained":["Doubt"]}],"is_beta":false,"boss_relics":[],"items_purged_floors":[],"is_endless":false,"potions_floor_spawned":[1,2,8],"killed_by":"Exordium Thugs","ascension_level":18}