{"gold_per_floor":[110,13,27,27,27,27,27,38,65,93,93,8,8,25,25,129,129,147,147,147,246,259,293,293,325,325,325],"floor_reached":27,"playtime":1457,"items_purged":[],"score":358,"play_id":"8a39b0f3-28e9-4494-9ad8-90abad29ac0a","local_time":"20190127233539","is_ascension_mode":true,"campfire_choices":[{"data":"Discovery","floor":6,"key":"SMITH"},{"floor":13,"key":"REST"},{"floor":15,"key":"REST"},{"floor":24,"key":"REST"}],"neow_cost":"CURSE","seed_source_timestamp":365905492797400,"circlet_count":0,"master_deck":["Defend_G","Defend_G","Defend_G+1","Defend_G","Defend_G","Strike_G+1","Strike_G","Strike_G","Strike_G","Strike_G","Survivor","Neutralize","Discovery+1","Bandage Up","Clumsy","Dramatic Entrance","Dagger Spray","Outmaneuver","Terror","Jack Of All Trades","Bullet Time","Cloak And Dagger+1","Leg Sweep","All Out Attack","Blade Dance+1"],"relics":["Ring of the Snake","Ancient Tea Set","Bag of Preparation","Bottled Flame","WristBlade","Regal Pillow","Orichalcum","The Courier"],"potions_floor_usage":[10,18,18,22],"damage_taken":[{"damage":4,"enemies":"2 Louse","floor":1,"turns":4},{"damage":6,"enemies":"Jaw Worm","floor":3,"turns":5},{"damage":0,"enemies":"Small Slimes","floor":8,"turns":1},{"damage":22,"enemies":"3 Sentries","floor":10,"turns":7},{"damage":5,"enemies":"Blue Slaver","floor":14,"turns":2},{"damage":65,"enemies":"The Guardian","floor":16,"turns":15},{"damage":23,"enemies":"Chosen","floor":18,"turns":7},{"damage":40,"enemies":"Spheric Guardian","floor":22,"turns":6},{"damage":21,"enemies":"Gremlin Leader","floor":23,"turns":8},{"damage":41,"enemies":"Book of Stabbing","floor":25,"turns":5},{"damage":5,"enemies":"Snecko","floor":27,"turns":2}],"seed_played":"-4601652740581372276","potions_obtained":[{"floor":1,"key":"AttackPotion"},{"floor":14,"key":"GamblersBrew"},{"floor":16,"key":"Poison Potion"},{"floor":18,"key":"PowerPotion"}],"is_trial":false,"path_per_floor":["M","$","M","$","?","R","?","M","T","E","?","$","R","M","R","B",null,"M","?","?","?","M","E","R","E","T","M"],"character_chosen":"THE_SILENT","items_purchased":["Dramatic Entrance","Jack Of All Trades"],"campfire_rested":3,"item_purchase_floors":[2,12],"current_hp_per_floor":[63,63,61,61,61,61,61,61,61,43,29,29,50,49,70,9,55,36,36,59,59,23,6,42,5,5,0],"gold":325,"neow_bonus":"RANDOM_COLORLESS_2","is_prod":false,"is_daily":false,"chose_seed":false,"campfire_upgraded":1,"win_rate":0,"timestamp":1548628539,"path_taken":["M","$","M","$","?","R","?","M","T","E","?","$","R","?","R","BOSS","M","?","?","?","M","E","R","E","T","M"],"build_version":"2019-01-23","purchased_purges":0,"victory":false,"max_hp_per_floor":[70,70,70,70,70,70,70,70,70,70,70,70,70,70,70,70,70,70,70,70,70,70,70,70,70,70,70],"card_choices":[{"not_picked":["Finisher","Setup","Reflex"],"picked":"SKIP","floor":1},{"not_picked":["Prepared","Deflect"],"picked":"Dagger Spray","floor":3},{"not_picked":["Quick Slash","Concentrate"],"picked":"Outmaneuver","floor":8},{"not_picked":["Blade Dance","Slice"],"picked":"Terror","floor":10},{"not_picked":["Underhanded Strike","Reflex","Tactician"],"picked":"SKIP","floor":14},{"not_picked":["Doppelganger","Night Terror"],"picked":"Bullet Time","floor":16},{"not_picked":["Concentrate","Outmaneuver"],"picked":"Cloak And Dagger+1","floor":18},{"not_picked":["Backflip","Bane"],"picked":"Leg Sweep","floor":22},{"not_picked":["Masterful Stab","Envenom"],"picked":"All Out Attack","floor":23},{"not_picked":["Endless Agony+1","Dagger Spray"],"picked":"Blade Dance+1","floor":25}],"player_experience":1344210,"relics_obtained":[{"floor":9,"key":"Bag of Preparation"},{"floor":10,"key":"Bottled Flame"},{"floor":23,"key":"Regal Pillow"},{"floor":25,"key":"Orichalcum"},{"floor":26,"key":"The Courier"}],"event_choices":[{"damage_healed":0,"gold_gain":0,"player_choice":"Leave","damage_taken":0,"max_hp_gain":0,"max_hp_loss":0,"event_name":"The Cleric","floor":5,"gold_loss":0},{"damage_healed":0,"gold_gain":0,"player_choice":"Box","damage_taken":0,"relics_obtained":["Ancient Tea Set"],"max_hp_gain":0,"max_hp_loss":0,"event_name":"Big Fish","floor":7,"gold_loss":0,"cards_obtained":["Regret"]},{"damage_healed":0,"gold_gain":0,"player_choice":"Entered Light","damage_taken":14,"max_hp_gain":0,"max_hp_loss":0,"event_name":"Shining Light","floor":11,"gold_loss":0,"cards_upgraded":["Defend_G","Strike_G"]},{"cards_removed":["Regret"],"damage_healed":0,"gold_gain":0,"player_choice":"Elegance","damage_taken":0,"max_hp_gain":0,"max_hp_loss":0,"event_name":"Back to Basics","floor":19,"gold_loss":0},{"damage_healed":23,"gold_gain":0,"player_choice":"Heal","damage_taken":0,"max_hp_gain":0,"max_hp_loss":0,"event_name":"The Library","floor":20,"gold_loss":0},{"damage_healed":0,"gold_gain":99,"player_choice":"Stole From Cult","damage_taken":0,"max_hp_gain":0,"max_hp_loss":0,"event_name":"Nest","floor":21,"gold_loss":0}],"is_beta":false,"boss_relics":[{"not_picked":["Ring of the Serpent","Tiny House"],"picked":"WristBlade"}],"items_purged_floors":[],"is_endless":false,"potions_floor_spawned":[1,14,16,18],"killed_by":"Snecko","ascension_level":9}