{"path_per_floor":["M","M","?","?","M","R","E","R","T","E","M","M","?","?","R"],"character_chosen":"THE_SILENT","items_purchased":[],"gold_per_floor":[119,132,132,132,147,147,174,174,174,200,213,230,260,284,284],"floor_reached":16,"campfire_rested":2,"playtime":848,"current_hp_per_floor":[71,71,71,76,76,76,53,77,77,67,67,58,58,44,68],"items_purged":[],"gold":284,"score":121,"play_id":"baa6e7a6-1c4e-46ad-bb63-5845b34dd85b","is_prod":false,"is_daily":false,"is_ascension_mode":true,"campfire_upgraded":1,"path_taken":["M","M","?","?","M","R","E","R","T","E","M","?","?","?","R","BOSS"],"build_version":"2018-02-22-PROD2","purchased_purges":0,"victory":false,"master_deck":["Defend_G","Defend_G","Defend_G","Defend_G","Defend_G","Strike_G","Strike_G","Strike_G","Strike_G","Strike_G","Survivor","Neutralize+1","Quick Slash","Predator","Accuracy","PiercingWail","Concentrate","Blade Dance","Accuracy","Prepared"],"max_hp_per_floor":[77,77,77,82,82,82,82,82,82,82,82,82,82,82,82],"relics":["Ring of the Snake","Ancient Tea Set","Peace Pipe","Bottled Flame","Odd Mushroom"],"card_choices":[{"not_picked":["Catalyst","Malaise"],"picked":"Quick Slash"},{"not_picked":["Sucker Punch","Prepared"],"picked":"Predator"},{"not_picked":["Setup","Skewer"],"picked":"Accuracy"},{"not_picked":["Prepared","Dodge and Roll"],"picked":"PiercingWail"},{"not_picked":["Wraith Form","Masterful Stab"],"picked":"Concentrate"},{"not_picked":["Dodge and Roll","Caltrops"],"picked":"Blade Dance"},{"not_picked":["Cloak And Dagger","Backstab"],"picked":"Accuracy"},{"not_picked":["Deadly Poison","Dodge and Roll"],"picked":"Prepared"}],"player_experience":141092,"potions_floor_usage":[10,10,16],"damage_taken":[{"damage":6,"enemies":"Small Slimes","floor":1,"turns":6},{"damage":0,"enemies":"Cultist","floor":2,"turns":4},{"damage":0,"enemies":"Jaw Worm","floor":5,"turns":3},{"damage":23,"enemies":"3 Sentries","floor":7,"turns":11},{"damage":10,"enemies":"Gremlin Nob","floor":10,"turns":3},{"damage":0,"enemies":"3 Louse","floor":11,"turns":4},{"damage":9,"enemies":"2 Fungi Beasts","floor":12,"turns":3},{"damage":14,"enemies":"The Mushroom Lair","floor":14,"turns":5},{"damage":69,"enemies":"Slime Boss","floor":16,"turns":8}],"event_choices":[{"event_name":"The Lab","player_choice":"Got Potions","floor":3,"damage_taken":0},{"event_name":"Big Fish","player_choice":"Donut","floor":4,"damage_taken":0},{"event_name":"Dead Adventurer","player_choice":"Searched \u00272\u0027 times","floor":13,"damage_taken":0},{"event_name":"Mushrooms","player_choice":"Fought Mushrooms","floor":14,"damage_taken":0}],"boss_relics":[],"potions_floor_spawned":[5,7,10],"seed_played":"388744800891215198","killed_by":"Slime Boss","ascension_level":2,"is_trial":false}