{"gold_per_floor":[12,287,302,3,14,14,30,56,56,71,88,123,141,141,141,242,242,255,16,115,15,32,32,49,23,49,79,79,79,79,96,96,195,195,211,211,0,12,24,55,55,80,80,80,80,80,90,90,90,90],"floor_reached":51,"playtime":3097,"items_purged":["Regret","Strike_R"],"score":810,"play_id":"faaed66b-3490-4f08-9c45-69691ce47116","local_time":"20181019192944","is_ascension_mode":false,"campfire_choices":[{"data":"Armaments","floor":6,"key":"SMITH"},{"data":"Body Slam","floor":15,"key":"SMITH"},{"data":"Entrench","floor":23,"key":"SMITH"},{"data":"Strike_R","floor":28,"key":"PURGE"},{"data":"Defend_R","floor":32,"key":"PURGE"},{"floor":49,"key":"REST"}],"neow_cost":"NO_GOLD","seed_source_timestamp":246346518451700,"circlet_count":0,"master_deck":["Defend_R","Defend_R","Bash","Battle Trance","Armaments+1","Combust","Shockwave","Body Slam+1","Impervious","Metallicize","Impervious","Entrench+1","Body Slam+1","Dual Wield","Seeing Red","Body Slam","Barricade","Armaments+1","Bloodletting+1","Madness","Madness","Sadistic Nature","Secret Technique","Rupture+1"],"relics":["Black Blood","Centennial Puzzle","Incense Burner","Turnip","WingedGreaves","Runic Pyramid","DollysMirror","Oddly Smooth Stone","Peace Pipe","Gambling Chip","Red Mask","PreservedInsect","Ginger","Strawberry"],"potions_floor_usage":[8,12,36,42,42,50,50,50],"damage_taken":[{"damage":3,"enemies":"Jaw Worm","floor":1,"turns":4},{"damage":11,"enemies":"Cultist","floor":3,"turns":3},{"damage":7,"enemies":"Small Slimes","floor":5,"turns":3},{"damage":3,"enemies":"Looter","floor":7,"turns":4},{"damage":7,"enemies":"Lagavulin","floor":8,"turns":7},{"damage":3,"enemies":"Blue Slaver","floor":10,"turns":3},{"damage":7,"enemies":"Large Slime","floor":11,"turns":4},{"damage":22,"enemies":"3 Sentries","floor":12,"turns":7},{"damage":0,"enemies":"Looter","floor":13,"turns":3},{"damage":12,"enemies":"Slime Boss","floor":16,"turns":8},{"damage":4,"enemies":"Chosen","floor":18,"turns":3},{"damage":2,"enemies":"3 Byrds","floor":22,"turns":4},{"damage":0,"enemies":"Snake Plant","floor":24,"turns":2},{"damage":7,"enemies":"Book of Stabbing","floor":27,"turns":4},{"damage":0,"enemies":"3 Cultists","floor":31,"turns":5},{"damage":11,"enemies":"Automaton","floor":33,"turns":4},{"damage":62,"enemies":"3 Shapes","floor":35,"turns":3},{"damage":0,"enemies":"Mind Bloom Boss Battle","floor":36,"turns":4},{"damage":6,"enemies":"3 Darklings","floor":38,"turns":3},{"damage":0,"enemies":"Maw","floor":39,"turns":3},{"damage":3,"enemies":"2 Orb Walkers","floor":40,"turns":3},{"damage":19,"enemies":"Nemesis","floor":42,"turns":3},{"damage":0,"enemies":"Spire Growth","floor":47,"turns":3},{"damage":37,"enemies":"Awakened One","floor":50,"turns":7}],"seed_played":"8564187767976450915","potions_obtained":[{"floor":1,"key":"Dexterity Potion"},{"floor":3,"key":"EssenceOfSteel"},{"floor":5,"key":"SpeedPotion"},{"floor":10,"key":"Regen Potion"},{"floor":18,"key":"EssenceOfSteel"},{"floor":38,"key":"SpeedPotion"},{"floor":47,"key":"SteroidPotion"},{"floor":48,"key":"Explosive Potion"}],"is_trial":false,"path_per_floor":["M","?","M","$","M","R","M","E","T","M","M","E","M","?","R","B",null,"M","$","?","$","M","R","M","$","T","E","R","?","$","M","R","B",null,"M","?","?","M","M","E","?","E","T","?","?","$","M","?","R","B"],"character_chosen":"IRONCLAD","items_purchased":["Centennial Puzzle","Combust","DollysMirror","Dual Wield","Body Slam"],"campfire_rested":1,"item_purchase_floors":[4,4,19,19,25],"current_hp_per_floor":[80,80,75,75,74,74,77,76,76,79,78,62,68,68,68,62,80,80,80,80,80,80,80,80,80,80,79,79,79,79,80,80,75,80,28,47,47,51,61,68,58,49,56,56,46,46,56,56,82,55],"gold":90,"neow_bonus":"REMOVE_TWO","is_prod":false,"is_daily":false,"chose_seed":false,"campfire_upgraded":3,"win_rate":0,"timestamp":1539970184,"path_taken":["M","?","M","$","M","R","?","E","T","M","M","E","M","?","R","BOSS","M","?","?","$","M","R","M","$","T","E","R","?","?","?","R","BOSS","M","?","?","M","?","E","?","E","T","?","?","$","M","?","R","BOSS"],"build_version":"2018-10-11","purchased_purges":2,"victory":true,"max_hp_per_floor":[80,80,80,80,80,80,80,80,80,80,80,80,80,80,80,80,80,80,80,80,80,80,80,80,80,80,80,80,80,80,80,80,80,80,80,80,80,80,80,80,80,80,87,87,87,87,87,87,87,87],"card_choices":[{"not_picked":["Sword Boomerang","Pommel Strike"],"picked":"Battle Trance","floor":1},{"not_picked":["Sever Soul","Fire Breathing"],"picked":"Armaments","floor":3},{"not_picked":["Clothesline","True Grit"],"picked":"Shockwave","floor":5},{"not_picked":["Twin Strike","Thunderclap","Iron Wave"],"picked":"SKIP","floor":7},{"not_picked":["Corruption","Pommel Strike"],"picked":"Body Slam","floor":8},{"not_picked":["Anger","Wild Strike"],"picked":"Impervious","floor":10},{"not_picked":["Anger","Sever Soul","True Grit"],"picked":"SKIP","floor":11},{"not_picked":["Iron Wave","Uppercut","Burning Pact"],"picked":"SKIP","floor":12},{"not_picked":["Anger","Spot Weakness"],"picked":"Metallicize","floor":13},{"not_picked":["Dark Embrace","Reaper"],"picked":"Impervious","floor":16},{"not_picked":["Pummel","Disarm"],"picked":"Entrench","floor":18},{"not_picked":["Anger","Thunderclap"],"picked":"Seeing Red","floor":22},{"not_picked":["Flex","Iron Wave","Perfected Strike"],"picked":"SKIP","floor":24},{"not_picked":["True Grit+1","Dropkick","Inflame"],"picked":"SKIP","floor":27},{"not_picked":["Exhume","Body Slam","Anger"],"picked":"SKIP","floor":31},{"not_picked":["Impervious","Offering"],"picked":"Barricade","floor":33},{"not_picked":["Thunderclap+1","Clothesline","Combust+1"],"picked":"SKIP","floor":35},{"not_picked":["Thunderclap","Spot Weakness"],"picked":"Armaments+1","floor":38},{"not_picked":["Thunderclap","Intimidate+1"],"picked":"Bloodletting+1","floor":39},{"not_picked":["Battle Trance","Warcry","Feel No Pain"],"picked":"SKIP","floor":40},{"not_picked":["Flex","Armaments","Corruption+1"],"picked":"SKIP","floor":42},{"not_picked":["Dramatic Entrance","Good Instincts"],"picked":"Sadistic Nature","floor":45},{"not_picked":["Trip","Discovery"],"picked":"Secret Technique","floor":45},{"not_picked":["Wild Strike+1","Thunderclap+1"],"picked":"Rupture+1","floor":47}],"player_experience":721341,"relics_obtained":[{"floor":8,"key":"Incense Burner"},{"floor":9,"key":"Turnip"},{"floor":12,"key":"WingedGreaves"},{"floor":26,"key":"Oddly Smooth Stone"},{"floor":27,"key":"Peace Pipe"},{"floor":36,"key":"Gambling Chip"},{"floor":40,"key":"PreservedInsect"},{"floor":42,"key":"Ginger"},{"floor":43,"key":"Strawberry"}],"event_choices":[{"event_name":"Golden Shrine","player_choice":"Desecrate","floor":2,"damage_taken":0},{"event_name":"Purifier","player_choice":"One Purge","floor":14,"damage_taken":0},{"event_name":"Nest","player_choice":"Stole From Cult","floor":20,"damage_taken":0},{"event_name":"Vampires","player_choice":"Ignored","floor":29,"damage_taken":0},{"event_name":"MindBloom","player_choice":"Fight","floor":36,"damage_taken":0},{"event_name":"Tomb of Lord Red Mask","player_choice":"Paid","floor":37,"damage_taken":0},{"event_name":"Winding Halls","player_choice":"Embrace Madness","floor":41,"damage_taken":0},{"event_name":"Falling","player_choice":"Removed Skill","floor":44,"damage_taken":0},{"event_name":"SensoryStone","player_choice":"Memory 3","floor":45,"damage_taken":0},{"event_name":"The Lab","player_choice":"Got Potions","floor":48,"damage_taken":0}],"is_beta":false,"boss_relics":[{"not_picked":["Snecko Eye","Ectoplasm"],"picked":"Runic Pyramid"},{"not_picked":["Astrolabe","Eternal Feather"],"picked":"Black Blood"}],"items_purged_floors":[4,21],"is_endless":false,"potions_floor_spawned":[1,3,5,10,18,35,38,47],"ascension_level":0}