{"gold_per_floor":[114,114,39,39,39,39,57,72,72,72,86,127,127,166,166,290,290,280,303,322,123,123,139,117,117],"floor_reached":25,"playtime":1437,"items_purged":["Strike_R"],"score":329,"play_id":"6de2602e-0045-4e1b-becd-957e08a2b28d","local_time":"20181228102115","is_ascension_mode":true,"campfire_choices":[{"data":"Bash","floor":6,"key":"SMITH"},{"data":"Armaments","floor":10,"key":"SMITH"},{"data":"Shockwave","floor":13,"key":"SMITH"},{"data":"Cleave","floor":15,"key":"SMITH"}],"neow_cost":"NONE","seed_source_timestamp":547884724823900,"circlet_count":0,"master_deck":["Strike_R","Strike_R","Strike_R","Defend_R","Defend_R","Defend_R","Defend_R","Bash+1","Shockwave+1","Armaments+1","Pommel Strike","Flame Barrier+1","Cleave+1","Juggernaut","Headbutt","Body Slam","True Grit+1","Second Wind+1","Rage+1","Shrug It Off+1"],"relics":["Black Blood","Golden Idol","Spirit Poop","Toxic Egg 2","Darkstone Periapt","Ornamental Fan","Sling"],"potions_floor_usage":[1,12,14,14,18,20,25],"damage_taken":[{"damage":4,"enemies":"Jaw Worm","floor":1,"turns":4},{"damage":0,"enemies":"Small Slimes","floor":7,"turns":3},{"damage":0,"enemies":"2 Louse","floor":8,"turns":3},{"damage":5,"enemies":"Red Slaver","floor":11,"turns":3},{"damage":5,"enemies":"3 Sentries","floor":12,"turns":11},{"damage":0,"enemies":"Lagavulin","floor":14,"turns":8},{"damage":60,"enemies":"Slime Boss","floor":16,"turns":12},{"damage":12,"enemies":"2 Thieves","floor":18,"turns":4},{"damage":15,"enemies":"Chosen","floor":19,"turns":6},{"damage":55,"enemies":"Centurion and Healer","floor":20,"turns":8},{"damage":12,"enemies":"Snecko","floor":23,"turns":6},{"damage":29,"enemies":"Cultist and Chosen","floor":25,"turns":6}],"seed_played":"-9209205407117786598","potions_obtained":[{"floor":0,"key":"Poison Potion"},{"floor":0,"key":"Block Potion"},{"floor":0,"key":"FearPotion"},{"floor":7,"key":"Fire Potion"},{"floor":11,"key":"Energy Potion"},{"floor":14,"key":"Fruit Juice"},{"floor":19,"key":"Fire Potion"},{"floor":23,"key":"Energy Potion"}],"is_trial":false,"path_per_floor":["M","?","$","?","?","R","M","M","T","R","M","E","R","E","R","B",null,"M","M","M","$","?","M","$","M"],"character_chosen":"IRONCLAD","items_purchased":["Sling","Shrug It Off+1"],"campfire_rested":0,"item_purchase_floors":[21,24],"current_hp_per_floor":[74,74,74,74,74,74,80,80,80,80,80,80,80,85,85,31,72,70,65,20,20,20,18,18,0],"gold":117,"neow_bonus":"THREE_SMALL_POTIONS","is_prod":false,"is_daily":false,"chose_seed":false,"campfire_upgraded":4,"win_rate":0,"timestamp":1545988875,"path_taken":["M","?","$","?","?","R","?","M","T","R","M","E","R","E","R","BOSS","M","M","M","$","?","M","$","?"],"build_version":"2018-12-20","purchased_purges":1,"victory":false,"max_hp_per_floor":[80,80,80,80,80,80,80,80,80,80,80,80,80,85,85,85,85,85,85,85,85,85,85,85,85],"card_choices":[{"not_picked":["Spot Weakness","Pummel"],"picked":"Shockwave","floor":1},{"not_picked":["Warcry","Reckless Charge"],"picked":"Armaments","floor":7},{"not_picked":["Searing Blow","Uppercut"],"picked":"Pommel Strike","floor":8},{"not_picked":["Heavy Blade","Blood for Blood"],"picked":"Flame Barrier+1","floor":11},{"not_picked":["Fire Breathing","Iron Wave"],"picked":"Cleave","floor":12},{"not_picked":["Fire Breathing","Anger","Havoc+1"],"picked":"SKIP","floor":14},{"not_picked":["Offering+1","Dark Embrace"],"picked":"Juggernaut","floor":16},{"not_picked":["Warcry+1","Havoc+1"],"picked":"Headbutt","floor":18},{"not_picked":["Perfected Strike","Warcry+1"],"picked":"Body Slam","floor":19},{"not_picked":["Wild Strike","Clash"],"picked":"True Grit+1","floor":20},{"not_picked":["Warcry+1","Body Slam"],"picked":"Rage+1","floor":23}],"player_experience":1070398,"relics_obtained":[{"floor":9,"key":"Toxic Egg 2"},{"floor":12,"key":"Darkstone Periapt"},{"floor":14,"key":"Ornamental Fan"}],"event_choices":[{"damage_healed":0,"gold_gain":0,"player_choice":"Ignored","damage_taken":0,"max_hp_gain":0,"max_hp_loss":0,"event_name":"Shining Light","floor":2,"gold_loss":0},{"damage_healed":0,"gold_gain":0,"player_choice":"Take Wound","damage_taken":0,"relics_obtained":["Golden Idol"],"max_hp_gain":0,"max_hp_loss":0,"event_name":"Golden Idol","floor":4,"gold_loss":0,"cards_obtained":["Injury"]},{"cards_removed":["Injury"],"damage_healed":0,"gold_gain":0,"player_choice":"Offered Curse","damage_taken":0,"relics_obtained":["Spirit Poop"],"max_hp_gain":0,"max_hp_loss":0,"event_name":"Bonfire Elementals","floor":5,"gold_loss":0},{"damage_healed":0,"gold_gain":0,"cards_transformed":["Strike_R"],"player_choice":"Transformed","damage_taken":0,"max_hp_gain":0,"max_hp_loss":0,"event_name":"Transmorgrifier","floor":22,"gold_loss":0,"cards_obtained":["Second Wind"]}],"is_beta":false,"boss_relics":[{"not_picked":["Astrolabe","Runic Pyramid"],"picked":"Black Blood"}],"items_purged_floors":[3],"is_endless":false,"potions_floor_spawned":[7,11,14,19,23],"killed_by":"Cultist and Chosen","ascension_level":8}