{"gold_per_floor":[109,109,129,145,51,78,78,78,78,111,111,190,204,223,223,344,344,362,383,383,383,383,383,383],"floor_reached":24,"playtime":938,"items_purged":[],"score":368,"play_id":"a709beef-5e88-4702-b680-7a6ea542653f","local_time":"20181116081553","is_ascension_mode":true,"campfire_choices":[{"data":"Limit Break","floor":7,"key":"SMITH"},{"floor":15,"key":"REST"},{"floor":23,"key":"REST"}],"neow_cost":"NONE","seed_source_timestamp":137822185052299,"circlet_count":0,"master_deck":["Defend_R","Defend_R","Defend_R","Defend_R","Bash","Flex","Finesse","Limit Break+1","Cleave","Madness","Bludgeon","Injury","Corruption","Heavy Blade","Flex","Headbutt","Bludgeon","Combust+1","Pommel Strike+1","J.A.X.","Bite","Bite","Bite","Bite","Bite","Sword Boomerang+1"],"relics":["Burning Blood","NeowsBlessing","Dream Catcher","Golden Idol","Self Forming Clay","Red Skull","Mark of Pain","Nilry\u0027s Codex"],"potions_floor_usage":[10,14,19],"damage_taken":[{"damage":0,"enemies":"Jaw Worm","floor":1,"turns":1},{"damage":0,"enemies":"Cultist","floor":3,"turns":1},{"damage":0,"enemies":"Small Slimes","floor":4,"turns":1},{"damage":40,"enemies":"Gremlin Nob","floor":6,"turns":5},{"damage":22,"enemies":"3 Sentries","floor":10,"turns":6},{"damage":10,"enemies":"Exordium Wildlife","floor":13,"turns":3},{"damage":8,"enemies":"Large Slime","floor":14,"turns":4},{"damage":0,"enemies":"Slime Boss","floor":16,"turns":8},{"damage":10,"enemies":"Chosen","floor":18,"turns":3},{"damage":18,"enemies":"3 Byrds","floor":19,"turns":4},{"damage":70,"enemies":"Book of Stabbing","floor":24,"turns":5}],"seed_played":"7511016941747369170","potions_obtained":[{"floor":6,"key":"GamblersBrew"},{"floor":10,"key":"Poison Potion"},{"floor":13,"key":"AttackPotion"},{"floor":19,"key":"Ancient Potion"}],"is_trial":false,"path_per_floor":["M","?","M","M","$","E","R","?","T","E","$","?","M","M","R","B",null,"M","M","?","?","?","R","E"],"character_chosen":"IRONCLAD","items_purchased":["Madness"],"campfire_rested":2,"item_purchase_floors":[5],"current_hp_per_floor":[78,78,80,80,80,46,46,46,46,30,30,30,26,24,48,54,74,70,58,58,56,40,56,0],"gold":383,"neow_bonus":"THREE_ENEMY_KILL","is_prod":false,"is_daily":false,"chose_seed":false,"campfire_upgraded":1,"win_rate":0,"timestamp":1542352553,"path_taken":["M","?","M","?","$","E","R","?","T","E","$","?","?","M","R","BOSS","M","M","?","?","?","R","E"],"build_version":"2018-11-08","purchased_purges":0,"victory":false,"max_hp_per_floor":[80,80,80,80,80,80,80,80,80,80,80,80,80,80,80,80,80,80,80,80,56,56,56,56],"card_choices":[{"not_picked":["Twin Strike","Clothesline"],"picked":"Flex","floor":1},{"not_picked":["Armaments","Dropkick"],"picked":"Limit Break","floor":3},{"not_picked":["Clothesline","Twin Strike"],"picked":"Cleave","floor":4},{"not_picked":["Dual Wield","Impervious"],"picked":"Bludgeon","floor":6},{"not_picked":["Metallicize","Battle Trance"],"picked":"Corruption","floor":10},{"not_picked":["Sword Boomerang","Pummel"],"picked":"Heavy Blade","floor":13},{"not_picked":["Clothesline","Twin Strike"],"picked":"Flex","floor":14},{"not_picked":["Shockwave","Pummel"],"picked":"Headbutt","floor":15},{"not_picked":["Offering","Impervious"],"picked":"Bludgeon","floor":16},{"not_picked":["Battle Trance","Iron Wave"],"picked":"Combust+1","floor":18},{"not_picked":["True Grit","Heavy Blade+1"],"picked":"Pommel Strike+1","floor":19},{"not_picked":["Rage","Combust"],"picked":"Sword Boomerang+1","floor":23}],"player_experience":914904,"relics_obtained":[{"floor":6,"key":"Dream Catcher"},{"floor":9,"key":"Self Forming Clay"},{"floor":10,"key":"Red Skull"},{"floor":22,"key":"Nilry\u0027s Codex"}],"event_choices":[{"damage_healed":0,"gold_gain":0,"player_choice":"1 cards matched","damage_taken":0,"max_hp_gain":0,"max_hp_loss":0,"event_name":"Match and Keep!","floor":2,"gold_loss":0,"cards_obtained":["Finesse"]},{"damage_healed":0,"gold_gain":0,"player_choice":"Take Wound","damage_taken":0,"relics_obtained":["Golden Idol"],"max_hp_gain":0,"max_hp_loss":0,"event_name":"Golden Idol","floor":8,"gold_loss":0,"cards_obtained":["Injury"]},{"damage_healed":0,"gold_gain":79,"player_choice":"Gained Gold","damage_taken":0,"max_hp_gain":0,"max_hp_loss":0,"event_name":"Golden Wing","floor":12,"gold_loss":0},{"damage_healed":0,"gold_gain":0,"player_choice":"Obtain J.A.X.","damage_taken":0,"max_hp_gain":0,"max_hp_loss":0,"event_name":"Drug Dealer","floor":20,"gold_loss":0,"cards_obtained":["J.A.X."]},{"damage_healed":0,"gold_gain":0,"player_choice":"Became a vampire","damage_taken":0,"max_hp_gain":0,"max_hp_loss":24,"event_name":"Vampires","floor":21,"gold_loss":0,"cards_obtained":["Bite","Bite","Bite","Bite","Bite"]},{"damage_healed":0,"gold_gain":0,"player_choice":"Obtained Book","damage_taken":16,"max_hp_gain":0,"max_hp_loss":0,"event_name":"Cursed Tome","floor":22,"gold_loss":0}],"is_beta":false,"boss_relics":[{"not_picked":["Velvet Choker","Coffee Dripper"],"picked":"Mark of Pain"}],"items_purged_floors":[],"is_endless":false,"potions_floor_spawned":[6,10,13,19],"killed_by":"Book of Stabbing","ascension_level":7}