{"gold_per_floor":[18,293,26,36,47,80,80,45,114,148,219,13,46,66,66,166,166,186,186,199,62,74,74,74],"floor_reached":24,"playtime":1570,"items_purged":["Regret","Strike_G","Defend_G"],"score":321,"play_id":"6ef019d3-36d3-4685-b8f9-8d9287057a7a","local_time":"20190322123517","is_ascension_mode":true,"campfire_choices":[{"data":"Footwork","floor":7,"key":"SMITH"},{"floor":15,"key":"REST"},{"floor":23,"key":"REST"}],"neow_cost":"NO_GOLD","seed_source_timestamp":170037530285500,"circlet_count":0,"master_deck":["AscendersBane","Defend_G","Defend_G","Defend_G","Defend_G","Strike_G+1","Survivor","Neutralize","Outmaneuver","Eviscerate","Dash+1","Blur","Footwork+1","Footwork","Bullet Time","Phantasmal Killer","Setup","Quick Slash","Tactician+1","Crippling Poison+1"],"relics":["Ring of the Snake","Membership Card","Bag of Marbles","Pear","Whetstone","Gambling Chip","Calipers","Black Star","Bag of Preparation"],"potions_floor_usage":[6,6,10,18,22,24],"damage_taken":[{"damage":8,"enemies":"2 Louse","floor":1,"turns":5},{"damage":0,"enemies":"Cultist","floor":4,"turns":5},{"damage":0,"enemies":"Small Slimes","floor":5,"turns":6},{"damage":3,"enemies":"Gremlin Nob","floor":6,"turns":5},{"damage":41,"enemies":"3 Sentries","floor":10,"turns":19},{"damage":5,"enemies":"Lagavulin","floor":13,"turns":8},{"damage":0,"enemies":"Blue Slaver","floor":14,"turns":2},{"damage":34,"enemies":"Slime Boss","floor":16,"turns":31},{"damage":10,"enemies":"Spheric Guardian","floor":18,"turns":4},{"damage":9,"enemies":"Shell Parasite","floor":20,"turns":11},{"damage":11,"enemies":"Cultist and Chosen","floor":22,"turns":9},{"damage":63,"enemies":"Gremlin Leader","floor":24,"turns":8}],"seed_played":"6120136910329114124","potions_obtained":[{"floor":1,"key":"PowerPotion"},{"floor":6,"key":"FearPotion"},{"floor":16,"key":"Block Potion"},{"floor":20,"key":"Explosive Potion"},{"floor":22,"key":"SkillPotion"}],"is_trial":false,"path_per_floor":["M","?","$","M","M","E","R","?","T","E","?","$","E","M","R","B",null,"M","?","M","$","M","R","E"],"character_chosen":"THE_SILENT","items_purchased":["Membership Card","PowerPotion","Gambling Chip","Bag of Preparation"],"campfire_rested":2,"item_purchase_floors":[3,3,12,21],"current_hp_per_floor":[55,55,55,55,55,52,52,69,79,38,38,38,33,33,57,23,66,56,56,47,47,36,60,0],"gold":74,"neow_bonus":"TRANSFORM_TWO_CARDS","is_prod":false,"is_daily":false,"chose_seed":false,"campfire_upgraded":1,"win_rate":0,"timestamp":1553254517,"path_taken":["M","?","$","?","M","E","R","?","T","E","?","$","E","M","R","BOSS","M","?","?","$","M","R","E"],"build_version":"2019-01-23","purchased_purges":3,"victory":false,"max_hp_per_floor":[70,70,70,70,70,70,70,70,80,80,80,80,80,80,80,80,80,80,80,80,80,80,80,80],"card_choices":[{"not_picked":["Dagger Spray","Outmaneuver"],"picked":"Dash","floor":1},{"not_picked":["Infinite Blades","Riddle With Holes"],"picked":"Blur","floor":4},{"not_picked":["Sucker Punch","Prepared","Deflect"],"picked":"SKIP","floor":5},{"not_picked":["Calculated Gamble","Sucker Punch"],"picked":"Footwork","floor":6},{"not_picked":["Dash","Concentrate"],"picked":"Footwork","floor":10},{"not_picked":["Dagger Spray","Dodge and Roll"],"picked":"Bullet Time","floor":13},{"not_picked":["Concentrate","Quick Slash","Flechettes"],"picked":"SKIP","floor":14},{"not_picked":["Doppelganger","Unload"],"picked":"Phantasmal Killer","floor":16},{"not_picked":["Bane","Flying Knee","Setup"],"picked":"SKIP","floor":18},{"not_picked":["Bane","Flying Knee"],"picked":"Setup","floor":18},{"not_picked":["Dodge and Roll","Bane"],"picked":"Tactician+1","floor":20},{"not_picked":["Noxious Fumes+1","Accuracy"],"picked":"Crippling Poison+1","floor":22}],"player_experience":1563502,"relics_obtained":[{"floor":6,"key":"Bag of Marbles"},{"floor":9,"key":"Pear"},{"floor":10,"key":"Whetstone"},{"floor":13,"key":"Calipers"}],"event_choices":[{"damage_healed":0,"gold_gain":275,"player_choice":"Desecrate","damage_taken":0,"max_hp_gain":0,"max_hp_loss":0,"event_name":"Golden Shrine","floor":2,"gold_loss":0,"cards_obtained":["Regret"]},{"damage_healed":17,"gold_gain":0,"player_choice":"Healed","damage_taken":0,"max_hp_gain":0,"max_hp_loss":0,"event_name":"The Cleric","floor":8,"gold_loss":35},{"damage_healed":0,"gold_gain":71,"player_choice":"Gained Gold","damage_taken":0,"max_hp_gain":0,"max_hp_loss":0,"event_name":"Golden Wing","floor":11,"gold_loss":0},{"damage_healed":0,"gold_gain":0,"cards_transformed":["Strike_G"],"player_choice":"Transformed","damage_taken":0,"max_hp_gain":0,"max_hp_loss":0,"event_name":"Transmorgrifier","floor":19,"gold_loss":0,"cards_obtained":["Quick Slash"]}],"is_beta":false,"boss_relics":[{"not_picked":["Ring of the Serpent","Fusion Hammer"],"picked":"Black Star"}],"items_purged_floors":[3,12,21],"is_endless":false,"potions_floor_spawned":[1,6,16,20,22],"killed_by":"Gremlin Leader","ascension_level":10}