{"gold_per_floor":[111,125,125,136,65,65,94,94,144,159,169,179,104,117,117,220,220,231,241,241,94,94,127,127,154,179,213,213,230,240,250,250,354,354,374,388,434,139,14,14,29,29,80,80,80,80,80,100,100,100],"floor_reached":50,"playtime":3275,"items_purged":["Strike_R","Barricade","Metallicize"],"score":605,"play_id":"2faf4f74-ebc5-4b26-a3b6-50104dd3a8df","local_time":"20190401214458","is_ascension_mode":true,"campfire_choices":[{"data":"1","floor":6,"key":"LIFT"},{"data":"Limit Break","floor":8,"key":"SMITH"},{"data":"2","floor":15,"key":"LIFT"},{"data":"Flame Barrier","floor":24,"key":"SMITH"},{"data":"3","floor":32,"key":"LIFT"},{"floor":40,"key":"REST"},{"data":"Armaments","floor":42,"key":"SMITH"},{"data":"Pummel","floor":44,"key":"SMITH"},{"data":"Shrug It Off","floor":47,"key":"SMITH"},{"data":"Heavy Blade","floor":49,"key":"SMITH"}],"neow_cost":"PERCENT_DAMAGE","seed_source_timestamp":87179692926700,"circlet_count":0,"master_deck":["Defend_R","Defend_R","Defend_R","Defend_R","Bash","Flame Barrier+1","Wild Strike","Battle Trance","Armaments+1","Limit Break+1","Pommel Strike","Heavy Blade+1","Pummel+1","Clothesline","Twin Strike+1","Bash","Bite","Bite","Bite","Bite","Bite","Headbutt+1","Disarm+1","Feed","Shrug It Off+1","Madness","Madness"],"relics":["Black Blood","Girya","Art of War","Centennial Puzzle","Anchor","Ginger","Pen Nib","PreservedInsect","Red Skull","Blood Vial","Mark of Pain","WingedGreaves","Bag of Marbles","Regal Pillow"],"potions_floor_usage":[7,23,33,41,50,50,50],"damage_taken":[{"damage":1,"enemies":"Cultist","floor":1,"turns":3},{"damage":9,"enemies":"Small Slimes","floor":2,"turns":5},{"damage":0,"enemies":"Jaw Worm","floor":4,"turns":3},{"damage":12,"enemies":"3 Sentries","floor":7,"turns":13},{"damage":11,"enemies":"Lots of Slimes","floor":10,"turns":5},{"damage":30,"enemies":"Gremlin Gang","floor":11,"turns":7},{"damage":1,"enemies":"Exordium Wildlife","floor":12,"turns":4},{"damage":6,"enemies":"Looter","floor":14,"turns":3},{"damage":20,"enemies":"Slime Boss","floor":16,"turns":11},{"damage":24,"enemies":"Spheric Guardian","floor":18,"turns":5},{"damage":4,"enemies":"Chosen","floor":19,"turns":5},{"damage":24,"enemies":"Slavers","floor":23,"turns":6},{"damage":32,"enemies":"Book of Stabbing","floor":25,"turns":8},{"damage":20,"enemies":"Gremlin Leader","floor":27,"turns":7},{"damage":16,"enemies":"Sentry and Sphere","floor":29,"turns":7},{"damage":34,"enemies":"Cultist and Chosen","floor":30,"turns":7},{"damage":7,"enemies":"Centurion and Healer","floor":31,"turns":4},{"damage":35,"enemies":"Champ","floor":33,"turns":7},{"damage":6,"enemies":"Orb Walker","floor":35,"turns":3},{"damage":0,"enemies":"3 Shapes","floor":36,"turns":3},{"damage":38,"enemies":"2 Orb Walkers","floor":37,"turns":4},{"damage":7,"enemies":"Sphere and 2 Shapes","floor":41,"turns":6},{"damage":29,"enemies":"4 Shapes","floor":48,"turns":5},{"damage":64,"enemies":"Donu and Deca","floor":50,"turns":7}],"seed_played":"-2719489087847774529","potions_obtained":[{"floor":1,"key":"Fire Potion"},{"floor":7,"key":"Dexterity Potion"},{"floor":11,"key":"Regen Potion"},{"floor":18,"key":"Block Potion"},{"floor":27,"key":"SteroidPotion"},{"floor":33,"key":"LiquidBronze"},{"floor":41,"key":"LiquidBronze"}],"is_trial":false,"path_per_floor":["M","M","?","M","$","R","E","R","T","M","M","M","$","M","R","B",null,"M","M","?","$","?","E","R","E","T","E","T","M","M","M","R","B",null,"M","M","?","$","$","R","M","R","T","R","?","?","R","M","R","B"],"character_chosen":"IRONCLAD","items_purchased":["Metallicize","Anchor","Shrug It Off","Bag of Marbles"],"campfire_rested":1,"item_purchase_floors":[5,21,38,38],"current_hp_per_floor":[61,58,58,64,64,64,58,58,58,53,29,34,34,34,34,20,80,66,72,72,72,56,48,48,36,36,36,36,38,22,29,29,31,56,56,56,28,28,28,44,56,56,56,56,49,49,49,41,41,0],"gold":100,"neow_bonus":"ONE_RARE_RELIC","is_prod":false,"is_daily":false,"chose_seed":false,"campfire_upgraded":6,"win_rate":0,"timestamp":1554180298,"path_taken":["M","?","?","M","$","R","E","R","T","?","M","M","$","M","R","BOSS","M","M","?","?","?","E","R","E","T","E","?","M","M","?","R","BOSS","M","?","?","$","$","R","M","R","T","R","?","?","R","M","R","BOSS"],"build_version":"2019-01-23","purchased_purges":3,"victory":false,"max_hp_per_floor":[80,80,80,80,80,80,80,80,80,80,80,80,80,80,80,80,80,80,80,80,80,56,56,56,56,56,56,56,56,56,56,56,56,56,56,56,56,56,56,56,56,56,56,56,56,56,56,56,56,56],"card_choices":[{"not_picked":["Twin Strike","Clothesline"],"picked":"Flame Barrier","floor":1},{"not_picked":["Havoc","Bloodletting"],"picked":"Wild Strike","floor":2},{"not_picked":["Warcry","Pommel Strike"],"picked":"Armaments","floor":4},{"not_picked":["Flame Barrier","Thunderclap"],"picked":"Limit Break","floor":7},{"not_picked":["Armaments","Cleave"],"picked":"Pommel Strike","floor":10},{"not_picked":["Cleave","Sword Boomerang"],"picked":"Heavy Blade","floor":11},{"not_picked":["Power Through","Shockwave"],"picked":"Pummel","floor":12},{"not_picked":["Shockwave","Brutality"],"picked":"Clothesline","floor":14},{"not_picked":["Dark Embrace","Berserk"],"picked":"Barricade","floor":16},{"not_picked":["Clash","Heavy Blade"],"picked":"Twin Strike+1","floor":18},{"not_picked":["Evolve","Armaments","Dual Wield"],"picked":"SKIP","floor":19},{"not_picked":["Inflame","Wild Strike"],"picked":"Headbutt+1","floor":23},{"not_picked":["Anger","Perfected Strike"],"picked":"Disarm+1","floor":25},{"not_picked":["Dropkick+1","Brutality","Havoc"],"picked":"SKIP","floor":27},{"not_picked":["Sword Boomerang","Clash+1","Metallicize"],"picked":"SKIP","floor":29},{"not_picked":["Flex","Bloodletting+1","Clash+1"],"picked":"SKIP","floor":30},{"not_picked":["Wild Strike+1","Heavy Blade+1","Clothesline"],"picked":"SKIP","floor":31},{"not_picked":["Juggernaut","Berserk"],"picked":"Feed","floor":33},{"not_picked":["Sentinel+1","Uppercut","Sever Soul+1"],"picked":"SKIP","floor":35},{"not_picked":["Seeing Red+1","Pommel Strike","Clash"],"picked":"SKIP","floor":36},{"not_picked":["Twin Strike","Sword Boomerang+1","Sentinel"],"picked":"SKIP","floor":41},{"not_picked":["Dual Wield+1","Blood for Blood+1","Burning Pact+1"],"picked":"SKIP","floor":48}],"player_experience":258035,"relics_obtained":[{"floor":7,"key":"Art of War"},{"floor":9,"key":"Centennial Puzzle"},{"floor":23,"key":"Ginger"},{"floor":25,"key":"Pen Nib"},{"floor":26,"key":"PreservedInsect"},{"floor":27,"key":"Red Skull"},{"floor":28,"key":"Blood Vial"},{"floor":37,"key":"WingedGreaves"},{"floor":43,"key":"Regal Pillow"}],"event_choices":[{"damage_healed":0,"gold_gain":0,"cards_transformed":["Strike_R"],"player_choice":"Transformed","damage_taken":0,"max_hp_gain":0,"max_hp_loss":0,"event_name":"Transmorgrifier","floor":3,"gold_loss":0,"cards_obtained":["Battle Trance"]},{"damage_healed":0,"gold_gain":0,"player_choice":"1 cards matched","damage_taken":0,"max_hp_gain":0,"max_hp_loss":0,"event_name":"Match and Keep!","floor":20,"gold_loss":0,"cards_obtained":["Bash"]},{"damage_healed":0,"gold_gain":0,"player_choice":"Became a vampire","damage_taken":0,"max_hp_gain":0,"max_hp_loss":24,"event_name":"Vampires","floor":22,"gold_loss":0,"cards_obtained":["Bite","Bite","Bite","Bite","Bite"]},{"damage_healed":0,"gold_gain":0,"player_choice":"Fight","damage_taken":0,"max_hp_gain":0,"max_hp_loss":0,"event_name":"Mysterious Sphere","floor":37,"gold_loss":0},{"damage_healed":0,"gold_gain":0,"player_choice":"Embrace Madness","damage_taken":7,"max_hp_gain":0,"max_hp_loss":0,"event_name":"Winding Halls","floor":45,"gold_loss":0,"cards_obtained":["Madness","Madness"]},{"damage_healed":0,"gold_gain":0,"player_choice":"0 cards matched","damage_taken":0,"max_hp_gain":0,"max_hp_loss":0,"event_name":"Match and Keep!","floor":46,"gold_loss":0,"cards_obtained":[]}],"is_beta":false,"boss_relics":[{"not_picked":["Runic Pyramid","Busted Crown"],"picked":"Black Blood"},{"not_picked":["Runic Cube","Calling Bell"],"picked":"Mark of Pain"}],"items_purged_floors":[13,38,39],"is_endless":false,"potions_floor_spawned":[1,7,11,18,27,30,31,33,35,36,41,48],"killed_by":"Donu and Deca","ascension_level":2}