{"gold_per_floor":[217,217,229,6,6,41,41,76,76,76,92,92,112,131,131,226,226,243,243,243,243,243,243],"floor_reached":23,"playtime":7669,"items_purged":["Pain"],"score":296,"play_id":"9d6ae7a5-b78d-474a-a1d2-31031f679fbf","local_time":"20190224182325","is_ascension_mode":true,"campfire_choices":[{"floor":7,"key":"REST"},{"floor":10,"key":"REST"},{"floor":12,"key":"REST"},{"floor":15,"key":"REST"}],"neow_cost":"NONE","seed_source_timestamp":61678869443300,"circlet_count":0,"master_deck":["AscendersBane","Defend_G","Defend_G","Defend_G","Defend_G","Defend_G","Strike_G","Strike_G","Strike_G","Strike_G","Strike_G","Survivor","Neutralize","Catalyst","Well Laid Plans","Blur","Bouncing Flask","Caltrops","Setup","Venomology","Writhe"],"relics":["Ring of the Snake","WarpedTongs","Blood Vial","Paper Crane","Art of War","Pear","HoveringKite","Dream Catcher"],"potions_floor_usage":[8,16,23,23],"damage_taken":[{"damage":4,"enemies":"Small Slimes","floor":1,"turns":7},{"damage":2,"enemies":"Cultist","floor":3,"turns":5},{"damage":32,"enemies":"Lagavulin","floor":6,"turns":12},{"damage":35,"enemies":"Gremlin Nob","floor":8,"turns":6},{"damage":8,"enemies":"2 Louse","floor":11,"turns":3},{"damage":5,"enemies":"Gremlin Gang","floor":13,"turns":6},{"damage":18,"enemies":"3 Louse","floor":14,"turns":4},{"damage":22,"enemies":"Hexaghost","floor":16,"turns":9},{"damage":22,"enemies":"Chosen","floor":18,"turns":6},{"damage":81,"enemies":"Slavers","floor":23,"turns":5}],"seed_played":"3164163041069973218","potions_obtained":[{"floor":6,"key":"Block Potion"},{"floor":13,"key":"Weak Potion"}],"is_trial":false,"path_per_floor":["M","?","M","$","?","E","R","E","T","R","M","R","M","M","R","B",null,"M","?","?","?","?","E"],"character_chosen":"THE_SILENT","items_purchased":["Blood Vial"],"campfire_rested":4,"item_purchase_floors":[4],"current_hp_per_floor":[59,59,57,57,57,27,48,15,25,49,43,67,64,48,72,52,73,53,79,79,79,79,0],"gold":243,"neow_bonus":"HUNDRED_GOLD","is_prod":false,"is_daily":false,"chose_seed":false,"campfire_upgraded":0,"win_rate":0,"timestamp":1551029005,"path_taken":["M","?","?","$","?","E","R","E","T","R","?","R","M","M","R","BOSS","M","?","?","?","?","E"],"build_version":"2019-01-23","purchased_purges":1,"victory":false,"max_hp_per_floor":[70,70,70,70,70,70,70,70,80,80,80,80,80,80,80,80,80,80,80,80,80,80,80],"card_choices":[{"not_picked":["Poisoned Stab","Underhanded Strike"],"picked":"Catalyst","floor":1},{"not_picked":["Riddle With Holes","Endless Agony"],"picked":"Well Laid Plans","floor":3},{"not_picked":["Sucker Punch","Endless Agony"],"picked":"Bouncing Flask","floor":6},{"not_picked":["Acrobatics","Skewer","PiercingWail"],"picked":"SKIP","floor":8},{"not_picked":["Dodge and Roll","Cloak And Dagger"],"picked":"Caltrops","floor":11},{"not_picked":["PiercingWail","Outmaneuver"],"picked":"Setup","floor":13},{"not_picked":["Flying Knee","PiercingWail","Dodge and Roll"],"picked":"SKIP","floor":14},{"not_picked":["Envenom","Grand Finale"],"picked":"Venomology","floor":16},{"not_picked":["Flying Knee","Deflect","Bane"],"picked":"SKIP","floor":18}],"player_experience":1424707,"relics_obtained":[{"floor":6,"key":"Paper Crane"},{"floor":8,"key":"Art of War"},{"floor":9,"key":"Pear"}],"event_choices":[{"damage_healed":0,"gold_gain":0,"player_choice":"Rummage","damage_taken":0,"relics_obtained":["WarpedTongs"],"max_hp_gain":0,"max_hp_loss":0,"event_name":"Accursed Blacksmith","floor":2,"gold_loss":0,"cards_obtained":["Pain"]},{"damage_healed":0,"gold_gain":0,"player_choice":"1 cards matched","damage_taken":0,"max_hp_gain":0,"max_hp_loss":0,"event_name":"Match and Keep!","floor":5,"gold_loss":0,"cards_obtained":["Blur"]},{"damage_healed":26,"gold_gain":0,"player_choice":"Heal","damage_taken":0,"max_hp_gain":0,"max_hp_loss":0,"event_name":"The Library","floor":19,"gold_loss":0},{"damage_healed":0,"gold_gain":0,"player_choice":"Ignored","damage_taken":0,"max_hp_gain":0,"max_hp_loss":0,"event_name":"Ghosts","floor":20,"gold_loss":0},{"damage_healed":0,"gold_gain":0,"player_choice":"Opened","damage_taken":0,"relics_obtained":["Dream Catcher"],"max_hp_gain":0,"max_hp_loss":0,"event_name":"The Mausoleum","floor":21,"gold_loss":0,"cards_obtained":["Writhe"]},{"damage_healed":0,"gold_gain":0,"player_choice":"0 cards matched","damage_taken":0,"max_hp_gain":0,"max_hp_loss":0,"event_name":"Match and Keep!","floor":22,"gold_loss":0,"cards_obtained":[]}],"is_beta":false,"boss_relics":[{"not_picked":["Black Star","Coffee Dripper"],"picked":"HoveringKite"}],"items_purged_floors":[4],"is_endless":false,"potions_floor_spawned":[6,13],"killed_by":"Slavers","ascension_level":10}