{"gold_per_floor":[20,20,32,32,42,42,42,73,73,89,102,137,137,137,137,237,237,251,19,118,118,134,134,161,161,187,187,220,220,220],"floor_reached":30,"playtime":1351,"items_purged":[],"score":450,"play_id":"d7085321-93b6-4160-b76a-82523d7786af","local_time":"20190403204517","is_ascension_mode":true,"campfire_choices":[{"floor":6,"key":"REST"},{"floor":13,"key":"REST"},{"floor":15,"key":"REST"},{"floor":23,"key":"REST"},{"floor":25,"key":"REST"},{"floor":27,"key":"REST"},{"floor":29,"key":"REST"}],"neow_cost":"NO_GOLD","seed_source_timestamp":691027447434100,"circlet_count":0,"master_deck":["AscendersBane","Strike_B","Defend_B","Defend_B","Defend_B","Defend_B","Zap","Dualcast","Biased Cognition","Coolheaded","Storm","Regret","Self Repair","Ball Lightning","Static Discharge","Auto Shields","Creative AI","Chill","Self Repair","Consume","Steam","Glacier+1"],"relics":["Cracked Core","Darkstone Periapt","Centennial Puzzle","Mango","Dodecahedron","Boot","Nuclear Battery","PreservedInsect","Incense Burner","Lantern","Dead Branch"],"potions_floor_usage":[12,28],"damage_taken":[{"damage":2,"enemies":"Jaw Worm","floor":1,"turns":3},{"damage":6,"enemies":"2 Louse","floor":3,"turns":2},{"damage":2,"enemies":"Cultist","floor":5,"turns":3},{"damage":62,"enemies":"Lagavulin","floor":8,"turns":8},{"damage":1,"enemies":"3 Louse","floor":10,"turns":2},{"damage":8,"enemies":"Blue Slaver","floor":11,"turns":4},{"damage":30,"enemies":"3 Sentries","floor":12,"turns":4},{"damage":60,"enemies":"The Guardian","floor":16,"turns":12},{"damage":32,"enemies":"Shell Parasite","floor":18,"turns":5},{"damage":24,"enemies":"Spheric Guardian","floor":22,"turns":4},{"damage":49,"enemies":"Book of Stabbing","floor":24,"turns":5},{"damage":68,"enemies":"Slavers","floor":28,"turns":6},{"damage":53,"enemies":"3 Cultists","floor":30,"turns":4}],"seed_played":"3139920748258705230","potions_obtained":[{"floor":3,"key":"FearPotion"},{"floor":10,"key":"Ancient Potion"},{"floor":12,"key":"SteroidPotion"},{"floor":16,"key":"Ancient Potion"}],"is_trial":false,"path_per_floor":["M","?","M","?","M","R","?","E","T","M","M","E","R","?","R","B",null,"M","$","?","?","M","R","E","R","T","R","E","R","M"],"character_chosen":"DEFECT","items_purchased":["PreservedInsect","Self Repair"],"campfire_rested":7,"item_purchase_floors":[19,19],"current_hp_per_floor":[66,66,60,66,64,81,81,40,40,46,45,22,50,50,78,25,78,53,53,53,53,43,71,36,64,64,92,24,52,0],"gold":220,"neow_bonus":"THREE_RARE_CARDS","is_prod":false,"is_daily":false,"chose_seed":false,"campfire_upgraded":0,"win_rate":0,"timestamp":1554317117,"path_taken":["M","?","M","?","M","R","?","E","T","?","M","E","R","?","R","BOSS","M","$","?","?","M","R","E","R","T","R","E","R","M"],"build_version":"2019-01-23","purchased_purges":0,"victory":false,"max_hp_per_floor":[75,75,75,81,81,81,81,95,95,95,95,95,95,95,95,95,95,95,95,95,95,95,95,95,95,95,95,95,95,95],"card_choices":[{"not_picked":["Electrodynamics","Fission"],"picked":"Biased Cognition","floor":0},{"not_picked":["Sweeping Beam","Beam Cell"],"picked":"Coolheaded","floor":1},{"not_picked":["Leap","Blizzard"],"picked":"Storm","floor":3},{"not_picked":["Scrape","Cold Snap"],"picked":"Self Repair","floor":5},{"not_picked":["Barrage","Auto Shields"],"picked":"Ball Lightning","floor":8},{"not_picked":["Streamline","Steam","Lockon"],"picked":"SKIP","floor":10},{"not_picked":["Steam","Gash"],"picked":"Static Discharge","floor":11},{"not_picked":["Melter","Darkness"],"picked":"Auto Shields","floor":12},{"not_picked":["Biased Cognition","Electrodynamics"],"picked":"Creative AI","floor":16},{"not_picked":["Skim+1","Conserve Battery"],"picked":"Chill","floor":18},{"not_picked":["Rebound","Chaos","Steam"],"picked":"SKIP","floor":22},{"not_picked":["Hologram","Chaos"],"picked":"Glacier+1","floor":24},{"not_picked":["Hello World","Redo","Leap"],"picked":"SKIP","floor":28}],"player_experience":1599116,"relics_obtained":[{"floor":8,"key":"Mango"},{"floor":9,"key":"Dodecahedron"},{"floor":12,"key":"Boot"},{"floor":24,"key":"Incense Burner"},{"floor":26,"key":"Lantern"},{"floor":28,"key":"Dead Branch"}],"event_choices":[{"cards_removed":["Strike_B"],"damage_healed":0,"gold_gain":0,"player_choice":"Forget","damage_taken":0,"max_hp_gain":0,"max_hp_loss":0,"event_name":"Living Wall","floor":2,"gold_loss":0},{"damage_healed":0,"gold_gain":0,"player_choice":"Box","damage_taken":0,"relics_obtained":["Darkstone Periapt"],"max_hp_gain":0,"max_hp_loss":0,"event_name":"Big Fish","floor":4,"gold_loss":0,"cards_obtained":["Regret"]},{"damage_healed":0,"gold_gain":0,"player_choice":"Gave Potion","damage_taken":0,"relics_obtained":["Centennial Puzzle"],"max_hp_gain":0,"max_hp_loss":0,"event_name":"WeMeetAgain","floor":7,"gold_loss":0},{"damage_healed":0,"gold_gain":0,"player_choice":"Ignored","damage_taken":0,"max_hp_gain":0,"max_hp_loss":0,"event_name":"Golden Wing","floor":14,"gold_loss":0},{"damage_healed":0,"gold_gain":99,"player_choice":"Stole From Cult","damage_taken":0,"max_hp_gain":0,"max_hp_loss":0,"event_name":"Nest","floor":20,"gold_loss":0},{"damage_healed":0,"gold_gain":0,"cards_transformed":["Strike_B","Strike_B"],"player_choice":"Became Test Subject","damage_taken":0,"max_hp_gain":0,"max_hp_loss":0,"event_name":"Drug Dealer","floor":21,"gold_loss":0,"cards_obtained":["Consume","Steam"]}],"is_beta":false,"boss_relics":[{"not_picked":["Snecko Eye","Runic Dome"],"picked":"Nuclear Battery"}],"items_purged_floors":[],"is_endless":false,"potions_floor_spawned":[3,10,12,16,24],"killed_by":"3 Cultists","ascension_level":11}