{"path_per_floor":["M","?","?","?","M","R","E","R","T","M","?","M","R","E","R","B",null,"M","M","?","M","?","M","E","R","T","M","R","E","R","M","R","B",null,"M","$","?","$","?","M","M","R","T","E"],"character_chosen":"THE_SILENT","items_purchased":["Apotheosis","Ice Cream","Malaise"],"gold_per_floor":[118,98,98,98,114,114,140,140,140,152,227,246,246,272,272,374,374,354,364,364,378,378,389,423,423,474,493,493,527,527,537,537,638,638,658,380,380,50,50,64,79,79,79,109],"floor_reached":45,"campfire_rested":6,"playtime":3017,"current_hp_per_floor":[70,70,70,63,63,63,24,45,45,44,33,32,53,52,52,47,70,60,59,46,45,45,40,19,41,41,17,39,38,60,44,66,40,75,56,56,47,47,75,68,68,68,75,33],"items_purged":["Strike_G"],"gold":109,"score":589,"play_id":"26aa80dd-ea78-4b72-b96f-a7b01b83dfef","local_time":"20180316002052","is_prod":false,"is_daily":false,"is_ascension_mode":true,"campfire_upgraded":3,"timestamp":1521184852,"path_taken":["M","?","?","?","?","R","E","R","T","M","?","M","R","E","R","BOSS","M","M","?","M","?","?","E","R","T","?","R","E","R","M","R","BOSS","M","$","?","$","?","M","M","R","T","E","?"],"build_version":"2018-03-15","purchased_purges":1,"victory":false,"master_deck":["Defend_G","Defend_G","Defend_G","Defend_G","Defend_G","Strike_G","Strike_G+1","Survivor","Neutralize","After Image","Noxious Fumes+1","Backflip","After Image","Noxious Fumes+1","Sucker Punch","Dagger Throw","Burst+1","Acrobatics","Well Laid Plans","Underhanded Strike+1","Deflect+1","Deflect","Backflip","Tools of the Trade","Outmaneuver+1","Apotheosis","Madness","Madness","Malaise","Sucker Punch+1","Deflect+1","Die Die Die"],"max_hp_per_floor":[70,70,70,70,70,70,70,70,70,70,70,70,70,70,70,70,70,70,70,75,75,75,75,75,75,75,75,75,75,75,75,75,75,75,75,75,75,75,75,75,75,75,82,82],"relics":["Ring of the Snake","Bottled Tornado","Torii","Meat on the Bone","Sozu","Kunai","Whetstone","Bronze Scales","The Specimen","Ice Cream","Strawberry","Unceasing Top"],"card_choices":[{"not_picked":["Dodge and Roll","Poisoned Stab"],"picked":"Noxious Fumes"},{"not_picked":["Deadly Poison","Concentrate"],"picked":"Backflip"},{"not_picked":["Prepared","PiercingWail"],"picked":"After Image"},{"not_picked":["Slice","Bane"],"picked":"Noxious Fumes"},{"not_picked":["Bane","Slice"],"picked":"Sucker Punch"},{"not_picked":["Endless Agony","Slice"],"picked":"Dagger Throw"},{"not_picked":["Bullet Time","Die Die Die"],"picked":"Burst"},{"not_picked":["Outmaneuver","Dagger Throw"],"picked":"Acrobatics"},{"not_picked":["Deadly Poison","PiercingWail"],"picked":"Well Laid Plans"},{"not_picked":["Crippling Poison","Venomology"],"picked":"Underhanded Strike"},{"not_picked":["Expertise","Cloak And Dagger"],"picked":"Deflect"},{"not_picked":["PiercingWail","Underhanded Strike"],"picked":"Deflect"},{"not_picked":["All Out Attack","Endless Agony"],"picked":"Backflip"},{"not_picked":["Glass Knife","Die Die Die"],"picked":"Tools of the Trade"},{"not_picked":["Slice","Deflect"],"picked":"Outmaneuver"},{"not_picked":["Dagger Spray","Deadly Poison"],"picked":"Sucker Punch"},{"not_picked":["Flechettes","Acrobatics"],"picked":"Deflect"},{"not_picked":["Distraction","Backstab"],"picked":"Die Die Die"}],"player_experience":183644,"potions_floor_usage":[16,24,24],"damage_taken":[{"damage":0,"enemies":"Small Slimes","floor":1,"turns":5},{"damage":0,"enemies":"Cultist","floor":5,"turns":6},{"damage":39,"enemies":"Gremlin Nob","floor":7,"turns":6},{"damage":1,"enemies":"2 Louse","floor":10,"turns":4},{"damage":1,"enemies":"Looter","floor":12,"turns":5},{"damage":1,"enemies":"Lagavulin","floor":14,"turns":7},{"damage":5,"enemies":"Hexaghost","floor":16,"turns":10},{"damage":10,"enemies":"2 Thieves","floor":18,"turns":4},{"damage":1,"enemies":"Spheric Guardian","floor":19,"turns":6},{"damage":1,"enemies":"Snecko","floor":21,"turns":6},{"damage":17,"enemies":"Chosen and Byrds","floor":23,"turns":6},{"damage":33,"enemies":"Gremlin Leader","floor":24,"turns":7},{"damage":36,"enemies":"Cultist and Chosen","floor":27,"turns":6},{"damage":1,"enemies":"Book of Stabbing","floor":29,"turns":7},{"damage":28,"enemies":"Snecko","floor":31,"turns":6},{"damage":38,"enemies":"Champ","floor":33,"turns":14},{"damage":19,"enemies":"3 Darklings","floor":35,"turns":6},{"damage":7,"enemies":"3 Shapes","floor":40,"turns":6},{"damage":0,"enemies":"Maw","floor":41,"turns":9},{"damage":54,"enemies":"2 Orb Walkers","floor":44,"turns":7},{"damage":48,"enemies":"4 Shapes","floor":45,"turns":4}],"event_choices":[{"event_name":"The Woman in Blue","player_choice":"Bought 1 Potion","floor":2,"damage_taken":0},{"event_name":"Bonfire Elementals","player_choice":"BASIC","floor":3,"damage_taken":0},{"event_name":"Golden Wing","player_choice":"Card Removal","floor":4,"damage_taken":0},{"event_name":"World of Goop","player_choice":"Gather Gold","floor":11,"damage_taken":0},{"event_name":"Forgotten Altar","player_choice":"Shed Blood","floor":20,"damage_taken":0},{"event_name":"Drug Dealer","player_choice":"Ignored","floor":22,"damage_taken":0},{"event_name":"Winding Halls","player_choice":"Embrace Madness","floor":37,"damage_taken":0},{"event_name":"Wheel of Change","player_choice":"Full Heal","floor":39,"damage_taken":0}],"boss_relics":[{"not_picked":["Philosopher\u0027s Stone","Pandora\u0027s Box"],"picked":"Sozu"},{"not_picked":["Runic Dome","Calling Bell"],"picked":"The Specimen"}],"potions_floor_spawned":[1,5,14,19,21,31],"seed_played":"2224038177544285839","killed_by":"4 Shapes","ascension_level":4,"is_trial":false}