{"gold_per_floor":[110,110,122,140,155,155,169,169,192,207,207,220,237,255,255,358,358,378,388,388,388,408,408,424,438,438,438,438,454,454,454,454,454],"floor_reached":33,"playtime":1249,"items_purged":[],"score":257,"play_id":"7307f27d-5d3b-497f-b226-a969de1fee6d","local_time":"20190514041012","is_ascension_mode":true,"campfire_choices":[{"data":"Go for the Eyes","floor":6,"key":"SMITH"},{"data":"Glacier","floor":8,"key":"SMITH"},{"data":"Conserve Battery","floor":11,"key":"SMITH"},{"data":"Loop","floor":15,"key":"SMITH"},{"data":"Zap","floor":23,"key":"SMITH"},{"data":"Capacitor","floor":28,"key":"SMITH"},{"data":"Electrodynamics","floor":30,"key":"SMITH"},{"floor":32,"key":"REST"}],"neow_cost":"NONE","seed_source_timestamp":140524839227814,"circlet_count":0,"master_deck":["Strike_B","Defend_B","Defend_B","Defend_B","Defend_B","Zap+1","Dualcast","Trip","Glacier+1","Conserve Battery+1","Leap","Go for the Eyes+1","Cold Snap","Loop+1","Electrodynamics+1","Rainbow+1","Multi-Cast+1","Lockon+1","Defragment+1","Conserve Battery","Capacitor+1","J.A.X.","Compile Driver+1"],"relics":["Cracked Core","Anchor","Astrolabe","Letter Opener"],"potions_floor_usage":[33,33,33],"damage_taken":[{"damage":6,"enemies":"Jaw Worm","floor":1,"turns":4},{"damage":0,"enemies":"2 Louse","floor":3,"turns":3},{"damage":1,"enemies":"Cultist","floor":4,"turns":4},{"damage":3,"enemies":"Looter","floor":5,"turns":4},{"damage":2,"enemies":"Lots of Slimes","floor":7,"turns":6},{"damage":4,"enemies":"Red Slaver","floor":10,"turns":5},{"damage":0,"enemies":"Large Slime","floor":12,"turns":6},{"damage":0,"enemies":"Exordium Wildlife","floor":13,"turns":3},{"damage":0,"enemies":"Blue Slaver","floor":14,"turns":4},{"damage":53,"enemies":"Slime Boss","floor":16,"turns":16},{"damage":0,"enemies":"Chosen","floor":18,"turns":4},{"damage":5,"enemies":"2 Thieves","floor":19,"turns":3},{"damage":11,"enemies":"Cultist and Chosen","floor":22,"turns":6},{"damage":6,"enemies":"Centurion and Healer","floor":24,"turns":8},{"damage":12,"enemies":"Snake Plant","floor":25,"turns":4},{"damage":19,"enemies":"3 Cultists","floor":29,"turns":6},{"damage":51,"enemies":"Collector","floor":33,"turns":7}],"seed_played":"-87533543605884241","potions_obtained":[{"floor":3,"key":"Swift Potion"},{"floor":4,"key":"Energy Potion"},{"floor":12,"key":"Strength Potion"},{"floor":22,"key":"LiquidBronze"}],"is_trial":false,"path_per_floor":["M","?","M","M","M","R","M","R","T","M","R","M","M","M","R","B",null,"M","M","?","?","M","R","M","M","T","?","R","M","R","?","R","B"],"character_chosen":"DEFECT","items_purchased":[],"campfire_rested":1,"item_purchase_floors":[],"current_hp_per_floor":[69,69,69,68,65,65,63,63,63,59,59,59,59,59,59,6,75,75,70,70,70,59,59,53,41,41,41,41,22,22,22,44,0],"gold":454,"neow_bonus":"RANDOM_COLORLESS","is_prod":false,"is_daily":false,"chose_seed":false,"campfire_upgraded":7,"win_rate":0,"timestamp":1557821412,"path_taken":["M","?","M","M","M","R","M","R","T","M","R","M","M","M","R","BOSS","M","M","?","?","M","R","?","M","T","?","R","M","R","?","R","BOSS"],"build_version":"2019-01-23","purchased_purges":0,"victory":false,"max_hp_per_floor":[75,75,75,75,75,75,75,75,75,75,75,75,75,75,75,75,75,75,75,75,75,75,75,75,75,75,75,75,75,75,75,75,75],"card_choices":[{"not_picked":["Redo","Scrape"],"picked":"Glacier","floor":1},{"not_picked":["Go for the Eyes","Turbo"],"picked":"Conserve Battery","floor":3},{"not_picked":["Redo","Aggregate"],"picked":"Leap","floor":4},{"not_picked":["Doom and Gloom","Tempest"],"picked":"Go for the Eyes","floor":5},{"not_picked":["Redo","Reinforced Body","Streamline"],"picked":"SKIP","floor":7},{"not_picked":["Darkness","Gash"],"picked":"Cold Snap","floor":10},{"not_picked":["Gash","Heatsinks","Double Energy"],"picked":"SKIP","floor":12},{"not_picked":["Gash","Rebound"],"picked":"Loop","floor":13},{"not_picked":["Streamline","Gash","Fusion"],"picked":"SKIP","floor":14},{"not_picked":["Fission","Biased Cognition"],"picked":"Electrodynamics","floor":16},{"not_picked":["Sweeping Beam+1","Coolheaded"],"picked":"Defragment","floor":18},{"not_picked":["Storm","Beam Cell","Go for the Eyes"],"picked":"SKIP","floor":19},{"not_picked":["Turbo+1","Leap"],"picked":"Conserve Battery","floor":22},{"not_picked":["Compile Driver","Conserve Battery"],"picked":"Capacitor","floor":24},{"not_picked":["Recycle+1","Heatsinks","Hello World+1"],"picked":"SKIP","floor":25},{"not_picked":["Chill+1","Cold Snap"],"picked":"Compile Driver+1","floor":29}],"player_experience":69895,"relics_obtained":[{"floor":9,"key":"Anchor"},{"floor":26,"key":"Letter Opener"}],"event_choices":[{"damage_healed":0,"gold_gain":0,"player_choice":"Ignored","damage_taken":0,"max_hp_gain":0,"max_hp_loss":0,"event_name":"Liars Game","floor":2,"gold_loss":0},{"damage_healed":0,"gold_gain":0,"player_choice":"Ignored","damage_taken":0,"max_hp_gain":0,"max_hp_loss":0,"event_name":"Ghosts","floor":20,"gold_loss":0},{"damage_healed":0,"gold_gain":0,"player_choice":"Forge","damage_taken":0,"max_hp_gain":0,"max_hp_loss":0,"event_name":"Accursed Blacksmith","floor":21,"gold_loss":0,"cards_upgraded":["Defragment"]},{"damage_healed":0,"gold_gain":0,"player_choice":"Obtain J.A.X.","damage_taken":0,"max_hp_gain":0,"max_hp_loss":0,"event_name":"Drug Dealer","floor":27,"gold_loss":0,"cards_obtained":["J.A.X."]},{"damage_healed":0,"gold_gain":0,"player_choice":"Bought 0 Potions","damage_taken":0,"max_hp_gain":0,"max_hp_loss":0,"event_name":"The Woman in Blue","floor":31,"gold_loss":0}],"is_beta":false,"boss_relics":[{"not_picked":["Snecko Eye","Sozu"],"picked":"Astrolabe"}],"items_purged_floors":[],"is_endless":false,"potions_floor_spawned":[3,4,12,13,22,24,29],"killed_by":"Collector","ascension_level":1}