{"gold_per_floor":[115,115,115,68,83,97,97,113,113,113,113,113,128,152,152,272,272,296,296,266,55,75,75,75,99,99,99],"floor_reached":27,"playtime":942,"items_purged":["Pain"],"score":244,"play_id":"84ae30d1-8734-447b-8f76-089d706ac5a6","local_time":"20181013011900","is_ascension_mode":true,"campfire_choices":[{"floor":7,"key":"REST"},{"floor":10,"key":"REST"},{"data":"Lockon","floor":15,"key":"SMITH"},{"floor":23,"key":"REST"}],"neow_cost":"TEN_PERCENT_HP_LOSS","seed_source_timestamp":80659846742300,"circlet_count":0,"master_deck":["Strike_B+1","Strike_B","Strike_B","Defend_B","Defend_B","Defend_B","Defend_B+1","Zap+1","Dualcast","Compile Driver","Lockon+1","Hyperbeam","Lockon","Injury","Turbo","Fission","Conserve Battery","Static Discharge","Biased Cognition","Streamline+1","Sunder"],"relics":["Cracked Core","Dead Branch","Mercury Hourglass","WarpedTongs","Golden Idol","White Beast Statue","Bottled Lightning"],"potions_floor_usage":[6,8,8,16,22,25,27,27,27],"damage_taken":[{"damage":23,"enemies":"Small Slimes","floor":1,"turns":5},{"damage":2,"enemies":"Jaw Worm","floor":5,"turns":2},{"damage":0,"enemies":"2 Louse","floor":6,"turns":1},{"damage":5,"enemies":"Gremlin Gang","floor":8,"turns":3},{"damage":1,"enemies":"Exordium Wildlife","floor":13,"turns":1},{"damage":1,"enemies":"Large Slime","floor":14,"turns":2},{"damage":44,"enemies":"The Guardian","floor":16,"turns":9},{"damage":5,"enemies":"Chosen","floor":18,"turns":3},{"damage":9,"enemies":"Shell Parasite","floor":22,"turns":2},{"damage":26,"enemies":"Cultist and Chosen","floor":25,"turns":5},{"damage":47,"enemies":"Book of Stabbing","floor":27,"turns":4}],"seed_played":"6165352397462841671","potions_obtained":[{"floor":5,"key":"EntropicBrew"},{"floor":6,"key":"Explosive Potion"},{"floor":8,"key":"SpeedPotion"},{"floor":18,"key":"Energy Potion"},{"floor":20,"key":"Swift Potion"},{"floor":22,"key":"Ancient Potion"},{"floor":25,"key":"SteroidPotion"}],"is_trial":false,"path_per_floor":["M","?","?","?","M","M","R","M","T","R","?","?","M","M","R","B",null,"M","?","?","$","M","R","?","M","T"],"character_chosen":"DEFECT","items_purchased":["Biased Cognition"],"campfire_rested":3,"item_purchase_floors":[21],"current_hp_per_floor":[45,31,31,31,29,29,49,44,44,64,64,64,63,62,62,18,68,63,63,63,63,54,68,68,42,42,0],"gold":99,"neow_bonus":"ONE_RARE_RELIC","is_prod":false,"is_daily":false,"chose_seed":false,"campfire_upgraded":1,"win_rate":0,"timestamp":1539386340,"path_taken":["M","?","?","?","M","M","R","M","T","R","?","?","M","M","R","BOSS","M","?","?","$","?","R","?","M","T","E"],"build_version":"2018-10-11","purchased_purges":1,"victory":false,"max_hp_per_floor":[68,68,68,68,68,68,68,68,68,68,68,68,68,68,68,68,68,68,68,68,68,68,68,68,68,68,68],"card_choices":[{"not_picked":["Ball Lightning","Steam"],"picked":"Compile Driver","floor":1},{"not_picked":["Steam","FTL"],"picked":"Lockon","floor":5},{"not_picked":["Beam Cell","White Noise"],"picked":"Hyperbeam","floor":6},{"not_picked":["Stack","Barrage"],"picked":"Lockon","floor":8},{"not_picked":["Hologram","Gash"],"picked":"Turbo","floor":13},{"not_picked":["Stack","Cold Snap","Fusion"],"picked":"SKIP","floor":14},{"not_picked":["All For One","Multi-Cast"],"picked":"Fission","floor":16},{"not_picked":["Beam Cell","Ball Lightning"],"picked":"Conserve Battery","floor":18},{"not_picked":["Heatsinks","Tempest"],"picked":"Streamline+1","floor":22},{"not_picked":["Scrape","Steam Power","Rebound+1"],"picked":"SKIP","floor":25}],"player_experience":686992,"relics_obtained":[{"floor":9,"key":"Mercury Hourglass"},{"floor":26,"key":"Bottled Lightning"}],"event_choices":[{"event_name":"Shining Light","player_choice":"Entered Light","floor":2,"damage_taken":0},{"event_name":"Upgrade Shrine","player_choice":"Upgraded","floor":3,"damage_taken":0},{"event_name":"World of Goop","player_choice":"Left","floor":4,"damage_taken":0},{"event_name":"Accursed Blacksmith","player_choice":"Rummage","floor":11,"damage_taken":0},{"event_name":"Golden Idol","player_choice":"Take Wound","floor":12,"damage_taken":0},{"event_name":"Transmorgrifier","player_choice":"Transform","floor":19,"damage_taken":0},{"event_name":"The Woman in Blue","player_choice":"Bought 2 Potions","floor":20,"damage_taken":0},{"event_name":"The Library","player_choice":"Read","floor":24,"damage_taken":0}],"is_beta":false,"boss_relics":[{"not_picked":["Velvet Choker","Cursed Key"],"picked":"White Beast Statue"}],"items_purged_floors":[21],"is_endless":false,"potions_floor_spawned":[5,6,8,18,22,25],"killed_by":"Book of Stabbing","ascension_level":4}