{"gold_per_floor":[111,111,111,125,135,135,163,163,187,187,187,204,5,22,22,99,99,111,61,10,10,10],"floor_reached":22,"playtime":516,"items_purged":[],"score":300,"play_id":"f3450228-d162-4271-8be8-438a9419e2a5","local_time":"20190406205053","is_ascension_mode":true,"campfire_choices":[{"data":"Bash","floor":6,"key":"SMITH"},{"floor":8,"key":"REST"},{"data":"Inflame","floor":10,"key":"SMITH"},{"data":"Heavy Blade","floor":15,"key":"SMITH"}],"neow_cost":"NONE","seed_source_timestamp":18121428022100,"circlet_count":0,"master_deck":["AscendersBane","Strike_R","Strike_R","Strike_R","Strike_R","Strike_R","Defend_R","Defend_R","Defend_R","Defend_R","Bash+1","Seeing Red","Impervious","Heavy Blade+1","Inflame+1","Regret","Inflame","Thunderclap","Exhume","Flex","Heavy Blade"],"relics":["Black Blood","NeowsBlessing","Strawberry","Vajra","Pen Nib","Brimstone"],"potions_floor_usage":[7,12,16],"damage_taken":[{"damage":0,"enemies":"Cultist","floor":1,"turns":1},{"damage":0,"enemies":"Jaw Worm","floor":4,"turns":1},{"damage":0,"enemies":"Small Slimes","floor":5,"turns":1},{"damage":45,"enemies":"3 Sentries","floor":7,"turns":10},{"damage":1,"enemies":"Exordium Thugs","floor":12,"turns":3},{"damage":12,"enemies":"Blue Slaver","floor":14,"turns":2},{"damage":79,"enemies":"The Guardian","floor":16,"turns":6},{"damage":40,"enemies":"2 Thieves","floor":18,"turns":3},{"damage":43,"enemies":"3 Byrds","floor":22,"turns":4}],"seed_played":"7574667090343821225","potions_obtained":[{"floor":1,"key":"Explosive Potion"},{"floor":5,"key":"Explosive Potion"},{"floor":14,"key":"Regen Potion"}],"is_trial":false,"path_per_floor":["M","?","$","M","M","R","E","R","T","R","?","M","$","M","R","B",null,"M","?","$","$","M"],"character_chosen":"IRONCLAD","items_purchased":["Brimstone","Heavy Blade"],"campfire_rested":1,"item_purchase_floors":[13,20],"current_hp_per_floor":[78,78,78,80,80,80,48,74,74,74,74,79,79,73,73,12,68,38,38,38,38,0],"gold":10,"neow_bonus":"THREE_ENEMY_KILL","is_prod":false,"is_daily":false,"chose_seed":false,"campfire_upgraded":3,"win_rate":0,"timestamp":1554576653,"path_taken":["M","?","$","?","M","R","E","R","T","R","?","M","?","M","R","BOSS","M","?","?","$","M"],"build_version":"2019-01-23","purchased_purges":0,"victory":false,"max_hp_per_floor":[80,80,80,80,80,80,87,87,87,87,87,87,87,87,87,87,87,87,87,87,87,87],"card_choices":[{"not_picked":["Sword Boomerang","Evolve"],"picked":"Seeing Red","floor":1},{"not_picked":["Armaments","Wild Strike","Perfected Strike"],"picked":"SKIP","floor":4},{"not_picked":["Feel No Pain","Perfected Strike"],"picked":"Heavy Blade","floor":5},{"not_picked":["Entrench","Sever Soul"],"picked":"Inflame","floor":7},{"not_picked":["Cleave","True Grit"],"picked":"Inflame","floor":12},{"not_picked":["Armaments","True Grit"],"picked":"Thunderclap","floor":14},{"not_picked":["Juggernaut","Brutality"],"picked":"Exhume","floor":16},{"not_picked":["Iron Wave","Burning Pact+1"],"picked":"Flex","floor":18}],"player_experience":1610815,"relics_obtained":[{"floor":7,"key":"Strawberry"},{"floor":9,"key":"Vajra"}],"event_choices":[{"damage_healed":0,"gold_gain":0,"player_choice":"1 cards matched","damage_taken":0,"max_hp_gain":0,"max_hp_loss":0,"event_name":"Match and Keep!","floor":2,"gold_loss":0,"cards_obtained":["Impervious"]},{"damage_healed":0,"gold_gain":0,"player_choice":"Box","damage_taken":0,"relics_obtained":["Pen Nib"],"max_hp_gain":0,"max_hp_loss":0,"event_name":"Big Fish","floor":11,"gold_loss":0,"cards_obtained":["Regret"]},{"damage_healed":0,"gold_gain":0,"player_choice":"Bet on Murderer","damage_taken":0,"max_hp_gain":0,"max_hp_loss":0,"event_name":"The Joust","floor":19,"gold_loss":50}],"is_beta":false,"boss_relics":[{"not_picked":["Fusion Hammer","Orrery"],"picked":"Black Blood"}],"items_purged_floors":[],"is_endless":false,"potions_floor_spawned":[1,5,14],"killed_by":"3 Byrds","ascension_level":13}