{"gold_per_floor":[17,30,43,60,60,91,91,120,146,146],"floor_reached":10,"playtime":661,"items_purged":[],"score":109,"play_id":"70ee31d7-1e4a-4bdd-8239-2fbeaa4a3831","local_time":"20190414113859","is_ascension_mode":true,"campfire_choices":[{"floor":7,"key":"REST"}],"neow_cost":"NO_GOLD","seed_source_timestamp":239689580541351,"circlet_count":0,"master_deck":["Defend_G","Defend_G","Defend_G","Defend_G","Defend_G","Strike_G","Strike_G","Strike_G","Strike_G","Strike_G","Survivor","Neutralize","Corpse Explosion","PiercingWail","Flechettes","Acrobatics","PiercingWail","Acrobatics","Predator"],"relics":["Ring of the Snake","Gremlin Horn","Pear","Turnip","Art of War"],"potions_floor_usage":[6],"damage_taken":[{"damage":0,"enemies":"Cultist","floor":1,"turns":4},{"damage":1,"enemies":"Jaw Worm","floor":2,"turns":5},{"damage":0,"enemies":"Small Slimes","floor":3,"turns":3},{"damage":5,"enemies":"Red Slaver","floor":4,"turns":4},{"damage":46,"enemies":"Lagavulin","floor":6,"turns":10},{"damage":24,"enemies":"Gremlin Nob","floor":8,"turns":5},{"damage":24,"enemies":"3 Sentries","floor":10,"turns":2}],"seed_played":"1168625235037473019","potions_obtained":[{"floor":1,"key":"Weak Potion"}],"is_trial":false,"path_per_floor":["M","M","M","M","T","E","R","E","T","E"],"character_chosen":"THE_SILENT","items_purchased":[],"campfire_rested":1,"item_purchase_floors":[],"current_hp_per_floor":[63,62,62,57,57,21,45,21,21,0],"gold":146,"neow_bonus":"THREE_RARE_CARDS","is_prod":false,"is_daily":false,"chose_seed":false,"campfire_upgraded":0,"win_rate":0,"timestamp":1555267139,"path_taken":["M","M","M","M","?","E","R","E","T","E"],"build_version":"2019-01-23","purchased_purges":0,"victory":false,"max_hp_per_floor":[70,70,70,70,70,80,80,80,80,80],"card_choices":[{"not_picked":["Tools of the Trade","Wraith Form v2"],"picked":"Corpse Explosion","floor":0},{"not_picked":["Dodge and Roll","Underhanded Strike"],"picked":"PiercingWail","floor":1},{"not_picked":["Prepared","Outmaneuver"],"picked":"Flechettes","floor":2},{"not_picked":["Poisoned Stab","Sucker Punch"],"picked":"Acrobatics","floor":3},{"not_picked":["Expertise","Slice"],"picked":"PiercingWail","floor":4},{"not_picked":["Phantasmal Killer","Poisoned Stab"],"picked":"Acrobatics","floor":6},{"not_picked":["Caltrops","Acrobatics"],"picked":"Predator","floor":8}],"player_experience":1362702,"relics_obtained":[{"floor":5,"key":"Gremlin Horn"},{"floor":6,"key":"Pear"},{"floor":8,"key":"Turnip"},{"floor":9,"key":"Art of War"}],"event_choices":[],"is_beta":false,"boss_relics":[],"items_purged_floors":[],"is_endless":false,"potions_floor_spawned":[1],"killed_by":"3 Sentries","ascension_level":8}