{"gold_per_floor":[115,115,126,139,139,177,142,178,178,178,204,229,28,62,62,193,193,216,216,216,235,73,73,89,89,89,102,115,134,134,155,155,155],"floor_reached":33,"playtime":1536,"items_purged":[],"score":438,"play_id":"6541eaa5-b1d6-4a68-ad73-8ca6a780e18a","local_time":"20190311225734","is_ascension_mode":true,"campfire_choices":[{"floor":15,"key":"REST"},{"floor":23,"key":"REST"},{"floor":25,"key":"REST"},{"floor":30,"key":"REST"},{"floor":32,"key":"REST"}],"neow_cost":"NONE","seed_source_timestamp":185230150973300,"circlet_count":0,"master_deck":["AscendersBane","Strike_R","Strike_R","Strike_R","Strike_R","Strike_R","Defend_R","Defend_R","Defend_R","Defend_R","Bash","Cleave+1","Uppercut","Power Through","Injury","True Grit","Immolate","Inflame","Flame Barrier","Immolate","Flame Barrier","Reaper","Exhume","Dropkick","True Grit+1","Entrench","Corruption"],"relics":["Burning Blood","Bag of Preparation","Golden Idol","Anchor","Ornamental Fan","Orichalcum","Mercury Hourglass","Odd Mushroom","DollysMirror","Bronze Scales","Lizard Tail","Enchiridion","Question Card"],"potions_floor_usage":[8,16,29,33,33],"damage_taken":[{"damage":12,"enemies":"Small Slimes","floor":1,"turns":4},{"damage":0,"enemies":"2 Louse","floor":3,"turns":3},{"damage":0,"enemies":"Jaw Worm","floor":4,"turns":4},{"damage":32,"enemies":"Gremlin Nob","floor":6,"turns":4},{"damage":31,"enemies":"Lagavulin","floor":8,"turns":8},{"damage":0,"enemies":"The Mushroom Lair","floor":11,"turns":2},{"damage":0,"enemies":"Lots of Slimes","floor":12,"turns":1},{"damage":0,"enemies":"3 Sentries","floor":14,"turns":3},{"damage":38,"enemies":"Slime Boss","floor":16,"turns":7},{"damage":13,"enemies":"Shell Parasite","floor":18,"turns":6},{"damage":12,"enemies":"2 Thieves","floor":21,"turns":2},{"damage":31,"enemies":"Cultist and Chosen","floor":24,"turns":7},{"damage":20,"enemies":"Shelled Parasite and Fungi","floor":27,"turns":5},{"damage":3,"enemies":"Chosen and Byrds","floor":28,"turns":5},{"damage":26,"enemies":"Cultist and Chosen","floor":29,"turns":6},{"damage":26,"enemies":"Shelled Parasite and Fungi","floor":31,"turns":5},{"damage":166,"enemies":"Automaton","floor":33,"turns":12}],"seed_played":"2267138354063840402","potions_obtained":[{"floor":6,"key":"AttackPotion"},{"floor":8,"key":"Regen Potion"},{"floor":14,"key":"Fire Potion"},{"floor":18,"key":"Explosive Potion"},{"floor":24,"key":"EssenceOfSteel"}],"is_trial":false,"path_per_floor":["M","?","M","M","?","E","?","E","T","?","?","M","$","E","R","B",null,"M","?","?","M","$","R","M","R","T","M","M","M","R","M","R","B"],"character_chosen":"IRONCLAD","items_purchased":["DollysMirror","Exhume"],"campfire_rested":5,"item_purchase_floors":[13,22],"current_hp_per_floor":[66,66,72,78,78,52,72,47,47,14,20,26,26,32,56,24,66,59,43,43,37,37,61,40,64,64,50,53,48,72,52,76,0],"gold":155,"neow_bonus":"RANDOM_COMMON_RELIC","is_prod":false,"is_daily":false,"chose_seed":false,"campfire_upgraded":0,"win_rate":0,"timestamp":1552341454,"path_taken":["M","?","M","M","?","E","?","E","T","?","?","M","$","E","R","BOSS","M","?","?","M","$","R","M","R","T","M","?","M","R","M","R","BOSS"],"build_version":"2019-01-23","purchased_purges":0,"victory":false,"max_hp_per_floor":[80,80,80,80,80,80,80,80,80,80,80,80,80,80,80,80,80,80,80,80,80,80,80,80,80,80,80,80,80,80,80,80,80],"card_choices":[{"not_picked":["Pommel Strike","Havoc"],"picked":"Cleave","floor":1},{"not_picked":["Anger","Armaments"],"picked":"Uppercut","floor":3},{"not_picked":["Armaments","Cleave"],"picked":"Power Through","floor":4},{"not_picked":["Sentinel","Warcry"],"picked":"True Grit","floor":6},{"not_picked":["Bludgeon","Fire Breathing"],"picked":"Immolate","floor":8},{"not_picked":["Warcry","Armaments"],"picked":"Inflame","floor":11},{"not_picked":["Iron Wave","Headbutt"],"picked":"Flame Barrier","floor":12},{"not_picked":["Uppercut","Iron Wave"],"picked":"Flame Barrier","floor":14},{"not_picked":["Barricade","Bludgeon"],"picked":"Reaper","floor":16},{"not_picked":["Shockwave","Bloodletting+1","Clothesline"],"picked":"SKIP","floor":18},{"not_picked":["Clothesline+1","Sever Soul+1","Heavy Blade"],"picked":"SKIP","floor":21},{"not_picked":["Anger","Perfected Strike"],"picked":"Dropkick","floor":24},{"not_picked":["Armaments","Wild Strike+1","Thunderclap"],"picked":"True Grit+1","floor":27},{"not_picked":["Havoc+1","Bludgeon","Flame Barrier","Shrug It Off+1"],"picked":"SKIP","floor":28},{"not_picked":["Heavy Blade+1","Burning Pact","Sever Soul+1"],"picked":"Entrench","floor":29},{"not_picked":["Ghostly Armor+1","Heavy Blade","Thunderclap"],"picked":"Corruption","floor":31}],"player_experience":1496106,"relics_obtained":[{"floor":6,"key":"Anchor"},{"floor":8,"key":"Ornamental Fan"},{"floor":9,"key":"Orichalcum"},{"floor":11,"key":"Odd Mushroom"},{"floor":14,"key":"Bronze Scales"},{"floor":19,"key":"Enchiridion"},{"floor":26,"key":"Question Card"}],"event_choices":[{"damage_healed":0,"gold_gain":0,"player_choice":"Grow","damage_taken":0,"max_hp_gain":0,"max_hp_loss":0,"event_name":"Living Wall","floor":2,"gold_loss":0,"cards_upgraded":["Cleave"]},{"damage_healed":0,"gold_gain":0,"player_choice":"Take Wound","damage_taken":0,"relics_obtained":["Golden Idol"],"max_hp_gain":0,"max_hp_loss":0,"event_name":"Golden Idol","floor":5,"gold_loss":0,"cards_obtained":["Injury"]},{"damage_healed":20,"gold_gain":0,"player_choice":"Healed","damage_taken":0,"max_hp_gain":0,"max_hp_loss":0,"event_name":"The Cleric","floor":7,"gold_loss":35},{"damage_healed":0,"gold_gain":0,"player_choice":"Success","damage_taken":33,"relics_obtained":["Mercury Hourglass"],"max_hp_gain":0,"max_hp_loss":0,"event_name":"Scrap Ooze","floor":10,"gold_loss":0},{"damage_healed":0,"gold_gain":0,"player_choice":"Fought Mushrooms","damage_taken":0,"max_hp_gain":0,"max_hp_loss":0,"event_name":"Mushrooms","floor":11,"gold_loss":0},{"damage_healed":0,"gold_gain":0,"player_choice":"Obtained Book","damage_taken":16,"max_hp_gain":0,"max_hp_loss":0,"event_name":"Cursed Tome","floor":19,"gold_loss":0},{"damage_healed":0,"gold_gain":0,"player_choice":"Ignored","damage_taken":0,"max_hp_gain":0,"max_hp_loss":0,"event_name":"Ghosts","floor":20,"gold_loss":0}],"is_beta":false,"boss_relics":[{"not_picked":["Ectoplasm","Orrery"],"picked":"Lizard Tail"}],"items_purged_floors":[],"is_endless":false,"potions_floor_spawned":[6,8,14,18,24,27],"killed_by":"Automaton","ascension_level":10}