{"gold_per_floor":[113,113,27,202,202,245,268,268,340,340],"floor_reached":10,"playtime":302,"items_purged":[],"score":96,"play_id":"44c94f88-4ea4-4a5a-aca9-e57ad02f442b","local_time":"20190302211228","is_ascension_mode":true,"campfire_choices":[{"floor":8,"key":"REST"}],"neow_cost":"PERCENT_DAMAGE","seed_source_timestamp":355645512188200,"circlet_count":0,"master_deck":["AscendersBane","Strike_R","Strike_R","Strike_R","Strike_R","Strike_R","Defend_R","Defend_R","Defend_R","Defend_R","Bash","Armaments","Injury","Enlightenment","Doubt","Demon Form","Finesse","Sever Soul"],"relics":["Burning Blood","Charon\u0027s Ashes","Golden Idol","Anchor","Frozen Egg 2"],"potions_floor_usage":[],"damage_taken":[{"damage":8,"enemies":"Jaw Worm","floor":1,"turns":4},{"damage":32,"enemies":"3 Sentries","floor":6,"turns":7},{"damage":9,"enemies":"Cultist","floor":7,"turns":4},{"damage":48,"enemies":"Gremlin Nob","floor":10,"turns":4}],"seed_played":"-1035658347615468960","potions_obtained":[],"is_trial":false,"path_per_floor":["M","?","$","?","?","E","M","R","T","E"],"character_chosen":"IRONCLAD","items_purchased":["Enlightenment"],"campfire_rested":1,"item_purchase_floors":[3],"current_hp_per_floor":[49,49,49,49,49,23,20,44,44,0],"gold":340,"neow_bonus":"ONE_RARE_RELIC","is_prod":false,"is_daily":false,"chose_seed":false,"campfire_upgraded":0,"win_rate":0,"timestamp":1551557548,"path_taken":["M","?","$","?","?","E","M","R","T","E"],"build_version":"2019-01-23","purchased_purges":0,"victory":false,"max_hp_per_floor":[80,80,80,80,80,80,80,80,80,80],"card_choices":[{"not_picked":["Clash","Intimidate"],"picked":"Armaments","floor":1},{"not_picked":["Anger","Thunderclap"],"picked":"Sever Soul","floor":6},{"not_picked":["Perfected Strike","Clash","Second Wind"],"picked":"SKIP","floor":7}],"player_experience":1447802,"relics_obtained":[{"floor":6,"key":"Anchor"},{"floor":9,"key":"Frozen Egg 2"}],"event_choices":[{"damage_healed":0,"gold_gain":0,"player_choice":"Take Wound","damage_taken":0,"relics_obtained":["Golden Idol"],"max_hp_gain":0,"max_hp_loss":0,"event_name":"Golden Idol","floor":2,"gold_loss":0,"cards_obtained":["Injury"]},{"damage_healed":0,"gold_gain":175,"player_choice":"AGREE","damage_taken":0,"max_hp_gain":0,"max_hp_loss":0,"event_name":"Liars Game","floor":4,"gold_loss":0,"cards_obtained":["Doubt"]},{"damage_healed":0,"gold_gain":0,"player_choice":"2 cards matched","damage_taken":0,"max_hp_gain":0,"max_hp_loss":0,"event_name":"Match and Keep!","floor":5,"gold_loss":0,"cards_obtained":["Demon Form","Finesse"]}],"is_beta":false,"boss_relics":[],"items_purged_floors":[],"is_endless":false,"potions_floor_spawned":[],"killed_by":"Gremlin Nob","ascension_level":10}