{"gold_per_floor":[117,117,117,117,117,117,292,316,316,61,84,124,124,138,138,138],"floor_reached":16,"playtime":746,"items_purged":[],"score":147,"play_id":"a043601e-13fb-4278-9762-0eb42232a658","local_time":"20190126195604","is_ascension_mode":true,"campfire_choices":[{"floor":6,"key":"REST"},{"floor":15,"key":"REST"}],"neow_cost":"PERCENT_DAMAGE","seed_source_timestamp":267042480036200,"circlet_count":0,"master_deck":["AscendersBane","Strike_R","Strike_R","Strike_R","Strike_R","Defend_R","Defend_R","Defend_R","Defend_R","Bash","Feed","Disarm","Injury","Regret","Doubt","Thunderclap","Armaments","Shrug It Off","Clash"],"relics":["Burning Blood","Golden Idol","Champion Belt","Meat on the Bone","Omamori","Shuriken","Calipers"],"potions_floor_usage":[12,16,16,16],"damage_taken":[{"damage":14,"enemies":"Jaw Worm","floor":1,"turns":5},{"damage":5,"enemies":"Small Slimes","floor":8,"turns":6},{"damage":12,"enemies":"2 Louse","floor":11,"turns":6},{"damage":51,"enemies":"3 Sentries","floor":12,"turns":14},{"damage":12,"enemies":"Blue Slaver","floor":14,"turns":7},{"damage":100,"enemies":"Hexaghost","floor":16,"turns":20}],"seed_played":"-2813121330456284888","potions_obtained":[{"floor":11,"key":"Block Potion"},{"floor":12,"key":"SkillPotion"},{"floor":13,"key":"Regen Potion"},{"floor":13,"key":"BloodPotion"}],"is_trial":false,"path_per_floor":["M","?","?","T","?","R","?","M","T","$","M","E","?","M","R","B"],"character_chosen":"IRONCLAD","items_purchased":["Shuriken"],"campfire_rested":2,"item_purchase_floors":[10],"current_hp_per_floor":[46,46,46,46,46,70,70,74,74,74,71,41,41,47,74,0],"gold":138,"neow_bonus":"THREE_RARE_CARDS","is_prod":false,"is_daily":false,"chose_seed":false,"campfire_upgraded":0,"win_rate":0,"timestamp":1548528964,"path_taken":["M","?","?","?","?","R","?","M","T","$","?","E","?","M","R","BOSS"],"build_version":"2019-01-23","purchased_purges":0,"victory":false,"max_hp_per_floor":[83,83,83,83,83,83,83,86,86,86,89,92,92,92,92,92],"card_choices":[{"not_picked":["Demon Form","Double Tap"],"picked":"Feed","floor":0},{"not_picked":["Clothesline","Pommel Strike"],"picked":"Disarm","floor":1},{"not_picked":["Sword Boomerang","Pommel Strike"],"picked":"Thunderclap","floor":8},{"not_picked":["Dark Embrace","Second Wind"],"picked":"Armaments","floor":11},{"not_picked":["Combust","Power Through"],"picked":"Shrug It Off","floor":12},{"not_picked":["Entrench","Rupture"],"picked":"Clash","floor":14}],"player_experience":1318513,"relics_obtained":[{"floor":4,"key":"Champion Belt"},{"floor":9,"key":"Omamori"},{"floor":12,"key":"Calipers"}],"event_choices":[{"cards_removed":["Strike_R"],"damage_healed":0,"gold_gain":0,"player_choice":"Forget","damage_taken":0,"max_hp_gain":0,"max_hp_loss":0,"event_name":"Living Wall","floor":2,"gold_loss":0},{"damage_healed":0,"gold_gain":0,"player_choice":"Take Wound","damage_taken":0,"relics_obtained":["Golden Idol"],"max_hp_gain":0,"max_hp_loss":0,"event_name":"Golden Idol","floor":3,"gold_loss":0,"cards_obtained":["Injury"]},{"damage_healed":0,"gold_gain":0,"player_choice":"Box","damage_taken":0,"relics_obtained":["Meat on the Bone"],"max_hp_gain":0,"max_hp_loss":0,"event_name":"Big Fish","floor":5,"gold_loss":0,"cards_obtained":["Regret"]},{"damage_healed":0,"gold_gain":175,"player_choice":"AGREE","damage_taken":0,"max_hp_gain":0,"max_hp_loss":0,"event_name":"Liars Game","floor":7,"gold_loss":0,"cards_obtained":["Doubt"]},{"damage_healed":0,"gold_gain":0,"player_choice":"Got Potions","damage_taken":0,"max_hp_gain":0,"max_hp_loss":0,"event_name":"Lab","floor":13,"gold_loss":0}],"is_beta":false,"boss_relics":[],"items_purged_floors":[],"is_endless":false,"potions_floor_spawned":[11,12],"killed_by":"Hexaghost","ascension_level":10}