{"gold_per_floor":[112,262,262,272,347,373,383,383,429,440,457,22,22,22],"floor_reached":14,"playtime":418,"items_purged":[],"score":219,"play_id":"3a09ebe1-b431-4341-aaac-f375edd247d7","local_time":"20190511102305","is_ascension_mode":true,"campfire_choices":[{"data":"Dagger Throw","floor":8,"key":"SMITH"},{"floor":13,"key":"REST"}],"neow_cost":"NONE","seed_source_timestamp":1105556551712,"circlet_count":0,"master_deck":["AscendersBane","Defend_G","Defend_G","Defend_G","Defend_G","Defend_G","Strike_G","Strike_G","Strike_G","Strike_G","Strike_G","Survivor","Neutralize","Deadly Poison","Doubt","Dagger Throw+1","Deadly Poison","Acrobatics","Prepared","Bane","Well Laid Plans","Blur"],"relics":["Ring of the Snake","NeowsBlessing","CultistMask","Ancient Tea Set","Omamori","Ice Cream"],"potions_floor_usage":[11,14],"damage_taken":[{"damage":0,"enemies":"Jaw Worm","floor":1,"turns":1},{"damage":0,"enemies":"Cultist","floor":4,"turns":1},{"damage":0,"enemies":"Lagavulin","floor":6,"turns":1},{"damage":10,"enemies":"Small Slimes","floor":7,"turns":3},{"damage":8,"enemies":"Exordium Wildlife","floor":10,"turns":3},{"damage":15,"enemies":"Red Slaver","floor":11,"turns":4},{"damage":43,"enemies":"Gremlin Nob","floor":14,"turns":3}],"seed_played":"5604006775087606372","potions_obtained":[{"floor":7,"key":"LiquidBronze"},{"floor":10,"key":"Weak Potion"}],"is_trial":false,"path_per_floor":["M","?","?","M","?","E","M","R","T","M","M","$","R","E"],"character_chosen":"THE_SILENT","items_purchased":["Ice Cream","Well Laid Plans","Blur"],"campfire_rested":1,"item_purchase_floors":[12,12,12],"current_hp_per_floor":[59,59,59,59,48,48,38,38,38,30,15,15,34,0],"gold":22,"neow_bonus":"THREE_ENEMY_KILL","is_prod":false,"is_daily":false,"chose_seed":false,"campfire_upgraded":1,"win_rate":0,"timestamp":1557595385,"path_taken":["M","?","?","?","?","E","M","R","T","M","M","$","R","E"],"build_version":"2019-01-23","purchased_purges":0,"victory":false,"max_hp_per_floor":[66,66,66,66,66,66,66,66,66,66,66,66,66,66],"card_choices":[{"not_picked":["Bane","Blade Dance"],"picked":"Deadly Poison","floor":1},{"not_picked":["PiercingWail","Prepared"],"picked":"Dagger Throw","floor":4},{"not_picked":["Choke","Caltrops"],"picked":"Deadly Poison","floor":6},{"not_picked":["Unload","Prepared"],"picked":"Acrobatics","floor":7},{"not_picked":["Quick Slash","Skewer"],"picked":"Prepared","floor":10},{"not_picked":["Setup","Outmaneuver"],"picked":"Bane","floor":11}],"player_experience":1688437,"relics_obtained":[{"floor":6,"key":"Ancient Tea Set"},{"floor":9,"key":"Omamori"}],"event_choices":[{"damage_healed":0,"gold_gain":150,"player_choice":"AGREE","damage_taken":0,"max_hp_gain":0,"max_hp_loss":0,"event_name":"Liars Game","floor":2,"gold_loss":0,"cards_obtained":["Doubt"]},{"damage_healed":0,"gold_gain":0,"player_choice":"Trade","damage_taken":0,"relics_obtained":["CultistMask"],"max_hp_gain":0,"max_hp_loss":0,"event_name":"FaceTrader","floor":3,"gold_loss":0},{"damage_healed":0,"gold_gain":75,"player_choice":"Gather Gold","damage_taken":11,"max_hp_gain":0,"max_hp_loss":0,"event_name":"World of Goop","floor":5,"gold_loss":0}],"is_beta":false,"boss_relics":[],"items_purged_floors":[],"is_endless":false,"potions_floor_spawned":[7,10],"killed_by":"Gremlin Nob","ascension_level":18}