{"gold_per_floor":[113,113,131,86,86,115,115,142,142,174,174,125,125,50,50,121,121,138,138,138,156,75,75,109,109,134,0,24,47,59,89,101,113],"floor_reached":33,"playtime":1082,"items_purged":["Regret"],"score":559,"play_id":"82f39752-497e-4fb6-85a9-a1f2d71e527a","local_time":"20190430225205","is_ascension_mode":true,"campfire_choices":[{"data":"1","floor":15,"key":"LIFT"},{"data":"2","floor":23,"key":"LIFT"},{"floor":25,"key":"REST"},{"floor":32,"key":"REST"}],"neow_cost":"NONE","seed_source_timestamp":1130081120108000,"circlet_count":0,"master_deck":["AscendersBane","Strike_R+1","Strike_R+1","Strike_R+1","Strike_R+1","Defend_R+1","Defend_R+1","Defend_R+1","Defend_R+1","Bash","Pummel","Flex+1","Sword Boomerang","Sword Boomerang","Heavy Blade","Double Tap","Writhe","Pummel","Rage","Sword Boomerang"],"relics":["Burning Blood","NeowsBlessing","Girya","Vajra","Gremlin Horn","Nunchaku","Blue Candle","Velvet Choker","Meat on the Bone","Ancient Tea Set","MawBank"],"potions_floor_usage":[8,10,19,28,33],"damage_taken":[{"damage":0,"enemies":"2 Louse","floor":1,"turns":1},{"damage":0,"enemies":"Cultist","floor":3,"turns":1},{"damage":0,"enemies":"3 Sentries","floor":6,"turns":2},{"damage":20,"enemies":"Lagavulin","floor":8,"turns":4},{"damage":0,"enemies":"Gremlin Nob","floor":10,"turns":2},{"damage":46,"enemies":"The Guardian","floor":16,"turns":10},{"damage":12,"enemies":"Chosen","floor":18,"turns":2},{"damage":13,"enemies":"Colosseum Slavers","floor":19,"turns":2},{"damage":5,"enemies":"3 Byrds","floor":21,"turns":4},{"damage":45,"enemies":"Book of Stabbing","floor":24,"turns":4},{"damage":9,"enemies":"Snecko","floor":28,"turns":4},{"damage":29,"enemies":"Centurion and Healer","floor":29,"turns":5},{"damage":4,"enemies":"Cultist and Chosen","floor":31,"turns":3},{"damage":79,"enemies":"Champ","floor":33,"turns":7}],"seed_played":"60551006209287351","potions_obtained":[{"floor":1,"key":"Strength Potion"},{"floor":6,"key":"Explosive Potion"},{"floor":8,"key":"Swift Potion"},{"floor":16,"key":"EssenceOfSteel"},{"floor":29,"key":"Energy Potion"}],"is_trial":false,"path_per_floor":["M","?","M","$","?","E","$","E","T","E","?","$","?","$","R","B",null,"M","?","?","M","$","R","E","R","T","?","M","M","?","M","R","B"],"character_chosen":"IRONCLAD","items_purchased":["Sword Boomerang","Heavy Blade","Pummel"],"campfire_rested":2,"item_purchase_floors":[4,12,22],"current_hp_per_floor":[74,75,75,75,75,75,75,61,61,67,60,60,60,60,60,20,61,55,48,48,49,49,49,22,44,44,44,53,42,42,44,66,0],"gold":113,"neow_bonus":"THREE_ENEMY_KILL","is_prod":false,"is_daily":false,"chose_seed":false,"campfire_upgraded":0,"win_rate":0,"timestamp":1556657525,"path_taken":["M","?","?","$","?","E","$","E","T","E","?","?","?","$","R","BOSS","M","?","?","M","$","R","E","R","T","?","?","M","?","M","R","BOSS"],"build_version":"2019-01-23","purchased_purges":1,"victory":false,"max_hp_per_floor":[75,75,75,75,75,75,75,75,75,75,75,75,75,75,75,75,75,75,75,75,75,75,75,75,75,75,75,75,75,75,75,75,75],"card_choices":[{"not_picked":["Intimidate","Iron Wave"],"picked":"Pummel","floor":1},{"not_picked":["Intimidate","Heavy Blade"],"picked":"Flex","floor":3},{"not_picked":["Bloodletting","Sever Soul","Perfected Strike"],"picked":"SKIP","floor":6},{"not_picked":["Blood for Blood","Anger"],"picked":"Sword Boomerang","floor":8},{"not_picked":["Corruption","Pommel Strike","Body Slam"],"picked":"SKIP","floor":10},{"not_picked":["Barricade","Feed"],"picked":"Double Tap","floor":16},{"not_picked":["Rampage","Wild Strike","Ghostly Armor"],"picked":"SKIP","floor":18},{"not_picked":["Metallicize","Wild Strike","True Grit"],"picked":"SKIP","floor":21},{"not_picked":["Perfected Strike","Pommel Strike","Havoc"],"picked":"SKIP","floor":24},{"not_picked":["Immolate","Twin Strike"],"picked":"Rage","floor":28},{"not_picked":["Headbutt","Metallicize","Iron Wave"],"picked":"SKIP","floor":29},{"not_picked":["True Grit+1","Armaments+1"],"picked":"Sword Boomerang","floor":31}],"player_experience":1749066,"relics_obtained":[{"floor":6,"key":"Girya"},{"floor":8,"key":"Vajra"},{"floor":9,"key":"Gremlin Horn"},{"floor":10,"key":"Nunchaku"},{"floor":24,"key":"Ancient Tea Set"},{"floor":26,"key":"MawBank"}],"event_choices":[{"damage_healed":1,"gold_gain":0,"player_choice":"Full Heal","damage_taken":0,"max_hp_gain":0,"max_hp_loss":0,"event_name":"Wheel of Change","floor":2,"gold_loss":0},{"damage_healed":0,"gold_gain":0,"player_choice":"Grow","damage_taken":0,"max_hp_gain":0,"max_hp_loss":0,"event_name":"Living Wall","floor":5,"gold_loss":0,"cards_upgraded":["Flex"]},{"cards_removed":["Strike_R"],"damage_healed":0,"gold_gain":0,"player_choice":"Card Removal","damage_taken":7,"max_hp_gain":0,"max_hp_loss":0,"event_name":"Golden Wing","floor":11,"gold_loss":0},{"damage_healed":0,"gold_gain":0,"player_choice":"Box","damage_taken":0,"relics_obtained":["Blue Candle"],"max_hp_gain":0,"max_hp_loss":0,"event_name":"Big Fish","floor":13,"gold_loss":0,"cards_obtained":["Regret"]},{"damage_healed":0,"gold_gain":0,"player_choice":"Fight","damage_taken":0,"max_hp_gain":0,"max_hp_loss":0,"event_name":"Colosseum","floor":19,"gold_loss":0},{"damage_healed":0,"gold_gain":0,"player_choice":"Fled From Nobs","damage_taken":0,"max_hp_gain":0,"max_hp_loss":0,"event_name":"Colosseum","floor":19,"gold_loss":0},{"damage_healed":0,"gold_gain":0,"player_choice":"Opened","damage_taken":0,"relics_obtained":["Meat on the Bone"],"max_hp_gain":0,"max_hp_loss":0,"event_name":"The Mausoleum","floor":20,"gold_loss":0,"cards_obtained":["Writhe"]},{"damage_healed":0,"gold_gain":0,"player_choice":"Paid Fearfully","damage_taken":0,"max_hp_gain":0,"max_hp_loss":0,"event_name":"Masked Bandits","floor":27,"gold_loss":146},{"damage_healed":0,"gold_gain":0,"player_choice":"Simplicity","damage_taken":0,"max_hp_gain":0,"max_hp_loss":0,"event_name":"Back to Basics","floor":30,"gold_loss":0,"cards_upgraded":["Strike_R","Strike_R","Strike_R","Strike_R","Defend_R","Defend_R","Defend_R","Defend_R"]}],"is_beta":false,"boss_relics":[{"not_picked":["Philosopher\u0027s Stone","Sozu"],"picked":"Velvet Choker"}],"items_purged_floors":[14],"is_endless":false,"potions_floor_spawned":[1,6,8,16,18,19,29],"killed_by":"Champ","ascension_level":14}