{"gold_per_floor":[112,130,141,152,168,168,197,216,242,36,48,48,75,75,75,171,171,153,78,90,90,100,100,100,100,126,153,53,53,71,81,81,182,182,199,199,215,232,249,249,264,100,100,29,46,46,80,80,80,80],"floor_reached":51,"playtime":2995,"items_purged":["Strike_B","Strike_B"],"score":909,"play_id":"f4841fb1-c3e4-4aa6-9c8a-61aab6cef6ca","local_time":"20190429010411","is_ascension_mode":true,"campfire_choices":[{"data":"Zap","floor":6,"key":"SMITH"},{"data":"Rip and Tear","floor":12,"key":"SMITH"},{"floor":15,"key":"REST"},{"floor":23,"key":"REST"},{"data":"Sweeping Beam","floor":25,"key":"SMITH"},{"floor":32,"key":"REST"},{"data":"Defragment","floor":40,"key":"SMITH"},{"floor":49,"key":"REST"}],"neow_cost":"NONE","seed_source_timestamp":1525595518542100,"circlet_count":0,"master_deck":["Zap+1","Dualcast","Streamline","Leap","Sweeping Beam+1","Steam","White Noise","Rip and Tear+1","Stack","Conserve Battery","Cold Snap","Capacitor","Ball Lightning","Sunder","Hologram","RitualDagger","Compile Driver+1","Chill","Coolheaded","Go for the Eyes","Defragment+1","Echo Form","Self Repair","Compile Driver","White Noise","Seek","Aggregate","Coolheaded+1","Cold Snap+1","Hologram+1","Doom and Gloom+1","Barrage+1","Apotheosis","FTL","Barrage+1","Madness","Madness","Turbo"],"relics":["Cracked Core","Art of War","Dream Catcher","Potion Belt","ClockworkSouvenir","StoneCalendar","Nuclear Battery","DataDisk","Boot","Pandora\u0027s Box","Lantern","Bag of Marbles"],"potions_floor_usage":[5,16,50,50,50,50],"damage_taken":[{"damage":0,"enemies":"Cultist","floor":1,"turns":2},{"damage":0,"enemies":"2 Louse","floor":2,"turns":1},{"damage":0,"enemies":"Small Slimes","floor":3,"turns":2},{"damage":7,"enemies":"Exordium Wildlife","floor":4,"turns":3},{"damage":0,"enemies":"Gremlin Gang","floor":5,"turns":5},{"damage":10,"enemies":"Lagavulin","floor":7,"turns":7},{"damage":12,"enemies":"Lots of Slimes","floor":8,"turns":4},{"damage":0,"enemies":"Large Slime","floor":11,"turns":3},{"damage":26,"enemies":"Gremlin Nob","floor":13,"turns":5},{"damage":45,"enemies":"The Guardian","floor":16,"turns":12},{"damage":26,"enemies":"2 Thieves","floor":18,"turns":5},{"damage":0,"enemies":"Chosen","floor":20,"turns":4},{"damage":17,"enemies":"Shelled Parasite and Fungi","floor":22,"turns":6},{"damage":12,"enemies":"Gremlin Leader","floor":27,"turns":7},{"damage":3,"enemies":"Snecko","floor":30,"turns":6},{"damage":21,"enemies":"Snake Plant","floor":31,"turns":4},{"damage":25,"enemies":"Collector","floor":33,"turns":10},{"damage":9,"enemies":"3 Shapes","floor":35,"turns":4},{"damage":13,"enemies":"Orb Walker","floor":37,"turns":3},{"damage":12,"enemies":"Sphere and 2 Shapes","floor":38,"turns":6},{"damage":16,"enemies":"Transient","floor":39,"turns":5},{"damage":0,"enemies":"4 Shapes","floor":41,"turns":4},{"damage":16,"enemies":"Maw","floor":45,"turns":7},{"damage":9,"enemies":"Nemesis","floor":47,"turns":7},{"damage":61,"enemies":"Awakened One","floor":50,"turns":10}],"seed_played":"3993255378624915471","potions_obtained":[{"floor":2,"key":"GamblersBrew"},{"floor":3,"key":"SteroidPotion"},{"floor":8,"key":"Ancient Potion"},{"floor":13,"key":"Regen Potion"},{"floor":16,"key":"SteroidPotion"},{"floor":18,"key":"Regen Potion"},{"floor":22,"key":"LiquidBronze"},{"floor":47,"key":"PowerPotion"}],"is_trial":false,"path_per_floor":["M","M","M","M","M","R","E","M","T","$","M","R","E","?","R","B",null,"M","$","M","?","M","R","?","R","T","E","$","?","M","M","R","B",null,"M","?","M","M","M","R","M","$","T","$","M","?","E","?","R","B",null],"character_chosen":"DEFECT","items_purchased":["ClockworkSouvenir","Apotheosis","FTL"],"campfire_rested":4,"item_purchase_floors":[10,42,44],"current_hp_per_floor":[68,68,68,61,61,61,51,39,39,39,39,39,13,13,35,5,58,32,32,32,26,9,31,56,56,56,44,44,44,41,20,42,17,61,52,52,39,34,25,25,32,32,32,32,26,26,37,28,50,4],"gold":80,"neow_bonus":"RANDOM_COMMON_RELIC","is_prod":false,"is_daily":false,"chose_seed":false,"campfire_upgraded":4,"win_rate":0,"timestamp":1556525051,"path_taken":["M","?","M","M","M","R","E","M","T","$","M","R","E","?","R","BOSS","M","$","?","?","M","R","?","R","T","E","$","?","M","M","R","BOSS","M","?","M","M","?","R","M","?","T","$","M","?","E","?","R","BOSS"],"build_version":"2019-01-23","purchased_purges":2,"victory":true,"max_hp_per_floor":[75,75,75,75,75,75,75,75,75,75,75,75,75,75,75,75,75,75,75,75,75,75,75,75,75,75,75,75,75,75,75,75,75,75,75,75,75,75,75,75,75,75,75,75,75,75,75,75,75,75],"card_choices":[{"not_picked":["Beam Cell","Sweeping Beam"],"picked":"Streamline","floor":1},{"not_picked":["Barrage","Stack"],"picked":"Leap","floor":2},{"not_picked":["Static Discharge","Barrage"],"picked":"Sweeping Beam","floor":3},{"not_picked":["Barrage","Beam Cell"],"picked":"Steam","floor":4},{"not_picked":["Aggregate","Blizzard"],"picked":"White Noise","floor":5},{"not_picked":["Compile Driver","FTL"],"picked":"Rip and Tear","floor":7},{"not_picked":["Compile Driver","Doom and Gloom"],"picked":"Stack","floor":8},{"not_picked":["Creative AI","Chaos"],"picked":"Conserve Battery","floor":11},{"not_picked":["Go for the Eyes","Redo"],"picked":"Cold Snap","floor":13},{"not_picked":["Barrage","Leap"],"picked":"Ball Lightning","floor":15},{"not_picked":["Gash","Stack"],"picked":"Sunder","floor":18},{"not_picked":["Heatsinks","Barrage"],"picked":"Hologram","floor":20},{"not_picked":["Reprogram","Steam"],"picked":"Compile Driver+1","floor":22},{"not_picked":["Streamline","Barrage"],"picked":"Chill","floor":23},{"not_picked":["Storm","Blizzard"],"picked":"Coolheaded","floor":27},{"not_picked":["Sweeping Beam","Turbo"],"picked":"Go for the Eyes","floor":30},{"not_picked":["Cold Snap","Blizzard+1","Skim"],"picked":"SKIP","floor":31},{"not_picked":["Steam Power","Capacitor+1"],"picked":"Defragment","floor":32},{"not_picked":["Hyperbeam","Creative AI"],"picked":"Echo Form","floor":33},{"not_picked":["Recycle","Leap"],"picked":"Coolheaded+1","floor":35},{"not_picked":["Steam","Go for the Eyes+1"],"picked":"Cold Snap+1","floor":37},{"not_picked":["Blizzard+1","Leap"],"picked":"Hologram+1","floor":38},{"not_picked":["Heatsinks+1","Scrape"],"picked":"Doom and Gloom+1","floor":39},{"not_picked":["Rebound","Reprogram"],"picked":"Barrage+1","floor":41},{"not_picked":["Go for the Eyes","Steam Power+1","Fission"],"picked":"SKIP","floor":45},{"not_picked":["Steam Power","Sweeping Beam+1"],"picked":"Barrage+1","floor":47},{"not_picked":["Coolheaded+1","Storm"],"picked":"Turbo","floor":49}],"player_experience":399947,"relics_obtained":[{"floor":7,"key":"Dream Catcher"},{"floor":9,"key":"Potion Belt"},{"floor":13,"key":"StoneCalendar"},{"floor":26,"key":"DataDisk"},{"floor":27,"key":"Boot"},{"floor":43,"key":"Lantern"},{"floor":47,"key":"Bag of Marbles"}],"event_choices":[{"damage_healed":0,"gold_gain":0,"cards_transformed":["Strike_B"],"player_choice":"Transformed","damage_taken":0,"max_hp_gain":0,"max_hp_loss":0,"event_name":"Transmorgrifier","floor":14,"gold_loss":0,"cards_obtained":["Capacitor"]},{"damage_healed":0,"gold_gain":0,"player_choice":"Joined the Cult","damage_taken":6,"max_hp_gain":0,"max_hp_loss":0,"event_name":"Nest","floor":21,"gold_loss":0,"cards_obtained":["RitualDagger"]},{"damage_healed":25,"gold_gain":0,"player_choice":"Heal","damage_taken":0,"max_hp_gain":0,"max_hp_loss":0,"event_name":"The Library","floor":24,"gold_loss":0},{"damage_healed":0,"gold_gain":0,"player_choice":"Got Potions","damage_taken":0,"max_hp_gain":0,"max_hp_loss":0,"event_name":"Lab","floor":36,"gold_loss":0},{"damage_healed":0,"gold_gain":0,"player_choice":"Memory 1","damage_taken":0,"max_hp_gain":0,"max_hp_loss":0,"event_name":"SensoryStone","floor":46,"gold_loss":0},{"damage_healed":0,"gold_gain":0,"player_choice":"Embrace Madness","damage_taken":9,"max_hp_gain":0,"max_hp_loss":0,"event_name":"Winding Halls","floor":48,"gold_loss":0,"cards_obtained":["Madness","Madness"]}],"is_beta":false,"boss_relics":[{"not_picked":["Coffee Dripper","Tiny House"],"picked":"Nuclear Battery"},{"not_picked":["Calling Bell","Runic Dome"],"picked":"Pandora\u0027s Box"}],"items_purged_floors":[19,28],"is_endless":false,"potions_floor_spawned":[2,3,8,13,16,18,22,37,39,47],"ascension_level":6}