{"gold_per_floor":[114,114,189,205,205,205,233,233,233,233,249,14,24,49,49,144,144,158,83,83,102,115,147,147,147,173,188,204,204,204,204,204,204],"floor_reached":33,"playtime":1884,"items_purged":["Strike_B"],"score":425,"play_id":"e1c6d940-36ef-4de1-a3e5-e3e41c079e5e","local_time":"20190415005552","is_ascension_mode":true,"campfire_choices":[{"data":"Sunder","floor":6.0,"key":"SMITH"},{"data":"Leap","floor":8.0,"key":"SMITH"},{"data":"Strike_B","floor":10.0,"key":"PURGE"},{"data":"Cold Snap","floor":15.0,"key":"SMITH"},{"data":"Defragment","floor":24,"key":"SMITH"},{"floor":30,"key":"REST"},{"data":"Auto Shields","floor":32,"key":"SMITH"}],"neow_cost":"NONE","seed_source_timestamp":0,"circlet_count":0,"master_deck":["Defend_B","Defend_B+1","Defend_B","Zap+1","Dualcast","Sunder+1","Compile Driver","Leap+1","Sweeping Beam","Multi-Cast","Cold Snap","Cold Snap+1","Machine Learning","Defragment+1","Beam Cell","Chill","Auto Shields+1","Streamline+1","Decay","Steam+1","Turbo","Ghostly","Ghostly","Ghostly","Ghostly","Ghostly"],"special_seed":0,"relics":["Cracked Core","NeowsBlessing","Shuriken","Peace Pipe","Bag of Preparation","Cursed Key","Du-Vu Doll","Juzu Bracelet"],"potions_floor_usage":[23,33],"damage_taken":[{"damage":0.0,"enemies":"Jaw Worm","floor":1.0,"turns":1.0},{"damage":0.0,"enemies":"Small Slimes","floor":4.0,"turns":1.0},{"damage":0.0,"enemies":"Lagavulin","floor":7.0,"turns":1.0},{"damage":0.0,"enemies":"2 Louse","floor":11.0,"turns":2.0},{"damage":8.0,"enemies":"Large Slime","floor":13.0,"turns":6.0},{"damage":14.0,"enemies":"Gremlin Nob","floor":14.0,"turns":3.0},{"damage":0.0,"enemies":"Slime Boss","floor":16.0,"turns":10.0},{"damage":0.0,"enemies":"Chosen","floor":18.0,"turns":5.0},{"damage":2.0,"enemies":"Shell Parasite","floor":21.0,"turns":4.0},{"damage":0.0,"enemies":"3 Cultists","floor":22.0,"turns":5.0},{"damage":22,"enemies":"Slavers","floor":23,"turns":6},{"damage":2,"enemies":"Chosen and Byrds","floor":27,"turns":6},{"damage":12,"enemies":"Snake Plant","floor":28,"turns":4},{"damage":46,"enemies":"Champ","floor":33,"turns":13}],"seed_played":"2390053918647653230","potions_obtained":[{"floor":1.0,"key":"Strength Potion"},{"floor":13.0,"key":"Swift Potion"},{"floor":16.0,"key":"Fire Potion"},{"floor":21.0,"key":"Dexterity Potion"},{"floor":22,"key":"FocusPotion"}],"is_trial":false,"path_per_floor":["M","?","?","M","?","R","E","R","T","R","M","$","M","E","R","B",null,"M","?","?","M","M","E","R","?","T","M","M","?","R","?","R","B"],"character_chosen":"DEFECT","items_purchased":["Multi-Cast"],"campfire_rested":1,"item_purchase_floors":[12],"current_hp_per_floor":[75,60,49,49,54,54,54,54,54,54,54,54,46,32,32,32,80,80,80,80,78,78,56,56,41,41,39,27,27,52,42,42,0],"gold":204,"neow_bonus":"THREE_ENEMY_KILL","is_prod":false,"is_daily":false,"chose_seed":false,"campfire_upgraded":5,"win_rate":0,"timestamp":1555314952,"path_taken":["M","?","?","M","?","R","E","R","T","R","M","$","M","E","R","BOSS","M","?","?","M","?","E","R","?","T","M","M","?","R","?","R","BOSS"],"build_version":"2019-01-23","purchased_purges":1,"victory":false,"max_hp_per_floor":[75,75,75,75,80,80,80,80,80,80,80,80,80,80,80,80,80,80,80,80,80,80,80,80,85,85,85,85,85,85,42,42,42],"card_choices":[{"not_picked":["Static Discharge","Beam Cell"],"picked":"Sunder","floor":1.0},{"not_picked":["Sunder","Lockon"],"picked":"Compile Driver","floor":4.0},{"not_picked":["Rebound","BootSequence"],"picked":"Leap","floor":7.0},{"not_picked":["Redo","Compile Driver"],"picked":"Sweeping Beam","floor":11.0},{"not_picked":["Redo","Buffer"],"picked":"Cold Snap","floor":13.0},{"not_picked":["Chaos","Rebound"],"picked":"Cold Snap","floor":14.0},{"not_picked":["Rainbow","Multi-Cast"],"picked":"Machine Learning","floor":16.0},{"not_picked":["Consume+1","Go for the Eyes"],"picked":"Defragment","floor":18.0},{"not_picked":["Sweeping Beam","Redo"],"picked":"Auto Shields","floor":21.0},{"not_picked":["Beam Cell","Rebound"],"picked":"Streamline+1","floor":22},{"not_picked":["Compile Driver+1","Sweeping Beam","Meteor Strike"],"picked":"SKIP","floor":23},{"not_picked":["Leap+1","Sweeping Beam+1"],"picked":"Steam+1","floor":27},{"not_picked":["Redo","Recycle"],"picked":"Turbo","floor":28}],"player_experience":301894,"relics_obtained":[{"floor":7.0,"key":"Shuriken"},{"floor":9.0,"key":"Peace Pipe"},{"floor":14.0,"key":"Bag of Preparation"},{"floor":23,"key":"Du-Vu Doll"},{"floor":26,"key":"Juzu Bracelet"}],"event_choices":[{"damage_healed":0.0,"max_hp_gain":0.0,"max_hp_loss":0.0,"gold_gain":0.0,"event_name":"Shining Light","player_choice":"Entered Light","floor":2.0,"gold_loss":0.0,"damage_taken":15.0,"cards_upgraded":["Zap","Defend_B"]},{"damage_healed":0.0,"max_hp_gain":0.0,"max_hp_loss":0.0,"gold_gain":75.0,"event_name":"World of Goop","player_choice":"Gather Gold","floor":3.0,"gold_loss":0.0,"damage_taken":11.0},{"damage_healed":0.0,"max_hp_gain":5.0,"max_hp_loss":0.0,"gold_gain":0.0,"event_name":"Big Fish","player_choice":"Donut","floor":5.0,"gold_loss":0.0,"damage_taken":0.0},{"cards_removed":["Strike_B"],"damage_healed":0.0,"max_hp_gain":0.0,"max_hp_loss":0.0,"gold_gain":0.0,"event_name":"Beggar","player_choice":"Gave Gold","floor":19.0,"gold_loss":75.0,"damage_taken":0.0},{"damage_healed":0.0,"max_hp_gain":0.0,"max_hp_loss":0.0,"gold_gain":0.0,"cards_transformed":["Strike_B","Defend_B"],"event_name":"Drug Dealer","player_choice":"Became Test Subject","floor":20.0,"gold_loss":0.0,"damage_taken":0.0,"cards_obtained":["Beam Cell","Chill"]},{"damage_healed":0,"gold_gain":0,"player_choice":"Shed Blood","damage_taken":20,"max_hp_gain":5,"max_hp_loss":0,"event_name":"Forgotten Altar","floor":25,"gold_loss":0},{"damage_healed":0,"gold_gain":0,"player_choice":"Ignored","damage_taken":0,"max_hp_gain":0,"max_hp_loss":0,"event_name":"Vampires","floor":29,"gold_loss":0},{"damage_healed":0,"gold_gain":0,"player_choice":"Became a Ghost","damage_taken":0,"max_hp_gain":0,"max_hp_loss":43,"event_name":"Ghosts","floor":31,"gold_loss":0,"cards_obtained":["Ghostly","Ghostly","Ghostly","Ghostly","Ghostly"]}],"is_beta":false,"boss_relics":[{"not_picked":["Black Star","Astrolabe"],"picked":"Cursed Key"}],"items_purged_floors":[12],"is_endless":false,"potions_floor_spawned":[1,13,16,21,22],"killed_by":"Champ","ascension_level":3}