{"path_per_floor":["M","?","M","?","$","R","E","?","T","R","$","M","?","T","R","B",null,"M","M","$","?","M","E","R","?","T","R","$","M","R","?","R"],"character_chosen":"DEFECT","items_purchased":["Bandage Up","Sunder","Ginger"],"gold_per_floor":[115,115,126,126,28,28,61,87,112,112,72,89,264,264,264,359,359,375,393,105,105,116,151,151,151,175,175,100,115,115,165,165,165],"floor_reached":33,"campfire_rested":2,"playtime":1510,"item_purchase_floors":[5,11,20],"current_hp_per_floor":[73,73,70,70,70,70,60,47,47,72,72,76,76,76,76,48,85,71,69,69,69,48,44,69,69,69,69,69,73,73,73,73,0],"items_purged":["Strike_B"],"gold":165,"score":272,"play_id":"9ce5a1c5-f2bd-4c6e-90c1-1e99716f7b75","local_time":"20180608224543","is_prod":false,"is_daily":false,"chose_seed":false,"is_ascension_mode":true,"campfire_upgraded":5,"win_rate":0.0,"timestamp":1528523143,"campfire_choices":[{"data":"Dualcast","floor":6,"key":"SMITH"},{"floor":10,"key":"REST"},{"data":"Sunder","floor":15,"key":"SMITH"},{"floor":24,"key":"REST"},{"data":"Defragment","floor":27,"key":"SMITH"},{"data":"Melter","floor":30,"key":"SMITH"},{"data":"Conserve Battery","floor":32,"key":"SMITH"}],"path_taken":["M","?","M","?","$","R","E","?","T","R","$","M","?","?","R","BOSS","M","M","$","?","M","E","R","?","T","R","?","?","R","?","R","BOSS"],"build_version":"2018-06-07v3","seed_source_timestamp":9284942704678,"purchased_purges":1,"victory":false,"master_deck":["Strike_B","Strike_B","Defend_B","Defend_B","Defend_B","Defend_B","Zap+1","Dualcast+1","Reboot","Conserve Battery+1","Defragment+1","Bandage Up","Go for the Eyes","Auto Shields","Sunder+1","Sweeping Beam","Multi-Cast","Melter+1","Stack+1","Conserve Battery+1","Sweeping Beam+1","Turbo+1"],"max_hp_per_floor":[75,75,75,75,75,75,85,85,85,85,85,85,85,85,85,85,85,85,85,85,85,85,85,85,85,85,85,85,85,85,85,85,85],"relics":["Cracked Core","Pear","Odd Mushroom","Omamori","Sozu","Ginger","Nloth\u0027s Gift","Oddly Smooth Stone","Ancient Tea Set"],"card_choices":[{"not_picked":["Fusion","Loop"],"picked":"Conserve Battery","floor":1},{"not_picked":["Leap","Stack"],"picked":"Defragment","floor":3},{"not_picked":["Coolheaded","Turbo"],"picked":"Go for the Eyes","floor":7},{"not_picked":["Stack","Sweeping Beam"],"picked":"Auto Shields","floor":8},{"not_picked":["Compile Driver","Rip and Tear"],"picked":"Sweeping Beam","floor":12},{"not_picked":["Biased Cognition","Fission"],"picked":"Multi-Cast","floor":16},{"not_picked":["Compile Driver","Coolheaded"],"picked":"Melter","floor":18},{"not_picked":["Conserve Battery","Turbo"],"picked":"Stack+1","floor":19},{"not_picked":["Leap","Hologram"],"picked":"Conserve Battery","floor":22},{"not_picked":["Thunder Strike","Multi-Cast"],"picked":"Sweeping Beam+1","floor":23},{"not_picked":["Rip and Tear","Multi-Cast"],"picked":"Turbo+1","floor":29}],"player_experience":231396,"potions_floor_usage":[8,23,23,33],"damage_taken":[{"damage":2,"enemies":"Small Slimes","floor":1,"turns":3},{"damage":3,"enemies":"Jaw Worm","floor":3,"turns":4},{"damage":24,"enemies":"Lagavulin","floor":7,"turns":6},{"damage":17,"floor":8,"turns":5},{"damage":0,"enemies":"Cultist","floor":12,"turns":2},{"damage":32,"enemies":"The Guardian","floor":16,"turns":14},{"damage":18,"enemies":"2 Thieves","floor":18,"turns":3},{"damage":6,"enemies":"Chosen","floor":19,"turns":4},{"damage":25,"enemies":"Snake Plant","floor":22,"turns":3},{"damage":8,"enemies":"Book of Stabbing","floor":23,"turns":4},{"damage":0,"enemies":"Sentry and Sphere","floor":29,"turns":2},{"damage":77,"enemies":"Collector","floor":33,"turns":12}],"relics_obtained":[{"floor":7,"key":"Pear"},{"floor":8,"key":"Odd Mushroom"},{"floor":9,"key":"Omamori"},{"floor":14,"key":"Bottled Tornado"},{"floor":23,"key":"Oddly Smooth Stone"},{"floor":26,"key":"Ancient Tea Set"}],"event_choices":[{"event_name":"Living Wall","player_choice":"Grow","floor":2,"damage_taken":0},{"event_name":"Purifier","player_choice":"One Purge","floor":4,"damage_taken":0},{"event_name":"Mushrooms","player_choice":"Fought Mushrooms","floor":8,"damage_taken":0},{"event_name":"Liars Game","player_choice":"agreed","floor":13,"damage_taken":0},{"event_name":"N\u0027loth","player_choice":"Traded a Bottled Tornado","floor":21,"damage_taken":0},{"event_name":"Accursed Blacksmith","player_choice":"Forge","floor":25,"damage_taken":0},{"event_name":"The Joust","player_choice":"Bet on Murderer","floor":31,"damage_taken":0}],"boss_relics":[{"not_picked":["Snecko Eye","Astrolabe"],"picked":"Sozu"}],"items_purged_floors":[28],"potions_floor_spawned":[1,7,8,16,23],"seed_played":"-270289266098993938","killed_by":"Collector","ascension_level":1,"potions_obtained":[{"floor":1,"key":"Block Potion"},{"floor":7,"key":"Ancient Potion"},{"floor":8,"key":"AttackPotion"},{"floor":16,"key":"Poison Potion"}],"is_trial":false}