{"path_per_floor":["M","M","$","?","?","E","R","M","T","M","R","?","?","M","R","B",null,"M"],"character_chosen":"IRONCLAD","items_purchased":["Feel No Pain"],"gold_per_floor":[111,122,7,7,7,32,32,44,44,61,61,136,136,155,155,274,274,290],"floor_reached":19,"campfire_rested":2,"playtime":1123,"current_hp_per_floor":[80,75,75,59,64,22,47,52,52,51,51,40,40,29,54,17,85,9],"items_purged":["Strike_R"],"gold":290,"score":167,"play_id":"95c214dd-7522-4abb-bf4c-db29ebd9eade","is_prod":false,"is_daily":false,"is_ascension_mode":false,"campfire_upgraded":1,"path_taken":["M","M","$","?","?","E","R","?","T","M","R","?","?","M","R","BOSS","M","M"],"build_version":"2018-02-15-PROD1","purchased_purges":1,"victory":false,"master_deck":["Strike_R","Strike_R","Strike_R","Strike_R","Defend_R","Defend_R","Defend_R","Defend_R+1","Bash+1","Headbutt","Burning Pact","Feel No Pain+1","Heavy Blade","Shrug It Off+1","Perfected Strike","Injury","Pommel Strike","Barricade","Inflame"],"max_hp_per_floor":[80,80,80,80,85,85,85,85,85,85,85,85,85,85,85,85,85,85],"relics":["Burning Blood","Orichalcum","Unceasing Top","Golden Idol","White Beast Statue"],"card_choices":[{"not_picked":["Iron Wave","Warcry"],"picked":"Headbutt"},{"not_picked":["Armaments","Seeing Red"],"picked":"Burning Pact"},{"not_picked":["Rupture","Hemokinesis"],"picked":"Heavy Blade"},{"not_picked":["Thunderclap","Fire Breathing"],"picked":"Shrug It Off"},{"not_picked":["Headbutt","Armaments"],"picked":"Perfected Strike"},{"not_picked":["Twin Strike","Thunderclap"],"picked":"Pommel Strike"},{"not_picked":["Berserk","Brutality"],"picked":"Barricade"},{"not_picked":["Bloodletting","Shrug It Off"],"picked":"Inflame"}],"player_experience":102141,"potions_floor_usage":[16,16],"damage_taken":[{"damage":2,"enemies":"Small Slimes","floor":1,"turns":4},{"damage":11,"enemies":"Jaw Worm","floor":2,"turns":3},{"damage":48,"enemies":"Lagavulin","floor":6,"turns":9},{"damage":1,"enemies":"Cultist","floor":8,"turns":4},{"damage":7,"enemies":"2 Fungi Beasts","floor":10,"turns":4},{"damage":17,"enemies":"Exordium Thugs","floor":14,"turns":7},{"damage":43,"enemies":"The Guardian","floor":16,"turns":15},{"damage":82,"enemies":"Spheric Guardian","floor":18,"turns":14},{"damage":10,"enemies":"Shell Parasite","floor":19,"turns":2}],"event_choices":[{"event_name":"Shining Light","player_choice":"Entered Light","floor":4,"damage_taken":0},{"event_name":"Big Fish","player_choice":"Donut","floor":5,"damage_taken":0},{"event_name":"World of Goop","player_choice":"Gather Gold","floor":12,"damage_taken":0},{"event_name":"Golden Idol","player_choice":"Take Wound","floor":13,"damage_taken":0}],"boss_relics":[{"not_picked":["Calling Bell","Philosopher\u0027s Stone"],"picked":"White Beast Statue"}],"potions_floor_spawned":[6,10,14,18],"seed_played":"-8539197709541109544","killed_by":"Shell Parasite","ascension_level":0,"is_trial":false}