{"gold_per_floor":[213,227,14,14,14,40,40,75,102,120,47,47,47,60,60,60],"floor_reached":16,"playtime":455,"items_purged":[],"score":173,"play_id":"9581353c-8252-4592-b9ec-64ad61517fc2","local_time":"20190317225750","is_ascension_mode":true,"campfire_choices":[{"floor":7,"key":"REST"},{"data":"Pommel Strike","floor":12,"key":"SMITH"},{"floor":15,"key":"REST"}],"neow_cost":"NONE","seed_source_timestamp":275630910827100,"circlet_count":0,"master_deck":["AscendersBane","Strike_R","Strike_R","Strike_R","Strike_R","Strike_R","Defend_R","Defend_R","Defend_R","Defend_R","Bash","Cleave","Shockwave","Flex","Flex+1","True Grit+1","Pommel Strike+1","Dual Wield+1","Regret","Entrench+1"],"relics":["Burning Blood","Chemical X","Centennial Puzzle","Toxic Egg 2","PreservedInsect","Potion Belt","Molten Egg 2"],"potions_floor_usage":[16],"damage_taken":[{"damage":2,"enemies":"Small Slimes","floor":1,"turns":4},{"damage":2,"enemies":"Jaw Worm","floor":2,"turns":3},{"damage":33,"enemies":"Gremlin Nob","floor":6,"turns":5},{"damage":35,"enemies":"Lagavulin","floor":8,"turns":6},{"damage":0,"enemies":"Cultist","floor":10,"turns":3},{"damage":15,"enemies":"Blue Slaver","floor":14,"turns":4},{"damage":83,"enemies":"Slime Boss","floor":16,"turns":9}],"seed_played":"-5004089698289247222","potions_obtained":[{"floor":1,"key":"Block Potion"},{"floor":8,"key":"SkillPotion"}],"is_trial":false,"path_per_floor":["M","M","$","?","?","E","R","E","T","M","$","R","?","M","R","B"],"character_chosen":"IRONCLAD","items_purchased":["Chemical X","Flex","Dual Wield+1"],"campfire_rested":2,"item_purchase_floors":[3,3,11],"current_hp_per_floor":[76,80,80,80,80,53,77,48,48,54,54,54,54,45,69,0],"gold":60,"neow_bonus":"HUNDRED_GOLD","is_prod":false,"is_daily":false,"chose_seed":false,"campfire_upgraded":1,"win_rate":0,"timestamp":1552859870,"path_taken":["M","M","$","?","?","E","R","E","T","?","$","R","?","M","R","BOSS"],"build_version":"2019-01-23","purchased_purges":0,"victory":false,"max_hp_per_floor":[80,80,80,80,80,80,80,80,80,80,80,80,80,80,80,80],"card_choices":[{"not_picked":["Reckless Charge","Anger"],"picked":"Cleave","floor":1},{"not_picked":["Second Wind","Armaments"],"picked":"Shockwave","floor":2},{"not_picked":["Sword Boomerang","Cleave"],"picked":"Flex","floor":6},{"not_picked":["Clothesline","Havoc+1"],"picked":"True Grit+1","floor":8},{"not_picked":["Clash","Ghostly Armor+1"],"picked":"Pommel Strike","floor":10},{"not_picked":["Carnage+1","Body Slam+1"],"picked":"Entrench+1","floor":14}],"player_experience":1539671,"relics_obtained":[{"floor":6,"key":"Toxic Egg 2"},{"floor":8,"key":"PreservedInsect"},{"floor":9,"key":"Potion Belt"}],"event_choices":[{"damage_healed":0,"gold_gain":0,"player_choice":"Leave","damage_taken":0,"max_hp_gain":0,"max_hp_loss":0,"event_name":"The Cleric","floor":4,"gold_loss":0},{"damage_healed":0,"gold_gain":0,"player_choice":"Gave Potion","damage_taken":0,"relics_obtained":["Centennial Puzzle"],"max_hp_gain":0,"max_hp_loss":0,"event_name":"WeMeetAgain","floor":5,"gold_loss":0},{"damage_healed":0,"gold_gain":0,"player_choice":"Box","damage_taken":0,"relics_obtained":["Molten Egg 2"],"max_hp_gain":0,"max_hp_loss":0,"event_name":"Big Fish","floor":13,"gold_loss":0,"cards_obtained":["Regret"]}],"is_beta":false,"boss_relics":[],"items_purged_floors":[],"is_endless":false,"potions_floor_spawned":[1,8],"killed_by":"Slime Boss","ascension_level":12}