{"gold_per_floor":[113,113,128,128,128,153,153,166,192,225,29,59,74,103,103,175,175,187,187,38,38,38,38,52,52,52,72,101,101,117,127,127,204,204,219,232,232],"floor_reached":37,"playtime":2069,"items_purged":[],"score":738,"play_id":"6020a4b1-0fb9-4499-900f-a2e414b2fe83","local_time":"20190327224323","is_ascension_mode":true,"campfire_choices":[{"floor":7,"key":"REST"},{"floor":15,"key":"REST"},{"data":"Inflame","floor":23,"key":"SMITH"},{"data":"Rage","floor":25,"key":"SMITH"},{"floor":29,"key":"REST"},{"floor":32,"key":"REST"}],"neow_cost":"CURSE","seed_source_timestamp":96190940262300,"circlet_count":0,"master_deck":["AscendersBane","Defend_R","Defend_R","Defend_R","Defend_R","Bash","Feel No Pain","Cleave","Impervious","Inflame+1","Carnage","Body Slam","Dual Wield","True Grit","Fiend Fire","Pommel Strike+1","Bite","Bite","Bite","Bite","Bite","Rage+1","Blood for Blood+1","Inflame","Impervious","Spot Weakness","Juggernaut","Flame Barrier","Pommel Strike+1"],"relics":["Black Blood","FaceOfCleric","Ancient Tea Set","Pen Nib","Strawberry","Toolbox","Lantern","Odd Mushroom","Bronze Scales","Molten Egg 2","Self Forming Clay","Fusion Hammer"],"potions_floor_usage":[10,13,13,28,30,33,36],"damage_taken":[{"damage":10,"enemies":"Small Slimes","floor":1,"turns":5},{"damage":2,"enemies":"Jaw Worm","floor":3,"turns":3},{"damage":60,"enemies":"Lagavulin","floor":6,"turns":8},{"damage":0,"enemies":"2 Louse","floor":8,"turns":3},{"damage":17,"enemies":"Gremlin Nob","floor":10,"turns":5},{"damage":12,"enemies":"Lagavulin","floor":12,"turns":5},{"damage":27,"enemies":"Lots of Slimes","floor":13,"turns":6},{"damage":16,"enemies":"The Mushroom Lair","floor":14,"turns":5},{"damage":53,"enemies":"Hexaghost","floor":16,"turns":11},{"damage":24,"enemies":"3 Byrds","floor":18,"turns":7},{"damage":19,"enemies":"Shell Parasite","floor":24,"turns":6},{"damage":32,"enemies":"Shelled Parasite and Fungi","floor":27,"turns":5},{"damage":36,"enemies":"Slavers","floor":28,"turns":6},{"damage":20,"enemies":"Snecko","floor":30,"turns":4},{"damage":46,"enemies":"Centurion and Healer","floor":31,"turns":7},{"damage":32,"enemies":"Automaton","floor":33,"turns":8},{"damage":30,"enemies":"3 Shapes","floor":35,"turns":6},{"damage":36,"enemies":"3 Darklings","floor":36,"turns":6},{"damage":68,"enemies":"Writhing Mass","floor":37,"turns":4}],"seed_played":"5865781330954291970","potions_obtained":[{"floor":3,"key":"Dexterity Potion"},{"floor":6,"key":"Fire Potion"},{"floor":10,"key":"GamblersBrew"},{"floor":16,"key":"SpeedPotion"},{"floor":27,"key":"GamblersBrew"},{"floor":30,"key":"Dexterity Potion"},{"floor":31,"key":"Energy Potion"},{"floor":35,"key":"Fire Potion"}],"is_trial":false,"path_per_floor":["M","?","M","?","?","E","R","M","T","E","$","E","M","?","R","B",null,"M","?","$","?","$","R","M","R","T","M","E","R","M","M","R","B",null,"M","M","M"],"character_chosen":"IRONCLAD","items_purchased":["Toolbox","Bronze Scales"],"campfire_rested":4,"item_purchase_floors":[11,20],"current_hp_per_floor":[84,84,88,81,81,28,57,64,64,61,61,56,36,27,59,13,86,73,73,73,73,73,73,77,77,77,65,44,68,65,40,64,64,78,61,42,0],"gold":232,"neow_bonus":"TWENTY_PERCENT_HP_BONUS","is_prod":false,"is_daily":false,"chose_seed":false,"campfire_upgraded":2,"win_rate":0,"timestamp":1553723003,"path_taken":["M","?","M","?","?","E","R","M","T","E","$","E","?","?","R","BOSS","M","?","$","?","$","R","M","R","T","?","E","R","M","M","R","BOSS","M","M","M"],"build_version":"2019-01-23","purchased_purges":0,"victory":false,"max_hp_per_floor":[96,96,96,96,96,97,97,98,98,106,106,107,108,109,109,110,110,111,77,77,77,77,77,78,78,78,79,80,80,81,82,82,83,83,84,85,85],"card_choices":[{"not_picked":["Hemokinesis","Uppercut"],"picked":"Feel No Pain","floor":1},{"not_picked":["Thunderclap","Clothesline"],"picked":"Cleave","floor":3},{"not_picked":["Wild Strike","Iron Wave"],"picked":"Impervious","floor":6},{"not_picked":["Anger","Rupture"],"picked":"Inflame","floor":8},{"not_picked":["Warcry","Intimidate"],"picked":"Carnage","floor":10},{"not_picked":["Thunderclap","Flex"],"picked":"Body Slam","floor":12},{"not_picked":["Dropkick","Limit Break"],"picked":"Dual Wield","floor":13},{"not_picked":["Heavy Blade","Searing Blow"],"picked":"True Grit","floor":14},{"not_picked":["Impervious","Berserk"],"picked":"Fiend Fire","floor":16},{"not_picked":["Iron Wave","Anger+1"],"picked":"Pommel Strike","floor":18},{"not_picked":["Body Slam","Bloodletting"],"picked":"Rage","floor":24},{"not_picked":["Burning Pact","Twin Strike+1"],"picked":"Blood for Blood+1","floor":27},{"not_picked":["Sentinel","Hemokinesis+1"],"picked":"Inflame","floor":28},{"not_picked":["Warcry","Clothesline+1"],"picked":"Impervious","floor":30},{"not_picked":["Armaments","Ghostly Armor"],"picked":"Spot Weakness","floor":31},{"not_picked":["Bludgeon+1","Fiend Fire+1"],"picked":"Juggernaut","floor":33},{"not_picked":["Armaments","Clash+1"],"picked":"Flame Barrier","floor":35},{"not_picked":["Twin Strike+1","Wild Strike+1"],"picked":"Pommel Strike+1","floor":36}],"player_experience":1580026,"relics_obtained":[{"floor":6,"key":"Ancient Tea Set"},{"floor":9,"key":"Pen Nib"},{"floor":10,"key":"Strawberry"},{"floor":12,"key":"Lantern"},{"floor":14,"key":"Odd Mushroom"},{"floor":26,"key":"Molten Egg 2"},{"floor":28,"key":"Self Forming Clay"}],"event_choices":[{"cards_removed":["Shame"],"damage_healed":0,"gold_gain":0,"player_choice":"Forget","damage_taken":0,"max_hp_gain":0,"max_hp_loss":0,"event_name":"Living Wall","floor":2,"gold_loss":0},{"cards_removed":["Strike_R"],"damage_healed":0,"gold_gain":0,"player_choice":"Card Removal","damage_taken":7,"max_hp_gain":0,"max_hp_loss":0,"event_name":"Golden Wing","floor":4,"gold_loss":0},{"damage_healed":0,"gold_gain":0,"player_choice":"Trade","damage_taken":0,"relics_obtained":["FaceOfCleric"],"max_hp_gain":0,"max_hp_loss":0,"event_name":"FaceTrader","floor":5,"gold_loss":0},{"damage_healed":0,"gold_gain":0,"player_choice":"Fought Mushrooms","damage_taken":0,"max_hp_gain":0,"max_hp_loss":0,"event_name":"Mushrooms","floor":14,"gold_loss":0},{"damage_healed":0,"gold_gain":0,"player_choice":"Became a vampire","damage_taken":0,"max_hp_gain":0,"max_hp_loss":34,"event_name":"Vampires","floor":19,"gold_loss":0,"cards_obtained":["Bite","Bite","Bite","Bite","Bite"]},{"damage_healed":0,"gold_gain":0,"player_choice":"Upgraded","damage_taken":0,"max_hp_gain":0,"max_hp_loss":0,"event_name":"Upgrade Shrine","floor":21,"gold_loss":0,"cards_upgraded":["Pommel Strike"]}],"is_beta":false,"boss_relics":[{"not_picked":["Coffee Dripper","Ectoplasm"],"picked":"Black Blood"},{"not_picked":["Empty Cage","Runic Cube"],"picked":"Fusion Hammer"}],"items_purged_floors":[],"is_endless":false,"potions_floor_spawned":[3,6,10,16,27,30,31,35],"killed_by":"Writhing Mass","ascension_level":13}