{"gold_per_floor":[113,113,32,85,17,51,51,62,62,62,79,30,85,97,97,197,197,185,185,31,50,70,70,70,70,97,97,108,108,127,147,147,248,248,265,276,164,63,74,74,74,89,89,89,124,134,134,8,8,8],"floor_reached":50,"playtime":3836,"items_purged":["Shame"],"score":745,"play_id":"02ce8d43-3ae9-4156-928e-a699bd5cb0a8","local_time":"20190424084417","is_ascension_mode":true,"campfire_choices":[{"floor":7,"key":"REST"},{"floor":10,"key":"REST"},{"floor":15,"key":"REST"},{"floor":23,"key":"REST"},{"data":"After Image","floor":27,"key":"SMITH"},{"data":"Crippling Poison","floor":32,"key":"SMITH"},{"floor":41,"key":"REST"},{"floor":44,"key":"REST"},{"floor":47,"key":"REST"},{"floor":49,"key":"REST"}],"neow_cost":"NONE","seed_source_timestamp":90431157631281,"circlet_count":0,"master_deck":["AscendersBane","Survivor","Neutralize","Poisoned Stab","Glass Knife","Dash","Finisher","Crippling Poison+1","PiercingWail","Well Laid Plans","Bane","Infinite Blades+1","Caltrops","Masterful Stab","Deflect","Escape Plan","Bane","Predator","After Image+1","Caltrops+1","Burst+1","Doppelganger+1","Noxious Fumes+1","Well Laid Plans+1","Backflip","Leg Sweep","Backflip+1","Footwork+1","Heel Hook+1","Backflip","A Thousand Cuts+1","Bullet Time","Leg Sweep","Flechettes","Noxious Fumes+1","Sucker Punch","Tactician+1","Infinite Blades+1","Well Laid Plans+1"],"relics":["Pandora\u0027s Box","Mummified Hand","Strawberry","Sundial","Tiny Chest","Astrolabe","Frozen Egg 2","Bronze Scales","Lantern","Runic Pyramid","Toxic Egg 2","PreservedInsect"],"potions_floor_usage":[13,16,22,22,28,33,33,35,39,39,50,50,50],"damage_taken":[{"damage":7,"enemies":"Small Slimes","floor":1,"turns":3},{"damage":23,"enemies":"3 Sentries","floor":6,"turns":6},{"damage":6,"enemies":"2 Louse","floor":8,"turns":3},{"damage":1,"enemies":"Jaw Worm","floor":11,"turns":2},{"damage":14,"enemies":"Lagavulin","floor":13,"turns":5},{"damage":0,"enemies":"Exordium Thugs","floor":14,"turns":3},{"damage":38,"enemies":"Slime Boss","floor":16,"turns":8},{"damage":12,"enemies":"2 Thieves","floor":18,"turns":4},{"damage":6,"enemies":"Spheric Guardian","floor":21,"turns":3},{"damage":13,"enemies":"Centurion and Healer","floor":22,"turns":4},{"damage":0,"enemies":"Chosen and Byrds","floor":28,"turns":4},{"damage":0,"enemies":"Snake Plant","floor":30,"turns":3},{"damage":8,"enemies":"Sentry and Sphere","floor":31,"turns":5},{"damage":35,"enemies":"Collector","floor":33,"turns":8},{"damage":33,"enemies":"3 Darklings","floor":35,"turns":3},{"damage":11,"enemies":"Orb Walker","floor":36,"turns":4},{"damage":19,"enemies":"Sphere and 2 Shapes","floor":39,"turns":5},{"damage":3,"enemies":"Jaw Worm Horde","floor":42,"turns":4},{"damage":18,"enemies":"Giant Head","floor":45,"turns":9},{"damage":0,"enemies":"Maw","floor":46,"turns":7},{"damage":81,"enemies":"Awakened One","floor":50,"turns":10}],"seed_played":"7207357828432161987","potions_obtained":[{"floor":8,"key":"PowerPotion"},{"floor":13,"key":"Regen Potion"},{"floor":14,"key":"SpeedPotion"},{"floor":21,"key":"AttackPotion"},{"floor":30,"key":"Strength Potion"},{"floor":31,"key":"PowerPotion"},{"floor":33,"key":"Poison Potion"},{"floor":42,"key":"FearPotion"},{"floor":46,"key":"PowerPotion"}],"is_trial":false,"path_per_floor":["M","?","$","?","$","E","R","M","T","R","M","$","E","M","R","B",null,"M","T","$","M","M","R","?","?","T","R","M","?","M","M","R","B",null,"M","M","$","$","M","?","R","M","T","R","E","M","R","$","R","B"],"character_chosen":"THE_SILENT","items_purchased":["Infinite Blades","Caltrops","PowerPotion","Well Laid Plans+1","Backflip","Leg Sweep","Noxious Fumes+1","AttackPotion","Explosive Potion","Well Laid Plans+1","SpeedPotion"],"campfire_rested":8,"item_purchase_floors":[3,5,12,20,20,20,37,38,38,48,48],"current_hp_per_floor":[56,44,44,44,44,28,51,45,45,68,67,67,53,53,76,38,67,55,55,55,49,48,71,71,71,71,71,71,71,71,63,63,28,65,32,21,21,21,2,2,25,22,22,45,27,27,50,50,73,0],"gold":8,"neow_bonus":"BOSS_RELIC","is_prod":false,"is_daily":false,"chose_seed":false,"campfire_upgraded":2,"win_rate":0,"timestamp":1556120657,"path_taken":["M","?","$","?","?","E","R","M","T","R","M","$","E","M","R","BOSS","M","?","$","M","M","R","?","?","T","R","?","?","M","M","R","BOSS","M","?","?","$","M","?","R","M","T","R","E","M","R","$","R","BOSS"],"build_version":"2019-01-23","purchased_purges":1,"victory":false,"max_hp_per_floor":[70,70,70,70,70,77,77,77,77,77,77,77,77,77,77,77,77,77,77,77,77,77,77,77,77,77,77,77,77,77,77,77,77,77,77,77,77,77,77,77,77,77,77,77,77,77,77,77,77,77],"card_choices":[{"not_picked":["Flying Knee","Deadly Poison"],"picked":"Bane","floor":1},{"not_picked":["Poisoned Stab","Catalyst"],"picked":"Masterful Stab","floor":6},{"not_picked":["Riddle With Holes","Terror"],"picked":"Deflect","floor":8},{"not_picked":["Outmaneuver","Distraction"],"picked":"Escape Plan","floor":11},{"not_picked":["Dagger Throw","All Out Attack"],"picked":"Bane","floor":13},{"not_picked":["All Out Attack","Dagger Spray"],"picked":"Predator","floor":14},{"not_picked":["Adrenaline","Burst"],"picked":"After Image","floor":16},{"not_picked":["Accuracy","Cloak And Dagger"],"picked":"Noxious Fumes+1","floor":18},{"not_picked":["Quick Slash+1","Masterful Stab+1"],"picked":"Backflip+1","floor":21},{"not_picked":["Bane","Slice+1"],"picked":"Footwork+1","floor":22},{"not_picked":["Deadly Poison","Flying Knee"],"picked":"Heel Hook+1","floor":28},{"not_picked":["Slice","Deflect+1"],"picked":"Backflip","floor":30},{"not_picked":["Blade Dance+1","Bane"],"picked":"A Thousand Cuts+1","floor":31},{"not_picked":["Malaise","Doppelganger"],"picked":"Bullet Time","floor":33},{"not_picked":["Dodge and Roll","Prepared"],"picked":"Leg Sweep","floor":35},{"not_picked":["Acrobatics+1","Slice+1"],"picked":"Flechettes","floor":36},{"not_picked":["Bane","Die Die Die"],"picked":"Sucker Punch","floor":39},{"not_picked":["Quick Slash+1","Dagger Spray","Outmaneuver"],"picked":"SKIP","floor":42},{"not_picked":["Poisoned Stab","Sucker Punch"],"picked":"Tactician+1","floor":45},{"not_picked":["Distraction+1","Prepared+1"],"picked":"Infinite Blades+1","floor":46}],"player_experience":1448012,"relics_obtained":[{"floor":6,"key":"Strawberry"},{"floor":9,"key":"Sundial"},{"floor":13,"key":"Tiny Chest"},{"floor":19,"key":"Frozen Egg 2"},{"floor":26,"key":"Lantern"},{"floor":43,"key":"Toxic Egg 2"},{"floor":45,"key":"PreservedInsect"}],"event_choices":[{"damage_healed":0,"gold_gain":0,"player_choice":"Success","damage_taken":12,"relics_obtained":["Mummified Hand"],"max_hp_gain":0,"max_hp_loss":0,"event_name":"Scrap Ooze","floor":2,"gold_loss":0},{"damage_healed":0,"gold_gain":53,"player_choice":"Gained Gold","damage_taken":0,"max_hp_gain":0,"max_hp_loss":0,"event_name":"Golden Wing","floor":4,"gold_loss":0},{"damage_healed":0,"gold_gain":0,"player_choice":"Stole Relic","damage_taken":0,"relics_obtained":["Bronze Scales"],"max_hp_gain":0,"max_hp_loss":0,"event_name":"Addict","floor":24,"gold_loss":0,"cards_obtained":["Shame"]},{"damage_healed":0,"gold_gain":0,"player_choice":"Ignored","damage_taken":0,"max_hp_gain":0,"max_hp_loss":0,"event_name":"Vampires","floor":25,"gold_loss":0},{"damage_healed":0,"gold_gain":0,"player_choice":"Forge","damage_taken":0,"max_hp_gain":0,"max_hp_loss":0,"event_name":"Accursed Blacksmith","floor":29,"gold_loss":0,"cards_upgraded":["Infinite Blades"]},{"damage_healed":0,"gold_gain":0,"player_choice":"Leave","damage_taken":0,"max_hp_gain":0,"max_hp_loss":0,"event_name":"FaceTrader","floor":40,"gold_loss":0}],"is_beta":false,"boss_relics":[{"not_picked":["White Beast Statue","Calling Bell"],"picked":"Astrolabe"},{"not_picked":["Coffee Dripper","Eternal Feather"],"picked":"Runic Pyramid"}],"items_purged_floors":[37],"is_endless":false,"potions_floor_spawned":[8,13,14,21,30,31,33,42,46],"killed_by":"Awakened One","ascension_level":10}