{"gold_per_floor":[114,129,54,69,144,144,159,159,184,184,154,169,169,184,184,284,284,299,99,99,114,114,114,129,129,129,54,69,84,99,99,99,199,199,214,214,229,229,180,180],"floor_reached":40,"playtime":1955,"items_purged":["Strike_R"],"score":480,"play_id":"f9919145-161c-422a-b467-021d01a4046f","local_time":"20190225202508","daily_mods":["Allstar","Colorless Cards","Terminal"],"is_ascension_mode":false,"campfire_choices":[{"data":"Flex","floor":6,"key":"SMITH"},{"data":"Bash","floor":8,"key":"SMITH"},{"data":"Apotheosis","floor":13,"key":"SMITH"},{"data":"Heavy Blade","floor":15,"key":"SMITH"},{"floor":23,"key":"REST"},{"data":"Heavy Blade","floor":25,"key":"SMITH"},{"floor":32,"key":"REST"}],"neow_cost":"","seed_source_timestamp":0,"circlet_count":0,"master_deck":["Defend_R","Defend_R","Defend_R","Bash+1","Finesse","Secret Weapon","Apotheosis+1","Impatience","Panache","Rage","Flex+1","Jack Of All Trades","Heavy Blade+1","Limit Break","Flash of Steel","Heavy Blade+1","Spot Weakness","Power Through","Infernal Blade","Anger","Bite","Bite","Bite","Bite","Bite","Flash of Steel","Anger","Shrug It Off","Evolve","Cleave","Double Tap","Entrench+1","Madness","Madness","Flex+1","Shrug It Off"],"special_seed":17953,"relics":["Burning Blood","Regal Pillow","Orrery","HandDrill","Enchiridion","Sundial","Mark of Pain"],"potions_floor_usage":[33,40,40],"damage_taken":[{"damage":0,"enemies":"Cultist","floor":1,"turns":3},{"damage":0,"enemies":"Small Slimes","floor":2,"turns":4},{"damage":0,"enemies":"Jaw Worm","floor":4,"turns":5},{"damage":14,"enemies":"2 Fungi Beasts","floor":7,"turns":4},{"damage":10,"enemies":"Exordium Thugs","floor":11,"turns":5},{"damage":6,"enemies":"Large Slime","floor":12,"turns":5},{"damage":0,"enemies":"Blue Slaver","floor":14,"turns":4},{"damage":10,"enemies":"The Guardian","floor":16,"turns":8},{"damage":9,"enemies":"3 Byrds","floor":18,"turns":5},{"damage":0,"enemies":"Shell Parasite","floor":21,"turns":2},{"damage":0,"enemies":"Sentry and Sphere","floor":24,"turns":4},{"damage":8,"enemies":"Snake Plant","floor":28,"turns":4},{"damage":11,"enemies":"Chosen and Byrds","floor":29,"turns":5},{"damage":21,"enemies":"Snecko","floor":30,"turns":5},{"damage":0,"enemies":"Automaton","floor":33,"turns":9},{"damage":6,"enemies":"Orb Walker","floor":35,"turns":2},{"damage":17,"enemies":"3 Shapes","floor":37,"turns":3},{"damage":39,"enemies":"Reptomancer","floor":40,"turns":2}],"seed_played":"3640749256774158397","potions_obtained":[{"floor":2,"key":"LiquidBronze"},{"floor":4,"key":"Dexterity Potion"},{"floor":12,"key":"Swift Potion"},{"floor":37,"key":"Poison Potion"}],"is_trial":false,"path_per_floor":["M","M","$","M","?","R","M","R","T","?","M","M","R","M","R","B",null,"M","$","?","M","?","R","M","R","T","?","M","M","M","$","R","B",null,"M","?","M","?","$","E"],"character_chosen":"IRONCLAD","items_purchased":["HandDrill","Shrug It Off"],"campfire_rested":2,"item_purchase_floors":[19,39],"current_hp_per_floor":[78,77,76,75,68,68,60,60,60,60,56,56,56,62,62,58,62,59,59,41,40,24,38,37,36,35,34,33,28,17,17,29,28,27,26,23,15,15,15,0],"gold":180,"neow_bonus":"","is_prod":false,"is_daily":true,"chose_seed":false,"campfire_upgraded":5,"win_rate":0,"timestamp":1551155108,"path_taken":["M","M","$","M","?","R","?","R","T","?","M","M","R","M","R","BOSS","M","$","?","M","?","R","M","R","T","?","M","M","M","$","R","BOSS","M","?","M","?","$","E"],"build_version":"2019-01-23","purchased_purges":1,"victory":false,"max_hp_per_floor":[78,77,76,75,74,73,72,71,70,69,68,67,66,65,64,63,62,61,60,41,40,39,38,37,36,35,34,33,32,31,30,29,28,27,26,25,24,23,22,22],"card_choices":[{"not_picked":["Twin Strike","Havoc"],"picked":"Rage","floor":1},{"not_picked":["Jack Of All Trades","Armaments","Dark Shackles"],"picked":"SKIP","floor":2},{"not_picked":["Forethought","Body Slam"],"picked":"Flex","floor":4},{"not_picked":["Clothesline","Dropkick","Bloodletting"],"picked":"SKIP","floor":7},{"not_picked":["Burning Pact","Havoc","Dark Shackles"],"picked":"SKIP","floor":11},{"not_picked":["Dropkick","Havoc"],"picked":"Jack Of All Trades","floor":12},{"not_picked":["Pummel","Warcry"],"picked":"Heavy Blade","floor":14},{"not_picked":["Berserk","Metamorphosis"],"picked":"Limit Break","floor":16},{"not_picked":["Headbutt","Clash"],"picked":"Flash of Steel","floor":17},{"not_picked":["Twin Strike","Sentinel"],"picked":"Heavy Blade","floor":17},{"not_picked":["Body Slam","Anger"],"picked":"Spot Weakness","floor":17},{"not_picked":["Headbutt","Dual Wield"],"picked":"Power Through","floor":17},{"not_picked":["Perfected Strike","Sentinel"],"picked":"Infernal Blade","floor":17},{"not_picked":["True Grit","PanicButton+1"],"picked":"Anger","floor":18},{"not_picked":["Sword Boomerang+1","Body Slam"],"picked":"Flash of Steel","floor":21},{"not_picked":["Iron Wave","Mayhem"],"picked":"Anger","floor":24},{"not_picked":["Anger+1","Hemokinesis+1"],"picked":"Shrug It Off","floor":28},{"not_picked":["Iron Wave","Warcry"],"picked":"Evolve","floor":29},{"not_picked":["Warcry","Flex"],"picked":"Cleave","floor":30},{"not_picked":["Chrysalis","Dark Embrace"],"picked":"Double Tap","floor":33},{"not_picked":["Armaments","Hemokinesis+1"],"picked":"Entrench+1","floor":35},{"not_picked":["Headbutt+1","Hemokinesis"],"picked":"Flex+1","floor":37}],"player_experience":266780,"relics_obtained":[{"floor":9,"key":"Regal Pillow"},{"floor":22,"key":"Enchiridion"},{"floor":26,"key":"Sundial"}],"event_choices":[{"damage_healed":0,"gold_gain":75,"player_choice":"Touch","damage_taken":7,"max_hp_gain":0,"max_hp_loss":0,"event_name":"FaceTrader","floor":5,"gold_loss":0},{"cards_removed":["Strike_R"],"damage_healed":0,"gold_gain":0,"player_choice":"Purged","damage_taken":0,"max_hp_gain":0,"max_hp_loss":0,"event_name":"Purifier","floor":10,"gold_loss":0},{"damage_healed":0,"gold_gain":0,"player_choice":"Became a vampire","damage_taken":0,"max_hp_gain":0,"max_hp_loss":18,"event_name":"Vampires","floor":20,"gold_loss":0,"cards_obtained":["Bite","Bite","Bite","Bite","Bite"]},{"damage_healed":0,"gold_gain":0,"player_choice":"Obtained Book","damage_taken":16,"max_hp_gain":0,"max_hp_loss":0,"event_name":"Cursed Tome","floor":22,"gold_loss":0},{"cards_removed":["Defend_R"],"damage_healed":0,"gold_gain":0,"player_choice":"Gave Gold","damage_taken":0,"max_hp_gain":0,"max_hp_loss":0,"event_name":"Beggar","floor":27,"gold_loss":75},{"damage_healed":0,"gold_gain":0,"player_choice":"Embrace Madness","damage_taken":3,"max_hp_gain":0,"max_hp_loss":0,"event_name":"Winding Halls","floor":36,"gold_loss":0,"cards_obtained":["Madness","Madness"]},{"damage_healed":0,"gold_gain":0,"player_choice":"Ignored","damage_taken":0,"max_hp_gain":0,"max_hp_loss":0,"event_name":"Mysterious Sphere","floor":38,"gold_loss":0}],"is_beta":false,"boss_relics":[{"not_picked":["Runic Dome","White Beast Statue"],"picked":"Orrery"},{"not_picked":["Lizard Tail","Eternal Feather"],"picked":"Mark of Pain"}],"items_purged_floors":[3],"is_endless":false,"potions_floor_spawned":[2,4,12,14,18,29,37],"killed_by":"Reptomancer","ascension_level":0}