{"gold_per_floor":[112,127,139,139,139,139,156,156,183,133,146,146,146,161,161,266,266,278,294,97,97,111,111,111,122,122,149,149,149,149,183,183,183],"floor_reached":33,"playtime":1557,"items_purged":[],"score":440,"play_id":"31188195-519b-4413-a039-91f718a6f1c1","local_time":"20190504225957","is_ascension_mode":true,"campfire_choices":[{"data":"Darkness","floor":6,"key":"SMITH"},{"floor":8,"key":"REST"},{"floor":15,"key":"REST"},{"floor":23,"key":"REST"},{"floor":28,"key":"REST"},{"floor":30,"key":"REST"},{"floor":32,"key":"REST"}],"neow_cost":"PERCENT_DAMAGE","seed_source_timestamp":93697337786100,"circlet_count":0,"master_deck":["AscendersBane","Strike_B","Strike_B","Strike_B","Defend_B","Defend_B","Defend_B","Defend_B","Zap","Dualcast","Melter","Storm","Darkness+1","Lockon+1","Ball Lightning+1","Machine Learning","Multi-Cast","Tempest","Reinforced Body","Darkness+1","Tempest"],"relics":["Cracked Core","WingedGreaves","Orichalcum","Molten Egg 2","Bag of Preparation","Gambling Chip","Lizard Tail","Chemical X","Singing Bowl","Bottled Lightning","Lantern","Emotion Chip"],"potions_floor_usage":[2,16,16,19,27,33],"damage_taken":[{"damage":1,"enemies":"Cultist","floor":1,"turns":4},{"damage":2,"enemies":"Jaw Worm","floor":2,"turns":3},{"damage":2,"enemies":"2 Louse","floor":3,"turns":3},{"damage":6,"enemies":"Exordium Thugs","floor":7,"turns":4},{"damage":14,"enemies":"Blue Slaver","floor":11,"turns":5},{"damage":2,"enemies":"Looter","floor":14,"turns":3},{"damage":41,"enemies":"Hexaghost","floor":16,"turns":8},{"damage":0,"enemies":"Spheric Guardian","floor":18,"turns":1},{"damage":22,"enemies":"2 Thieves","floor":19,"turns":4},{"damage":4,"enemies":"Snecko","floor":22,"turns":3},{"damage":24,"enemies":"Shelled Parasite and Fungi","floor":25,"turns":3},{"damage":78,"enemies":"Gremlin Leader","floor":27,"turns":7},{"damage":22,"enemies":"Slavers","floor":31,"turns":4},{"damage":80,"enemies":"Collector","floor":33,"turns":6}],"seed_played":"4240901002155546992","potions_obtained":[{"floor":1,"key":"PowerPotion"},{"floor":2,"key":"SteroidPotion"},{"floor":11,"key":"GamblersBrew"},{"floor":14,"key":"AttackPotion"},{"floor":18,"key":"Energy Potion"},{"floor":25,"key":"Energy Potion"},{"floor":31,"key":"AttackPotion"}],"is_trial":false,"path_per_floor":["M","M","M","?","?","R","M","R","T","?","M","?","$","M","R","B",null,"M","M","$","?","M","R","?","M","T","E","R","?","R","E","R","B"],"character_chosen":"DEFECT","items_purchased":["Chemical X"],"campfire_rested":6,"item_purchase_floors":[20],"current_hp_per_floor":[49,47,45,45,45,45,39,61,61,61,47,35,35,33,55,14,60,60,38,38,38,36,59,77,53,53,24,47,47,70,48,71,0],"gold":183,"neow_bonus":"ONE_RARE_RELIC","is_prod":false,"is_daily":false,"chose_seed":false,"campfire_upgraded":1,"win_rate":0,"timestamp":1557003597,"path_taken":["M","M","?","?","?","R","?","R","T","?","M","?","$","M","R","BOSS","M","M","$","?","M","R","?","M","T","E","R","?","R","E","R","BOSS"],"build_version":"2019-01-23","purchased_purges":0,"victory":false,"max_hp_per_floor":[75,75,75,75,75,75,75,75,75,75,75,75,75,75,75,75,75,75,75,75,75,77,77,77,77,77,77,77,77,77,77,77,77],"card_choices":[{"not_picked":["Coolheaded","Aggregate"],"picked":"Melter","floor":1},{"not_picked":["FTL","Scrape"],"picked":"Storm","floor":2},{"not_picked":["Compile Driver","Beam Cell"],"picked":"Darkness","floor":3},{"not_picked":["Genetic Algorithm","Glacier"],"picked":"Lockon+1","floor":7},{"not_picked":["Cold Snap+1","Beam Cell+1"],"picked":"Ball Lightning+1","floor":11},{"not_picked":["Cold Snap+1","FTL+1"],"picked":"Machine Learning","floor":14},{"not_picked":["Hyperbeam+1","Core Surge+1"],"picked":"Multi-Cast","floor":16},{"not_picked":["Compile Driver+1","Hologram"],"picked":"Tempest","floor":18},{"not_picked":["Compile Driver+1","Hello World","Recycle"],"picked":"SKIP","floor":19},{"not_picked":["Redo","Force Field","Coolheaded"],"picked":"Singing Bowl","floor":22},{"not_picked":["Blizzard+1","Beam Cell+1"],"picked":"Reinforced Body","floor":25},{"not_picked":["Scrape+1","Recycle"],"picked":"Darkness+1","floor":27},{"not_picked":["Glacier","Storm"],"picked":"Tempest","floor":31}],"player_experience":1803717,"relics_obtained":[{"floor":9,"key":"Bag of Preparation"},{"floor":26,"key":"Bottled Lightning"},{"floor":27,"key":"Lantern"},{"floor":31,"key":"Emotion Chip"}],"event_choices":[{"damage_healed":0,"gold_gain":0,"player_choice":"Box","damage_taken":0,"relics_obtained":["Orichalcum"],"max_hp_gain":0,"max_hp_loss":0,"event_name":"Big Fish","floor":4,"gold_loss":0,"cards_obtained":["Regret"]},{"damage_healed":0,"gold_gain":0,"player_choice":"Gave Potion","damage_taken":0,"relics_obtained":["Molten Egg 2"],"max_hp_gain":0,"max_hp_loss":0,"event_name":"WeMeetAgain","floor":5,"gold_loss":0},{"cards_removed":["Regret"],"damage_healed":0,"gold_gain":0,"player_choice":"Card Removal","damage_taken":0,"max_hp_gain":0,"max_hp_loss":0,"event_name":"The Cleric","floor":10,"gold_loss":50},{"damage_healed":0,"gold_gain":0,"player_choice":"Success","damage_taken":12,"relics_obtained":["Gambling Chip"],"max_hp_gain":0,"max_hp_loss":0,"event_name":"Scrap Ooze","floor":12,"gold_loss":0},{"damage_healed":0,"gold_gain":0,"player_choice":"Opened","damage_taken":0,"relics_obtained":["Singing Bowl"],"max_hp_gain":0,"max_hp_loss":0,"event_name":"The Mausoleum","floor":21,"gold_loss":0},{"damage_healed":25,"gold_gain":0,"player_choice":"Heal","damage_taken":0,"max_hp_gain":0,"max_hp_loss":0,"event_name":"The Library","floor":24,"gold_loss":0},{"cards_removed":["Strike_B"],"damage_healed":0,"gold_gain":0,"player_choice":"Purged","damage_taken":0,"max_hp_gain":0,"max_hp_loss":0,"event_name":"Purifier","floor":29,"gold_loss":0}],"is_beta":false,"boss_relics":[{"not_picked":["Astrolabe","Empty Cage"],"picked":"Lizard Tail"}],"items_purged_floors":[],"is_endless":false,"potions_floor_spawned":[1,2,11,14,18,25,31],"killed_by":"Collector","ascension_level":12}