{"gold_per_floor":[109,128,143,143,160,194,194,220,267,281,281,295,295,310,310,414,414,427,427,526,542,542,542,569,581,652,652,666,15,15,48,48,48],"floor_reached":33,"playtime":4227,"items_purged":[],"score":386,"play_id":"ca8e065c-fba3-4d81-aaf6-866d341c9bc2","local_time":"20190511200201","is_ascension_mode":true,"campfire_choices":[{"data":"Neutralize","floor":7,"key":"SMITH"},{"data":"Catalyst","floor":13,"key":"SMITH"},{"floor":15,"key":"REST"},{"data":"Corpse Explosion","floor":23,"key":"SMITH"},{"data":"A Thousand Cuts","floor":27,"key":"SMITH"},{"data":"Dagger Spray","floor":30,"key":"SMITH"},{"data":"Noxious Fumes","floor":32,"key":"SMITH"}],"neow_cost":"NONE","seed_source_timestamp":1988251603291325,"circlet_count":0,"master_deck":["Defend_G+1","Defend_G+1","Defend_G+1","Defend_G+1","Defend_G+1","Strike_G+1","Strike_G+1","Survivor","Neutralize+1","Dramatic Entrance","Backflip","Escape Plan","Dagger Throw","Deflect","Adrenaline","Catalyst+1","Deadly Poison","Dagger Spray+1","Noxious Fumes+1","Corpse Explosion+1","Dash+1","Storm of Steel+1","Storm of Steel+1","Setup+1","Leg Sweep+1","A Thousand Cuts+1","Blade Dance","Dodge and Roll+1","Dagger Throw"],"relics":["Ring of the Snake","PreservedInsect","Gremlin Horn","Strawberry","Potion Belt","Astrolabe","Dream Catcher","Toxic Egg 2","Medical Kit","Bronze Scales","FossilizedHelix","Oddly Smooth Stone"],"potions_floor_usage":[25,25,33,33,33],"damage_taken":[{"damage":0,"enemies":"Jaw Worm","floor":1,"turns":3},{"damage":0,"enemies":"Cultist","floor":2,"turns":4},{"damage":0,"enemies":"2 Louse","floor":3,"turns":3},{"damage":0,"enemies":"Large Slime","floor":5,"turns":8},{"damage":4,"enemies":"3 Sentries","floor":6,"turns":6},{"damage":13,"enemies":"Lagavulin","floor":8,"turns":7},{"damage":3,"enemies":"Looter","floor":10,"turns":4},{"damage":8,"enemies":"Exordium Thugs","floor":12,"turns":5},{"damage":4,"enemies":"Red Slaver","floor":14,"turns":4},{"damage":51,"enemies":"Slime Boss","floor":16,"turns":9},{"damage":20,"enemies":"2 Thieves","floor":18,"turns":3},{"damage":2,"enemies":"Shell Parasite","floor":21,"turns":5},{"damage":6,"enemies":"Gremlin Leader","floor":24,"turns":5},{"damage":1,"enemies":"Snake Plant","floor":25,"turns":4},{"damage":0,"enemies":"3 Cultists","floor":28,"turns":2},{"damage":0,"enemies":"Book of Stabbing","floor":31,"turns":3},{"damage":57,"enemies":"Champ","floor":33,"turns":14}],"seed_played":"-1780537171731324051","potions_obtained":[{"floor":1,"key":"Regen Potion"},{"floor":5,"key":"FearPotion"},{"floor":6,"key":"SneckoOil"},{"floor":12,"key":"FearPotion"},{"floor":16,"key":"Poison Potion"},{"floor":18,"key":"GamblersBrew"},{"floor":24,"key":"Regen Potion"},{"floor":25,"key":"LiquidBronze"}],"is_trial":false,"path_per_floor":["M","M","M","?","M","E","R","E","T","M","?","M","R","M","R","B",null,"M","?","?","M","?","R","E","M","T","R","M","$","R","E","R","B"],"character_chosen":"THE_SILENT","items_purchased":["Medical Kit","Bronze Scales","FossilizedHelix"],"campfire_rested":1,"item_purchase_floors":[29,29,29],"current_hp_per_floor":[70,70,70,70,70,66,66,60,60,57,45,37,37,33,56,5,77,57,57,57,55,55,55,49,48,48,48,48,48,48,48,48,0],"gold":48,"neow_bonus":"RANDOM_COLORLESS","is_prod":false,"is_daily":false,"chose_seed":false,"campfire_upgraded":6,"win_rate":0,"timestamp":1557622921,"path_taken":["M","M","M","?","M","E","R","E","T","?","?","M","R","M","R","BOSS","M","?","?","M","?","R","E","?","T","R","M","$","R","E","R","BOSS"],"build_version":"2019-01-23","purchased_purges":0,"victory":false,"max_hp_per_floor":[70,70,70,70,70,70,70,77,77,77,77,77,77,77,77,77,77,77,77,77,77,77,77,77,77,77,77,77,77,77,77,77,77],"card_choices":[{"not_picked":["Poisoned Stab","Prepared"],"picked":"Backflip","floor":1},{"not_picked":["Bane","Cloak And Dagger"],"picked":"Escape Plan","floor":2},{"not_picked":["Slice","Outmaneuver"],"picked":"Dagger Throw","floor":3},{"not_picked":["All Out Attack","Slice"],"picked":"Deflect","floor":5},{"not_picked":["Dagger Throw","Flying Knee"],"picked":"Adrenaline","floor":6},{"not_picked":["Expertise","Slice"],"picked":"Catalyst","floor":8},{"not_picked":["Dash","Bane"],"picked":"Deadly Poison","floor":10},{"not_picked":["Expertise","Slice"],"picked":"Dagger Spray","floor":12},{"not_picked":["Dagger Spray","Deflect"],"picked":"Noxious Fumes","floor":14},{"not_picked":["Unload","Envenom"],"picked":"Corpse Explosion","floor":16},{"not_picked":["Flying Knee","Riddle With Holes"],"picked":"Setup+1","floor":18},{"not_picked":["Distraction","Underhanded Strike+1"],"picked":"Leg Sweep+1","floor":21},{"not_picked":["Heel Hook","Masterful Stab"],"picked":"A Thousand Cuts","floor":24},{"not_picked":["Poisoned Stab+1","Deadly Poison"],"picked":"Blade Dance","floor":25},{"not_picked":["Prepared+1","Setup+1"],"picked":"Dodge and Roll+1","floor":28},{"not_picked":["Masterful Stab","Flying Knee"],"picked":"Dagger Throw","floor":31}],"player_experience":296228,"relics_obtained":[{"floor":6,"key":"Gremlin Horn"},{"floor":8,"key":"Strawberry"},{"floor":24,"key":"Dream Catcher"},{"floor":26,"key":"Toxic Egg 2"},{"floor":31,"key":"Oddly Smooth Stone"}],"event_choices":[{"damage_healed":0,"gold_gain":0,"player_choice":"Gave Potion","damage_taken":0,"relics_obtained":["PreservedInsect"],"max_hp_gain":0,"max_hp_loss":0,"event_name":"WeMeetAgain","floor":4,"gold_loss":0},{"damage_healed":0,"gold_gain":0,"player_choice":"Success","damage_taken":12,"relics_obtained":["Potion Belt"],"max_hp_gain":0,"max_hp_loss":0,"event_name":"Scrap Ooze","floor":11,"gold_loss":0},{"damage_healed":0,"gold_gain":0,"player_choice":"Simplicity","damage_taken":0,"max_hp_gain":0,"max_hp_loss":0,"event_name":"Back to Basics","floor":19,"gold_loss":0,"cards_upgraded":["Defend_G","Defend_G","Defend_G","Defend_G","Defend_G","Strike_G","Strike_G"]},{"damage_healed":0,"gold_gain":99,"player_choice":"Stole From Cult","damage_taken":0,"max_hp_gain":0,"max_hp_loss":0,"event_name":"Nest","floor":20,"gold_loss":0},{"damage_healed":0,"gold_gain":0,"player_choice":"Ignored","damage_taken":0,"max_hp_gain":0,"max_hp_loss":0,"event_name":"Ghosts","floor":22,"gold_loss":0}],"is_beta":false,"boss_relics":[{"not_picked":["Runic Dome","Orrery"],"picked":"Astrolabe"}],"items_purged_floors":[],"is_endless":false,"potions_floor_spawned":[1,5,6,12,16,18,24,25],"killed_by":"Champ","ascension_level":4}