{"gold_per_floor":[13,13,31,31,45,45,85,85,85,121,296,360,320,170,170,170],"floor_reached":16,"playtime":624,"items_purged":["Doubt"],"score":157,"play_id":"7155be3c-f016-46f4-91ad-37a410969822","local_time":"20181114194835","is_ascension_mode":true,"campfire_choices":[{"data":"Bludgeon","floor":6,"key":"SMITH"},{"data":"Bash","floor":8,"key":"SMITH"},{"floor":15,"key":"REST"}],"neow_cost":"NO_GOLD","seed_source_timestamp":6898430960100,"circlet_count":0,"master_deck":["Strike_R","Strike_R","Strike_R","Strike_R","Strike_R","Defend_R","Defend_R","Defend_R","Defend_R","Bash+1","Bludgeon+1","Headbutt","Injury","Reaper","Dual Wield","Cleave","Pommel Strike","Pummel","Sever Soul"],"relics":["Burning Blood","Golden Idol","GremlinMask","Dead Branch","Magic Flower","Toxic Egg 2","Tiny Chest"],"potions_floor_usage":[12,13,16,16],"damage_taken":[{"damage":0,"enemies":"Cultist","floor":1,"turns":3},{"damage":5,"enemies":"2 Louse","floor":3,"turns":3},{"damage":2,"enemies":"Jaw Worm","floor":5,"turns":3},{"damage":35,"enemies":"Lagavulin","floor":7,"turns":7},{"damage":24,"enemies":"Gremlin Nob","floor":10,"turns":4},{"damage":40,"enemies":"Lagavulin","floor":12,"turns":6},{"damage":48,"enemies":"Hexaghost","floor":16,"turns":7}],"seed_played":"4039816016721779021","potions_obtained":[{"floor":7,"key":"Swift Potion"},{"floor":12,"key":"SmokeBomb"},{"floor":13,"key":"Fruit Juice"},{"floor":13,"key":"Swift Potion"},{"floor":13,"key":"SkillPotion"}],"is_trial":false,"path_per_floor":["M","?","M","?","M","R","E","R","T","E","?","E","?","$","R","B"],"character_chosen":"IRONCLAD","items_purchased":["Sever Soul"],"campfire_rested":1,"item_purchase_floors":[14],"current_hp_per_floor":[78,78,79,79,80,80,51,51,51,45,45,14,19,19,44,0],"gold":170,"neow_bonus":"THREE_RARE_CARDS","is_prod":false,"is_daily":false,"chose_seed":false,"campfire_upgraded":2,"win_rate":0,"timestamp":1542221315,"path_taken":["M","?","M","?","?","R","E","R","T","E","?","E","?","$","R","BOSS"],"build_version":"2018-11-08","purchased_purges":1,"victory":false,"max_hp_per_floor":[80,80,80,80,80,80,80,80,80,80,80,80,85,85,85,85],"card_choices":[{"not_picked":["Berserk","Double Tap"],"picked":"Bludgeon","floor":0},{"not_picked":["Iron Wave","Shrug It Off"],"picked":"Headbutt","floor":1},{"not_picked":["Shrug It Off","Armaments"],"picked":"Reaper","floor":3},{"not_picked":["Pommel Strike","Clothesline"],"picked":"Dual Wield","floor":5},{"not_picked":["Battle Trance","True Grit"],"picked":"Cleave","floor":7},{"not_picked":["Heavy Blade","Fire Breathing"],"picked":"Pommel Strike","floor":10},{"not_picked":["Blood for Blood","Feel No Pain"],"picked":"Pummel","floor":12}],"player_experience":910630,"relics_obtained":[{"floor":7,"key":"Dead Branch"},{"floor":9,"key":"Magic Flower"},{"floor":10,"key":"Toxic Egg 2"},{"floor":12,"key":"Tiny Chest"}],"event_choices":[{"damage_healed":0,"gold_gain":0,"player_choice":"Take Wound","damage_taken":0,"relics_obtained":["Golden Idol"],"max_hp_gain":0,"max_hp_loss":0,"event_name":"Golden Idol","floor":2,"gold_loss":0,"cards_obtained":["Injury"]},{"damage_healed":0,"gold_gain":0,"player_choice":"Trade","damage_taken":0,"relics_obtained":["GremlinMask"],"max_hp_gain":0,"max_hp_loss":0,"event_name":"FaceTrader","floor":4,"gold_loss":0},{"damage_healed":0,"gold_gain":175,"player_choice":"AGREE","damage_taken":0,"max_hp_gain":0,"max_hp_loss":0,"event_name":"Liars Game","floor":11,"gold_loss":0,"cards_obtained":["Doubt"]},{"damage_healed":0,"gold_gain":0,"player_choice":"Bought 3 Potions","damage_taken":0,"max_hp_gain":0,"max_hp_loss":0,"event_name":"The Woman in Blue","floor":13,"gold_loss":0}],"is_beta":false,"boss_relics":[],"items_purged_floors":[14],"is_endless":false,"potions_floor_spawned":[7,12],"killed_by":"Hexaghost","ascension_level":7}