{"gold_per_floor":[14,14,14,14,26,26,53,53,53,63,63],"floor_reached":11,"playtime":470,"items_purged":[],"score":107,"play_id":"d4fe7755-6b2e-4913-9767-1c9175c4da86","local_time":"20190311223145","is_ascension_mode":true,"campfire_choices":[{"data":"Neutralize","floor":6,"key":"SMITH"}],"neow_cost":"NO_GOLD","seed_source_timestamp":184748076066700,"circlet_count":0,"master_deck":["AscendersBane","Defend_G","Defend_G","Defend_G","Defend_G","Defend_G","Strike_G","Strike_G","Strike_G","Strike_G","Survivor","Neutralize+1","Envenom","Flying Knee","Acrobatics","Acrobatics","Dagger Throw","Heel Hook"],"relics":["Ring of the Snake","Pen Nib","Bird Faced Urn"],"potions_floor_usage":[7],"damage_taken":[{"damage":0,"enemies":"Small Slimes","floor":1,"turns":4},{"damage":0,"enemies":"Cultist","floor":5,"turns":4},{"damage":55,"enemies":"Gremlin Nob","floor":7,"turns":5},{"damage":2,"enemies":"2 Louse","floor":10,"turns":2},{"damage":35,"enemies":"3 Sentries","floor":11,"turns":7}],"seed_played":"-3632459944076875172","potions_obtained":[{"floor":5,"key":"Strength Potion"}],"is_trial":false,"path_per_floor":["M","$","?","$","M","R","E","?","T","M","E"],"character_chosen":"THE_SILENT","items_purchased":[],"campfire_rested":0,"item_purchase_floors":[],"current_hp_per_floor":[63,63,63,63,63,63,8,31,31,29,0],"gold":63,"neow_bonus":"THREE_RARE_CARDS","is_prod":false,"is_daily":false,"chose_seed":false,"campfire_upgraded":1,"win_rate":0,"timestamp":1552339905,"path_taken":["M","$","?","?","M","R","E","?","T","?","E"],"build_version":"2019-01-23","purchased_purges":0,"victory":false,"max_hp_per_floor":[70,70,70,70,70,70,70,70,70,70,70],"card_choices":[{"not_picked":["Unload","Malaise"],"picked":"Envenom","floor":0},{"not_picked":["Quick Slash","Slice"],"picked":"Flying Knee","floor":1},{"not_picked":["Heel Hook","Backflip"],"picked":"Acrobatics","floor":5},{"not_picked":["Acrobatics","Blur"],"picked":"Dagger Throw","floor":7},{"not_picked":["Eviscerate","Acrobatics"],"picked":"Heel Hook","floor":10}],"player_experience":1495636,"relics_obtained":[{"floor":7,"key":"Pen Nib"},{"floor":9,"key":"Bird Faced Urn"}],"event_choices":[{"damage_healed":0,"gold_gain":0,"cards_transformed":["Strike_G"],"player_choice":"Transformed","damage_taken":0,"max_hp_gain":0,"max_hp_loss":0,"event_name":"Transmorgrifier","floor":3,"gold_loss":0,"cards_obtained":["Acrobatics"]},{"damage_healed":23,"gold_gain":0,"player_choice":"Banana","damage_taken":0,"max_hp_gain":0,"max_hp_loss":0,"event_name":"Big Fish","floor":8,"gold_loss":0}],"is_beta":false,"boss_relics":[],"items_purged_floors":[],"is_endless":false,"potions_floor_spawned":[5],"killed_by":"3 Sentries","ascension_level":10}