{"gold_per_floor":[117,41,41,116,128,128,53,53,53,72,72,88,105,65,65,163,163,180,200,200,218,218],"floor_reached":22,"playtime":425,"items_purged":["Writhe"],"score":185,"play_id":"d6ad3f95-bbfb-4e72-8a46-3278c70df322","local_time":"20190111193720","is_ascension_mode":true,"campfire_choices":[{"floor":6,"key":"REST"},{"data":"Whirlwind","floor":8,"key":"SMITH"},{"data":"Limit Break","floor":11,"key":"SMITH"},{"data":"Inflame","floor":15,"key":"SMITH"}],"neow_cost":"CURSE","seed_source_timestamp":147722470076300,"circlet_count":0,"master_deck":["Strike_R","Strike_R","Strike_R","Strike_R","Strike_R","Defend_R","Defend_R","Defend_R","Defend_R","Bash","Limit Break+1","Whirlwind+1","Carnage","Pommel Strike","Cleave","Heavy Blade","Inflame+1","Limit Break","Flex"],"relics":["Black Blood","Bag of Marbles","Omamori"],"potions_floor_usage":[16,16,18,19],"damage_taken":[{"damage":17,"enemies":"Cultist","floor":1,"turns":5},{"damage":13,"enemies":"2 Louse","floor":5,"turns":3},{"damage":6,"enemies":"Jaw Worm","floor":10,"turns":2},{"damage":13,"enemies":"Red Slaver","floor":12,"turns":2},{"damage":0,"enemies":"Exordium Wildlife","floor":13,"turns":1},{"damage":37,"enemies":"The Guardian","floor":16,"turns":5},{"damage":35,"enemies":"2 Thieves","floor":18,"turns":3},{"damage":43,"enemies":"Spheric Guardian","floor":19,"turns":6},{"damage":22,"enemies":"Centurion and Healer","floor":21,"turns":5},{"damage":22,"enemies":"Sentry and Sphere","floor":22,"turns":3}],"seed_played":"-1035624751067190222","potions_obtained":[{"floor":1,"key":"Strength Potion"},{"floor":10,"key":"FearPotion"},{"floor":12,"key":"BloodPotion"},{"floor":16,"key":"EssenceOfSteel"}],"is_trial":false,"path_per_floor":["M","$","$","?","M","R","$","R","T","M","R","M","M","$","R","B",null,"M","M","?","M","M"],"character_chosen":"IRONCLAD","items_purchased":["Carnage","Inflame"],"campfire_rested":1,"item_purchase_floors":[2,14],"current_hp_per_floor":[69,69,69,58,51,75,75,75,75,75,75,68,74,74,74,43,80,63,30,30,18,0],"gold":218,"neow_bonus":"THREE_RARE_CARDS","is_prod":false,"is_daily":false,"chose_seed":false,"campfire_upgraded":3,"win_rate":0,"timestamp":1547231840,"path_taken":["M","?","$","?","M","R","$","R","T","M","R","?","M","?","R","BOSS","M","M","?","M","?"],"build_version":"2019-01-10","purchased_purges":1,"victory":false,"max_hp_per_floor":[80,80,80,80,80,80,80,80,80,80,80,80,80,80,80,80,80,80,80,80,80,80],"card_choices":[{"not_picked":["Brutality","Bludgeon"],"picked":"Limit Break","floor":0},{"not_picked":["Power Through","Iron Wave"],"picked":"Whirlwind","floor":1},{"not_picked":["Clash","Combust"],"picked":"Pommel Strike","floor":5},{"not_picked":["Thunderclap","Sword Boomerang"],"picked":"Cleave","floor":10},{"not_picked":["Body Slam","Iron Wave"],"picked":"Heavy Blade","floor":12},{"not_picked":["Dropkick","Brutality","Wild Strike"],"picked":"SKIP","floor":13},{"not_picked":["Offering","Impervious"],"picked":"Limit Break","floor":16},{"not_picked":["Shockwave","Headbutt","Thunderclap"],"picked":"SKIP","floor":18},{"not_picked":["Power Through","Cleave+1"],"picked":"Flex","floor":19},{"not_picked":["Headbutt+1","Sword Boomerang","Clash"],"picked":"SKIP","floor":21}],"player_experience":1095471,"relics_obtained":[{"floor":9,"key":"Bag of Marbles"},{"floor":20,"key":"Omamori"}],"event_choices":[{"damage_healed":0,"gold_gain":75,"player_choice":"Gather Gold","damage_taken":11,"max_hp_gain":0,"max_hp_loss":0,"event_name":"World of Goop","floor":4,"gold_loss":0},{"damage_healed":0,"gold_gain":0,"player_choice":"Relic","damage_taken":0,"max_hp_gain":0,"max_hp_loss":0,"event_name":"Wheel of Change","floor":20,"gold_loss":0}],"is_beta":false,"boss_relics":[{"not_picked":["Runic Pyramid","Runic Cube"],"picked":"Black Blood"}],"items_purged_floors":[7],"is_endless":false,"potions_floor_spawned":[1,10,12,16],"killed_by":"Sentry and Sphere","ascension_level":1}