{"gold_per_floor":[112,112,62,137,156,184,184,210,210,241,255,131,158,174,174,277,277,292,217,232,151,151,181,181,208,208,227,227,239,239,239,239,239],"floor_reached":33,"playtime":2192,"items_purged":["Impatience"],"score":385,"play_id":"709f23a7-c519-416f-8e72-93f58ca64537","local_time":"20181124004128","is_ascension_mode":true,"campfire_choices":[{"floor":7,"key":"REST"},{"data":"Rampage","floor":15,"key":"SMITH"},{"data":"Rampage","floor":24,"key":"SMITH"},{"data":"Perfected Strike","floor":30,"key":"SMITH"},{"data":"Perfected Strike","floor":32,"key":"SMITH"}],"neow_cost":"NONE","seed_source_timestamp":85085099538578,"circlet_count":0,"master_deck":["Strike_R","Strike_R","Strike_R","Strike_R","Strike_R","Defend_R","Defend_R","Bash","Iron Wave","Ghostly Armor","Perfected Strike+1","Rampage+1","Battle Trance","Warcry","Perfected Strike+1","Perfected Strike","Thunderclap","Offering","Warcry+1","Rampage+1","Inflame","Metallicize","Flame Barrier","Warcry","Ghostly","Ghostly","Ghostly","Ghostly","Ghostly"],"relics":["Burning Blood","Lantern","Oddly Smooth Stone","Sundial","Red Skull","PreservedInsect","Coffee Dripper","Dream Catcher","Bottled Lightning","Centennial Puzzle","Mercury Hourglass"],"potions_floor_usage":[10,10,16,28,33],"damage_taken":[{"damage":1,"enemies":"Cultist","floor":1,"turns":3},{"damage":9,"enemies":"Jaw Worm","floor":5,"turns":4},{"damage":25,"enemies":"3 Sentries","floor":6,"turns":13},{"damage":27,"enemies":"Gremlin Nob","floor":8,"turns":4},{"damage":17,"enemies":"Lagavulin","floor":10,"turns":6},{"damage":2,"enemies":"2 Louse","floor":11,"turns":2},{"damage":8,"enemies":"3 Sentries","floor":13,"turns":5},{"damage":0,"enemies":"Blue Slaver","floor":14,"turns":2},{"damage":44,"enemies":"Hexaghost","floor":16,"turns":8},{"damage":18,"enemies":"3 Byrds","floor":18,"turns":4},{"damage":6,"enemies":"2 Thieves","floor":20,"turns":3},{"damage":23,"enemies":"Book of Stabbing","floor":23,"turns":3},{"damage":7,"enemies":"Slavers","floor":25,"turns":2},{"damage":13,"enemies":"Snecko","floor":27,"turns":3},{"damage":6,"enemies":"Shelled Parasite and Fungi","floor":28,"turns":2},{"damage":18,"enemies":"Snake Plant","floor":29,"turns":2},{"damage":43,"enemies":"Automaton","floor":33,"turns":6}],"seed_played":"5034475269144405645","potions_obtained":[{"floor":6,"key":"Energy Potion"},{"floor":8,"key":"FearPotion"},{"floor":10,"key":"Poison Potion"},{"floor":13,"key":"Fire Potion"},{"floor":18,"key":"Strength Potion"},{"floor":25,"key":"SmokeBomb"}],"is_trial":false,"path_per_floor":["M","?","?","?","M","E","R","E","T","E","M","$","E","M","R","B",null,"M","?","M","$","?","E","R","E","T","M","M","M","R","?","R","B"],"character_chosen":"IRONCLAD","items_purchased":["Perfected Strike","Inflame"],"campfire_rested":1,"item_purchase_floors":[12,21],"current_hp_per_floor":[80,85,85,74,71,52,77,56,56,45,49,49,47,53,53,15,85,73,73,73,73,73,56,56,55,55,48,48,36,36,36,36,0],"gold":239,"neow_bonus":"RANDOM_COLORLESS","is_prod":false,"is_daily":false,"chose_seed":false,"campfire_upgraded":4,"win_rate":0,"timestamp":1542987688,"path_taken":["M","?","?","?","?","E","R","E","T","E","M","?","E","M","R","BOSS","M","?","M","$","?","E","R","E","T","M","M","M","R","?","R","BOSS"],"build_version":"2018-11-15","purchased_purges":1,"victory":false,"max_hp_per_floor":[80,85,85,85,85,85,85,85,85,85,85,85,85,85,85,85,85,85,85,85,85,85,85,85,85,85,85,85,85,85,42,42,42],"card_choices":[{"not_picked":["Sword Boomerang","Clash"],"picked":"Iron Wave","floor":1},{"not_picked":["Iron Wave","Headbutt"],"picked":"Ghostly Armor","floor":5},{"not_picked":["Clash","Burning Pact"],"picked":"Perfected Strike","floor":6},{"not_picked":["Fire Breathing","True Grit"],"picked":"Rampage","floor":8},{"not_picked":["Anger","Shockwave"],"picked":"Battle Trance","floor":10},{"not_picked":["Pommel Strike","Fiend Fire"],"picked":"Warcry","floor":11},{"not_picked":["Evolve","Combust"],"picked":"Perfected Strike","floor":13},{"not_picked":["Infernal Blade","Uppercut"],"picked":"Thunderclap","floor":14},{"not_picked":["Dark Embrace","Impervious"],"picked":"Offering","floor":16},{"not_picked":["Searing Blow","Blood for Blood"],"picked":"Warcry+1","floor":18},{"not_picked":["Armaments","Headbutt+1"],"picked":"Rampage","floor":20},{"not_picked":["Intimidate","Second Wind+1"],"picked":"Metallicize","floor":23},{"not_picked":["Iron Wave","Berserk","Searing Blow"],"picked":"SKIP","floor":25},{"not_picked":["Power Through+1","Clash"],"picked":"Flame Barrier","floor":27},{"not_picked":["Dropkick","Body Slam"],"picked":"Warcry","floor":29}],"player_experience":40451,"relics_obtained":[{"floor":6,"key":"Lantern"},{"floor":8,"key":"Oddly Smooth Stone"},{"floor":9,"key":"Sundial"},{"floor":10,"key":"Red Skull"},{"floor":13,"key":"PreservedInsect"},{"floor":23,"key":"Bottled Lightning"},{"floor":25,"key":"Centennial Puzzle"},{"floor":26,"key":"Mercury Hourglass"}],"event_choices":[{"damage_healed":0,"gold_gain":0,"player_choice":"Donut","damage_taken":0,"max_hp_gain":5,"max_hp_loss":0,"event_name":"Big Fish","floor":2,"gold_loss":0},{"cards_removed":["Defend_R"],"damage_healed":0,"gold_gain":0,"player_choice":"Card Removal","damage_taken":0,"max_hp_gain":0,"max_hp_loss":0,"event_name":"The Cleric","floor":3,"gold_loss":50},{"damage_healed":0,"gold_gain":75,"player_choice":"Gather Gold","damage_taken":11,"max_hp_gain":0,"max_hp_loss":0,"event_name":"World of Goop","floor":4,"gold_loss":0},{"cards_removed":["Defend_R"],"damage_healed":0,"gold_gain":0,"player_choice":"Gave Gold","damage_taken":0,"max_hp_gain":0,"max_hp_loss":0,"event_name":"Beggar","floor":19,"gold_loss":75},{"damage_healed":0,"gold_gain":0,"player_choice":"Opened","damage_taken":0,"relics_obtained":["Dream Catcher"],"max_hp_gain":0,"max_hp_loss":0,"event_name":"The Mausoleum","floor":22,"gold_loss":0},{"damage_healed":0,"gold_gain":0,"player_choice":"Became a Ghost","damage_taken":0,"max_hp_gain":0,"max_hp_loss":43,"event_name":"Ghosts","floor":31,"gold_loss":0,"cards_obtained":["Ghostly","Ghostly","Ghostly","Ghostly","Ghostly"]}],"is_beta":false,"boss_relics":[{"not_picked":["Ectoplasm","Runic Dome"],"picked":"Coffee Dripper"}],"items_purged_floors":[12],"is_endless":false,"potions_floor_spawned":[6,8,10,13,18,25,27],"killed_by":"Automaton","ascension_level":3}