{"gold_per_floor":[116,130,40,50,50,50,68,96,145,165,180,180,180,243,243,243],"floor_reached":16,"playtime":508,"items_purged":[],"score":204,"play_id":"4abb9971-e9d1-4e36-ab3a-cf1d14a4432d","local_time":"20190514160439","is_ascension_mode":true,"campfire_choices":[{"data":"Neutralize","floor":6.0,"key":"SMITH"},{"data":"Footwork","floor":13.0,"key":"SMITH"},{"data":"Calculated Gamble","floor":15,"key":"SMITH"}],"neow_cost":"NONE","seed_source_timestamp":348596646184623,"circlet_count":0,"master_deck":["AscendersBane","Defend_G","Defend_G","Defend_G","Defend_G","Defend_G","Strike_G","Strike_G","Strike_G","Strike_G","Survivor","Neutralize+1","PiercingWail","Endless Agony","Footwork+1","Footwork","Backstab","Catalyst","Calculated Gamble+1"],"special_seed":0,"relics":["Ring of the Snake","NeowsBlessing","Blue Candle","Bronze Scales","Golden Idol","Bag of Marbles"],"potions_floor_usage":[14,14],"damage_taken":[{"damage":0.0,"enemies":"2 Louse","floor":1.0,"turns":1.0},{"damage":0.0,"enemies":"Cultist","floor":2.0,"turns":1.0},{"damage":0.0,"enemies":"Jaw Worm","floor":4.0,"turns":1.0},{"damage":0.0,"enemies":"Blue Slaver","floor":7.0,"turns":7.0},{"damage":32.0,"enemies":"3 Sentries","floor":8.0,"turns":20.0},{"damage":0.0,"enemies":"2 Fungi Beasts","floor":10.0,"turns":4.0},{"damage":11.0,"enemies":"Exordium Wildlife","floor":11.0,"turns":3.0},{"damage":6,"enemies":"3 Sentries","floor":14,"turns":10},{"damage":10,"enemies":"Hexaghost","floor":16,"turns":8}],"seed_played":"-4370651643653017895","potions_obtained":[{"floor":2.0,"key":"Block Potion"},{"floor":8.0,"key":"Poison Potion"},{"floor":11.0,"key":"Swift Potion"}],"is_trial":false,"path_per_floor":["M","M","$","M","?","R","M","E","T","M","M","?","R","?","R","B"],"character_chosen":"THE_SILENT","items_purchased":["Footwork"],"campfire_rested":0,"item_purchase_floors":[3],"current_hp_per_floor":[59,59,59,59,59,59,59,27,27,27,16,16,16,10,10,0],"gold":243,"neow_bonus":"THREE_ENEMY_KILL","is_prod":false,"is_daily":false,"chose_seed":false,"campfire_upgraded":3,"win_rate":0,"timestamp":1557821079,"path_taken":["M","M","$","M","?","R","M","E","T","?","M","?","R","?","R","BOSS"],"build_version":"2019-01-23","purchased_purges":0,"victory":false,"max_hp_per_floor":[66,66,66,66,66,66,66,66,66,66,66,60,60,60,60,60],"card_choices":[{"not_picked":["Cloak And Dagger","Deflect"],"picked":"PiercingWail","floor":1.0},{"not_picked":["Cloak And Dagger","Sucker Punch"],"picked":"Endless Agony","floor":2.0},{"not_picked":["Flying Knee","Masterful Stab"],"picked":"Footwork","floor":4.0},{"not_picked":["Quick Slash","Night Terror"],"picked":"Backstab","floor":7.0},{"not_picked":["Heel Hook","PiercingWail"],"picked":"Catalyst","floor":8.0},{"not_picked":["Finisher","Terror"],"picked":"Calculated Gamble","floor":10.0},{"not_picked":["PiercingWail","Masterful Stab","Cloak And Dagger"],"picked":"SKIP","floor":11.0}],"player_experience":1679582,"relics_obtained":[{"floor":8.0,"key":"Blue Candle"},{"floor":9.0,"key":"Bronze Scales"},{"floor":14,"key":"Bag of Marbles"}],"event_choices":[{"cards_removed":["Strike_G"],"damage_healed":0.0,"max_hp_gain":0.0,"max_hp_loss":0.0,"gold_gain":0.0,"event_name":"Wheel of Change","player_choice":"Card Removal","floor":5.0,"gold_loss":0.0,"damage_taken":0.0},{"damage_healed":0.0,"max_hp_gain":0.0,"max_hp_loss":6.0,"gold_gain":0.0,"event_name":"Golden Idol","player_choice":"Lose Max HP","floor":12.0,"gold_loss":0.0,"damage_taken":0.0,"relics_obtained":["Golden Idol"]},{"damage_healed":0,"gold_gain":30,"player_choice":"Searched \u00272\u0027 times","damage_taken":0,"max_hp_gain":0,"max_hp_loss":0,"event_name":"Dead Adventurer","floor":14,"gold_loss":0}],"is_beta":false,"boss_relics":[],"items_purged_floors":[],"is_endless":false,"potions_floor_spawned":[2,8,11],"killed_by":"Hexaghost","ascension_level":20}