{"gold_per_floor":[116,116,135,100,275,275,290,301,326,326,326,326,326,346,346,445,445,463,489,414,71,71,84,109,119,166,166,183,183,203,229,229,229],"floor_reached":33,"playtime":1906,"items_purged":["Strike_B"],"score":344,"play_id":"81395c18-b1a6-4ebd-995d-f1853bb71bef","local_time":"20181027192658","is_ascension_mode":true,"campfire_choices":[{"data":"White Noise","floor":6,"key":"SMITH"},{"floor":10,"key":"REST"},{"floor":12,"key":"REST"},{"floor":15,"key":"REST"},{"floor":27,"key":"REST"},{"floor":29,"key":"REST"},{"floor":32,"key":"REST"}],"neow_cost":"TEN_PERCENT_HP_LOSS","seed_source_timestamp":252466960279400,"circlet_count":0,"master_deck":["Strike_B","Strike_B","Strike_B","Defend_B+1","Defend_B","Defend_B","Defend_B","Zap+1","Dualcast","Echo Form","Aggregate","White Noise+1","Doubt","Reinforced Body","Streamline","Melter","Seek","Machine Learning","Defragment","Melter+1","Leap","Sunder","Reprogram+1","Defragment"],"relics":["FrozenCore","Oddly Smooth Stone","Bronze Scales","Blood Vial","War Paint","Red Mask","Lantern","Pen Nib","Bag of Marbles","Ornamental Fan"],"potions_floor_usage":[3,19,19,19,22,23,24,25,30,31,33],"damage_taken":[{"damage":6,"enemies":"Cultist","floor":1,"turns":4},{"damage":0,"enemies":"Small Slimes","floor":3,"turns":4},{"damage":12,"enemies":"Jaw Worm","floor":7,"turns":5},{"damage":15,"enemies":"Red Slaver","floor":8,"turns":5},{"damage":16,"enemies":"Blue Slaver","floor":14,"turns":4},{"damage":27,"enemies":"Slime Boss","floor":16,"turns":9},{"damage":10,"enemies":"Spheric Guardian","floor":18,"turns":4},{"damage":37,"enemies":"Masked Bandits","floor":19,"turns":3},{"damage":0,"enemies":"Chosen","floor":23,"turns":4},{"damage":24,"enemies":"Gremlin Leader","floor":24,"turns":7},{"damage":7,"enemies":"Centurion and Healer","floor":25,"turns":10},{"damage":0,"enemies":"Snecko","floor":28,"turns":6},{"damage":14,"enemies":"Shelled Parasite and Fungi","floor":30,"turns":4},{"damage":30,"enemies":"Book of Stabbing","floor":31,"turns":6},{"damage":69,"enemies":"Collector","floor":33,"turns":6}],"seed_played":"177566445133902485","potions_obtained":[{"floor":1,"key":"Energy Potion"},{"floor":3,"key":"Poison Potion"},{"floor":8,"key":"Explosive Potion"},{"floor":16,"key":"PowerPotion"},{"floor":18,"key":"Regen Potion"},{"floor":22,"key":"Fruit Juice"},{"floor":22,"key":"Energy Potion"},{"floor":22,"key":"PowerPotion"},{"floor":28,"key":"Block Potion"},{"floor":30,"key":"PowerPotion"},{"floor":31,"key":"LiquidBronze"}],"is_trial":false,"path_per_floor":["M","?","M","?","?","R","M","M","T","R","T","R","?","M","R","B",null,"M","?","?","$","?","M","E","M","T","R","M","R","M","E","R"],"character_chosen":"DEFECT","items_purchased":["Defragment","Lantern","PowerPotion"],"campfire_rested":6,"item_purchase_floors":[21,21,21],"current_hp_per_floor":[62,37,37,54,54,54,42,27,27,47,47,67,67,52,68,41,61,53,30,30,30,35,37,15,10,10,31,33,54,42,14,35,0],"gold":229,"neow_bonus":"THREE_RARE_CARDS","is_prod":false,"is_daily":false,"chose_seed":false,"campfire_upgraded":1,"win_rate":0,"timestamp":1540661218,"path_taken":["M","?","?","?","?","R","?","?","T","R","?","R","?","M","R","BOSS","M","?","?","?","?","M","E","M","T","R","M","R","M","E","R","BOSS"],"build_version":"2018-10-25v2","purchased_purges":1,"victory":false,"max_hp_per_floor":[68,68,68,68,68,68,68,68,68,68,68,68,68,68,68,68,68,68,68,68,68,73,73,73,73,73,73,73,73,73,73,73,73],"card_choices":[{"not_picked":["Buffer","Machine Learning"],"picked":"Echo Form","floor":0},{"not_picked":["Go for the Eyes","Auto Shields"],"picked":"Aggregate","floor":1},{"not_picked":["Chill","Storm"],"picked":"White Noise","floor":3},{"not_picked":["Consume","Sweeping Beam"],"picked":"Reinforced Body","floor":7},{"not_picked":["Steam","Gash"],"picked":"Streamline","floor":8},{"not_picked":["Leap","Gash"],"picked":"Melter","floor":14},{"not_picked":["Thunder Strike","Echo Form"],"picked":"Seek","floor":16},{"not_picked":["Beam Cell","Gash+1","Rebound"],"picked":"SKIP","floor":18},{"not_picked":["Streamline+1","Coolheaded"],"picked":"Machine Learning","floor":19},{"not_picked":["Redo","Coolheaded+1"],"picked":"Melter+1","floor":23},{"not_picked":["Beam Cell","Ball Lightning"],"picked":"Leap","floor":24},{"not_picked":["Redo+1","Go for the Eyes","Streamline"],"picked":"SKIP","floor":25},{"not_picked":["Coolheaded","Consume"],"picked":"Sunder","floor":28},{"not_picked":["Sweeping Beam","Fusion+1"],"picked":"Reprogram+1","floor":30},{"not_picked":["Cold Snap","Tempest+1"],"picked":"Defragment","floor":31}],"player_experience":783342,"relics_obtained":[{"floor":9,"key":"Bronze Scales"},{"floor":11,"key":"Blood Vial"},{"floor":19,"key":"Red Mask"},{"floor":24,"key":"Pen Nib"},{"floor":26,"key":"Bag of Marbles"},{"floor":31,"key":"Ornamental Fan"}],"event_choices":[{"damage_healed":0,"gold_gain":0,"player_choice":"Success","damage_taken":25,"relics_obtained":["Oddly Smooth Stone"],"max_hp_gain":0,"max_hp_loss":0,"event_name":"Scrap Ooze","floor":2,"gold_loss":0},{"damage_healed":17,"gold_gain":0,"player_choice":"Healed","damage_taken":0,"max_hp_gain":0,"max_hp_loss":0,"event_name":"The Cleric","floor":4,"gold_loss":35},{"damage_healed":0,"gold_gain":175,"player_choice":"AGREE","damage_taken":0,"max_hp_gain":0,"max_hp_loss":0,"event_name":"Liars Game","floor":5,"gold_loss":0,"cards_obtained":["Doubt"]},{"damage_healed":0,"gold_gain":0,"player_choice":"Box","damage_taken":0,"relics_obtained":["War Paint"],"max_hp_gain":0,"max_hp_loss":0,"event_name":"Big Fish","floor":13,"gold_loss":0,"cards_obtained":["Regret"]},{"damage_healed":0,"gold_gain":0,"player_choice":"Fought Bandits","damage_taken":0,"max_hp_gain":0,"max_hp_loss":0,"event_name":"Masked Bandits","floor":19,"gold_loss":0},{"cards_removed":["Regret"],"damage_healed":0,"gold_gain":0,"player_choice":"Gave Gold","damage_taken":0,"max_hp_gain":0,"max_hp_loss":0,"event_name":"Beggar","floor":20,"gold_loss":75},{"damage_healed":0,"gold_gain":0,"player_choice":"Got Potions","damage_taken":0,"max_hp_gain":0,"max_hp_loss":0,"event_name":"The Lab","floor":22,"gold_loss":0}],"is_beta":false,"boss_relics":[{"not_picked":["Orrery","Runic Dome"],"picked":"FrozenCore"}],"items_purged_floors":[21],"is_endless":false,"potions_floor_spawned":[1,3,8,16,18,28,30,31],"killed_by":"Collector","ascension_level":5}