{"gold_per_floor":[114,124,139,156,5,30,30,55,134,164,179,179,241,241,241,340,340,351,13,28,44,44,71,71,86,86,111,111,144,144,19,19,118,118,131,82,97,110,110,110],"floor_reached":40,"playtime":3761,"items_purged":["Strike_B","Strike_B","Defend_B"],"score":521,"play_id":"ad5c803d-4b8d-4836-8256-63155c906eb5","local_time":"20190511155905","is_ascension_mode":true,"campfire_choices":[{"data":"Zap","floor":7,"key":"SMITH"},{"floor":15,"key":"REST"},{"data":"Streamline","floor":24,"key":"SMITH"},{"data":"Loop","floor":28,"key":"SMITH"},{"data":"Hologram","floor":30,"key":"SMITH"},{"data":"Conserve Battery","floor":32,"key":"SMITH"}],"neow_cost":"NONE","seed_source_timestamp":1974138280851886,"circlet_count":0,"master_deck":["Strike_B","Defend_B","Defend_B+1","Defend_B","Zap+1","Dualcast","Cold Snap","Conserve Battery+1","Cold Snap","Streamline+1","Self Repair","Core Surge","Hologram+1","Loop+1","Steam","Seek+1","Sweeping Beam+1","Sunder+1","Chill","Sweeping Beam+1","Blizzard+1","Coolheaded","Ball Lightning+1"],"relics":["Cracked Core","Bag of Marbles","Torii","Molten Egg 2","Potion Belt","Tiny Chest","Busted Crown","Medical Kit","Boot","Gambling Chip","War Paint","Orichalcum","Nuclear Battery","Gremlin Horn"],"potions_floor_usage":[8,13,16,27,33,40,40],"damage_taken":[{"damage":1,"enemies":"Cultist","floor":1,"turns":4},{"damage":3,"enemies":"Small Slimes","floor":2,"turns":2},{"damage":5,"enemies":"2 Louse","floor":3,"turns":2},{"damage":0,"enemies":"Exordium Thugs","floor":4,"turns":4},{"damage":16,"enemies":"3 Sentries","floor":6,"turns":8},{"damage":5,"enemies":"Gremlin Nob","floor":8,"turns":4},{"damage":20,"enemies":"Lagavulin","floor":10,"turns":5},{"damage":12,"enemies":"Looter","floor":11,"turns":3},{"damage":26,"enemies":"Gremlin Nob","floor":13,"turns":4},{"damage":12,"enemies":"Slime Boss","floor":16,"turns":9},{"damage":24,"enemies":"2 Thieves","floor":18,"turns":5},{"damage":13,"enemies":"Shell Parasite","floor":20,"turns":6},{"damage":0,"enemies":"Chosen and Byrds","floor":21,"turns":4},{"damage":14,"enemies":"Gremlin Leader","floor":23,"turns":8},{"damage":0,"enemies":"3 Cultists","floor":25,"turns":2},{"damage":4,"enemies":"Book of Stabbing","floor":27,"turns":5},{"damage":1,"enemies":"Gremlin Leader","floor":29,"turns":5},{"damage":77,"enemies":"Champ","floor":33,"turns":11},{"damage":1,"enemies":"3 Darklings","floor":35,"turns":2},{"damage":1,"enemies":"Orb Walker","floor":37,"turns":2},{"damage":25,"enemies":"Spire Growth","floor":38,"turns":7},{"damage":88,"enemies":"Giant Head","floor":40,"turns":9}],"seed_played":"6133893894090671135","potions_obtained":[{"floor":2,"key":"GamblersBrew"},{"floor":3,"key":"PowerPotion"},{"floor":8,"key":"Explosive Potion"},{"floor":10,"key":"AttackPotion"},{"floor":13,"key":"Regen Potion"},{"floor":16,"key":"Ancient Potion"},{"floor":20,"key":"SpeedPotion"},{"floor":23,"key":"SkillPotion"},{"floor":27,"key":"LiquidBronze"},{"floor":35,"key":"Explosive Potion"}],"is_trial":false,"path_per_floor":["M","M","M","M","$","E","R","E","T","E","M","T","E","?","R","B",null,"M","$","M","M","?","E","R","M","T","E","R","E","R","$","R","B",null,"M","$","M","M","T","E"],"character_chosen":"DEFECT","items_purchased":["Self Repair","Medical Kit","Sweeping Beam+1","Coolheaded"],"campfire_rested":1,"item_purchase_floors":[5,19,19,36],"current_hp_per_floor":[81,78,73,73,73,64,64,66,66,53,48,48,22,22,46,41,82,65,65,59,59,82,75,75,75,75,78,78,82,82,82,82,12,82,81,81,82,64,64,0],"gold":110,"neow_bonus":"TEN_PERCENT_HP_BONUS","is_prod":false,"is_daily":false,"chose_seed":false,"campfire_upgraded":5,"win_rate":0,"timestamp":1557608345,"path_taken":["M","M","M","M","$","E","R","E","T","E","M","?","E","?","R","BOSS","M","$","M","M","?","E","R","M","T","E","R","E","R","$","R","BOSS","M","$","M","M","?","E"],"build_version":"2019-01-23","purchased_purges":3,"victory":false,"max_hp_per_floor":[82,82,82,82,82,82,82,82,82,82,82,82,82,82,82,82,82,82,82,82,82,82,82,82,82,82,82,82,82,82,82,82,82,82,82,82,82,82,82,82],"card_choices":[{"not_picked":["Leap","Streamline"],"picked":"Cold Snap","floor":1},{"not_picked":["Rip and Tear","Barrage"],"picked":"Conserve Battery","floor":2},{"not_picked":["Rebound","Compile Driver"],"picked":"Cold Snap","floor":3},{"not_picked":["Scrape","Hologram"],"picked":"Streamline","floor":4},{"not_picked":["Coolheaded","Conserve Battery"],"picked":"Core Surge","floor":6},{"not_picked":["Redo","Melter"],"picked":"Hologram","floor":8},{"not_picked":["Fission","Compile Driver+1"],"picked":"Loop","floor":10},{"not_picked":["Force Field","Stack"],"picked":"Reprogram","floor":11},{"not_picked":["Static Discharge","Redo"],"picked":"Steam","floor":13},{"not_picked":["Amplify","Multi-Cast"],"picked":"Seek","floor":16},{"not_picked":["Rebound+1"],"picked":"SKIP","floor":18},{"not_picked":[],"picked":"Sunder+1","floor":20},{"not_picked":[],"picked":"Chill","floor":21},{"not_picked":[],"picked":"Sweeping Beam+1","floor":23},{"not_picked":[],"picked":"Blizzard+1","floor":25},{"not_picked":["Turbo"],"picked":"SKIP","floor":27},{"not_picked":["All For One+1"],"picked":"SKIP","floor":29},{"not_picked":["Turbo"],"picked":"SKIP","floor":35},{"not_picked":["Turbo"],"picked":"SKIP","floor":37},{"not_picked":[],"picked":"Ball Lightning+1","floor":38}],"player_experience":283371,"relics_obtained":[{"floor":6,"key":"Bag of Marbles"},{"floor":8,"key":"Torii"},{"floor":9,"key":"Molten Egg 2"},{"floor":10,"key":"Potion Belt"},{"floor":13,"key":"Tiny Chest"},{"floor":23,"key":"Boot"},{"floor":26,"key":"Gambling Chip"},{"floor":27,"key":"War Paint"},{"floor":29,"key":"Orichalcum"},{"floor":39,"key":"Gremlin Horn"}],"event_choices":[{"cards_removed":["Strike_B"],"damage_healed":0,"gold_gain":0,"player_choice":"Forget","damage_taken":0,"max_hp_gain":0,"max_hp_loss":0,"event_name":"Living Wall","floor":14,"gold_loss":0},{"cards_removed":["Reprogram"],"damage_healed":23,"gold_gain":0,"player_choice":"Offered Uncommon","damage_taken":0,"max_hp_gain":0,"max_hp_loss":0,"event_name":"Bonfire Elementals","floor":22,"gold_loss":0}],"is_beta":false,"boss_relics":[{"not_picked":["Runic Dome","Snecko Eye"],"picked":"Busted Crown"},{"not_picked":["Sozu","Lizard Tail"],"picked":"Nuclear Battery"}],"items_purged_floors":[5,19,31],"is_endless":false,"potions_floor_spawned":[2,3,8,10,13,16,20,23,25,27,35,37],"killed_by":"Giant Head","ascension_level":2}