{"gold_per_floor":[13,13,13,38,38,38,62,62,116,137,153,153],"floor_reached":12,"playtime":314,"items_purged":[],"score":98,"play_id":"d072a442-05d3-4d1b-8747-ab1d8525bacc","local_time":"20190127230231","is_ascension_mode":true,"campfire_choices":[{"floor":6,"key":"REST"},{"data":"Creative AI","floor":8,"key":"SMITH"}],"neow_cost":"NO_GOLD","seed_source_timestamp":365061134618600,"circlet_count":0,"master_deck":["Strike_B","Strike_B","Strike_B","Strike_B","Defend_B","Defend_B","Defend_B","Defend_B","Zap","Dualcast","Creative AI+1","Double Energy","Injury","Compile Driver","Seek","Fusion","White Noise","Leap","Static Discharge"],"relics":["Cracked Core","Golden Idol","Vajra"],"potions_floor_usage":[11,11],"damage_taken":[{"damage":0,"enemies":"Cultist","floor":1,"turns":3},{"damage":17,"enemies":"Small Slimes","floor":4,"turns":3},{"damage":12,"enemies":"Jaw Worm","floor":7,"turns":5},{"damage":21,"enemies":"Blue Slaver","floor":10,"turns":4},{"damage":33,"enemies":"Lots of Slimes","floor":11,"turns":4},{"damage":7,"enemies":"2 Fungi Beasts","floor":12,"turns":1}],"seed_played":"-8466465136001458464","potions_obtained":[{"floor":1,"key":"SteroidPotion"},{"floor":7,"key":"Strength Potion"}],"is_trial":false,"path_per_floor":["M","$","?","M","?","R","M","R","T","M","M","M"],"character_chosen":"DEFECT","items_purchased":[],"campfire_rested":1,"item_purchase_floors":[],"current_hp_per_floor":[68,68,68,51,51,73,61,61,61,40,7,0],"gold":153,"neow_bonus":"THREE_RARE_CARDS","is_prod":false,"is_daily":false,"chose_seed":false,"campfire_upgraded":1,"win_rate":0,"timestamp":1548626551,"path_taken":["M","?","?","?","?","R","M","R","T","M","?","M"],"build_version":"2019-01-23","purchased_purges":0,"victory":false,"max_hp_per_floor":[75,75,75,75,75,75,75,75,75,75,75,75],"card_choices":[{"not_picked":["Hyperbeam","Rainbow"],"picked":"Creative AI","floor":0},{"not_picked":["Recycle","Streamline"],"picked":"Double Energy","floor":1},{"not_picked":["Consume","Go for the Eyes"],"picked":"Compile Driver","floor":4},{"not_picked":["Rebound","Redo"],"picked":"White Noise","floor":7},{"not_picked":["Cold Snap","Steam Power"],"picked":"Leap","floor":10},{"not_picked":["Auto Shields","FTL"],"picked":"Static Discharge","floor":11}],"player_experience":1343406,"relics_obtained":[{"floor":9,"key":"Vajra"}],"event_choices":[{"damage_healed":0,"gold_gain":0,"player_choice":"Take Wound","damage_taken":0,"relics_obtained":["Golden Idol"],"max_hp_gain":0,"max_hp_loss":0,"event_name":"Golden Idol","floor":3,"gold_loss":0,"cards_obtained":["Injury"]},{"damage_healed":0,"gold_gain":0,"player_choice":"2 cards matched","damage_taken":0,"max_hp_gain":0,"max_hp_loss":0,"event_name":"Match and Keep!","floor":5,"gold_loss":0,"cards_obtained":["Seek","Fusion"]}],"is_beta":false,"boss_relics":[],"items_purged_floors":[],"is_endless":false,"potions_floor_spawned":[1,7],"killed_by":"2 Fungi Beasts","ascension_level":8}