{"gold_per_floor":[117,117,117,132,54,54,79,91,91,120,120,145,145,160,160,160],"floor_reached":16,"playtime":3407,"items_purged":[],"score":157,"play_id":"4733996b-3863-4760-ae86-0196f023936d","local_time":"20181228145639","is_ascension_mode":true,"campfire_choices":[{"data":"Doom and Gloom","floor":6,"key":"SMITH"},{"data":"Strike_B","floor":11,"key":"PURGE"},{"data":"Defend_B","floor":13,"key":"PURGE"},{"data":"Strike_B","floor":15,"key":"PURGE"}],"neow_cost":"NONE","seed_source_timestamp":88863924680679,"circlet_count":0,"master_deck":["Strike_B","Strike_B","Defend_B","Defend_B","Defend_B","Zap","Dualcast","Tempest+1","Redo","Doom and Gloom+1","Ball Lightning","Melter","Loop","Loop","Electrodynamics"],"relics":["Cracked Core","NeowsBlessing","Darkstone Periapt","Bird Faced Urn","Peace Pipe","Smiling Mask"],"potions_floor_usage":[10,10,10,12],"damage_taken":[{"damage":0,"enemies":"Small Slimes","floor":1,"turns":1},{"damage":0,"enemies":"2 Louse","floor":4,"turns":1},{"damage":0,"enemies":"Gremlin Nob","floor":7,"turns":1},{"damage":0,"enemies":"Cultist","floor":8,"turns":2},{"damage":7,"enemies":"3 Sentries","floor":10,"turns":3},{"damage":31,"enemies":"Lagavulin","floor":12,"turns":4},{"damage":7,"enemies":"Large Slime","floor":14,"turns":3},{"damage":35,"enemies":"The Guardian","floor":16,"turns":6}],"seed_played":"2251265514389050080","potions_obtained":[{"floor":1,"key":"SkillPotion"},{"floor":4,"key":"Fire Potion"},{"floor":8,"key":"AttackPotion"},{"floor":10,"key":"Poison Potion"}],"is_trial":false,"path_per_floor":["M","?","?","M","$","R","E","M","T","E","R","E","R","M","R","B"],"character_chosen":"DEFECT","items_purchased":["Doom and Gloom"],"campfire_rested":0,"item_purchase_floors":[5],"current_hp_per_floor":[75,68,68,68,68,68,68,68,68,61,61,32,32,25,25,0],"gold":160,"neow_bonus":"THREE_ENEMY_KILL","is_prod":false,"is_daily":false,"chose_seed":false,"campfire_upgraded":1,"win_rate":0,"timestamp":1546037799,"path_taken":["M","?","?","M","$","R","E","?","T","E","R","E","R","M","R","BOSS"],"build_version":"2018-12-20","purchased_purges":0,"victory":false,"max_hp_per_floor":[75,75,75,75,75,75,75,75,75,75,75,75,75,75,75,75],"card_choices":[{"not_picked":["Loop","Compile Driver"],"picked":"Tempest","floor":1},{"not_picked":["Compile Driver","Heatsinks"],"picked":"Redo","floor":4},{"not_picked":["Redo","Buffer"],"picked":"Ball Lightning","floor":7},{"not_picked":["Go for the Eyes","Rebound"],"picked":"Melter","floor":8},{"not_picked":["Double Energy","Redo"],"picked":"Loop","floor":10},{"not_picked":["Sweeping Beam","Beam Cell"],"picked":"Loop","floor":12},{"not_picked":["Hologram","White Noise"],"picked":"Electrodynamics","floor":14}],"player_experience":162948,"relics_obtained":[{"floor":7,"key":"Bird Faced Urn"},{"floor":10,"key":"Peace Pipe"},{"floor":12,"key":"Smiling Mask"}],"event_choices":[{"damage_healed":0,"gold_gain":0,"player_choice":"Success","damage_taken":7,"relics_obtained":["Darkstone Periapt"],"max_hp_gain":0,"max_hp_loss":0,"event_name":"Scrap Ooze","floor":2,"gold_loss":0},{"damage_healed":0,"gold_gain":0,"player_choice":"Upgraded","damage_taken":0,"max_hp_gain":0,"max_hp_loss":0,"event_name":"Upgrade Shrine","floor":3,"gold_loss":0,"cards_upgraded":["Tempest"]}],"is_beta":false,"boss_relics":[],"items_purged_floors":[],"is_endless":false,"potions_floor_spawned":[1,4,8,10],"killed_by":"The Guardian","ascension_level":2}