{"gold_per_floor":[111,127,145,165,165,196,214,233,233,233,233,1,1,15,15,136,136,119,144,144,144,44,44,63,63,63,84,84,122,136,174,174,299,299,317,331,331,355,99,99,134,167,179,66,399,399,412,5,5,5],"floor_reached":51,"playtime":7707,"items_purged":["Defend_R","Pain","Strike_R"],"score":841,"play_id":"0ed888f6-6546-4289-b422-9fd13ffa1e85","local_time":"20190510182617","is_ascension_mode":true,"campfire_choices":[{"data":"Barricade","floor":11.0,"key":"SMITH"},{"data":"Bash","floor":13.0,"key":"SMITH"},{"data":"Entrench","floor":15.0,"key":"SMITH"},{"data":"Flame Barrier","floor":23.0,"key":"SMITH"},{"floor":25.0,"key":"REST"},{"floor":32.0,"key":"REST"},{"data":"Uppercut","floor":40.0,"key":"SMITH"},{"floor":46.0,"key":"REST"},{"data":"Sword Boomerang","floor":49.0,"key":"SMITH"}],"neow_cost":"NONE","seed_source_timestamp":0,"circlet_count":0,"master_deck":["Strike_R","Strike_R","Strike_R","Defend_R","Defend_R","Defend_R+1","Bash+1","True Grit","Inflame","Flame Barrier+1","Uppercut+1","Barricade+1","Entrench+1","Impervious","Headbutt+1","Intimidate+1","Battle Trance","Shrug It Off","Pommel Strike+1","Limit Break+1","Shrug It Off+1","Spot Weakness+1","Good Instincts","True Grit+1","Havoc+1","Sword Boomerang+1"],"special_seed":0,"relics":["Burning Blood","Shuriken","Strawberry","Happy Flower","Mark of Pain","WarpedTongs","Gremlin Horn","MutagenicStrength","Bottled Tornado","Potion Belt","Black Star","Kunai","Question Card","MawBank","Paper Frog","War Paint"],"potions_floor_usage":[],"damage_taken":[{"damage":1.0,"enemies":"Cultist","floor":1.0,"turns":3.0},{"damage":3.0,"enemies":"2 Louse","floor":2.0,"turns":3.0},{"damage":0.0,"enemies":"Small Slimes","floor":3.0,"turns":3.0},{"damage":7.0,"enemies":"Blue Slaver","floor":4.0,"turns":5.0},{"damage":29.0,"enemies":"Lagavulin","floor":6.0,"turns":6.0},{"damage":0.0,"enemies":"3 Louse","floor":7.0,"turns":3.0},{"damage":15.0,"enemies":"Lots of Slimes","floor":8.0,"turns":5.0},{"damage":3.0,"enemies":"2 Fungi Beasts","floor":14.0,"turns":3.0},{"damage":4.0,"enemies":"Slime Boss","floor":16.0,"turns":20.0},{"damage":36.0,"enemies":"2 Thieves","floor":18.0,"turns":5.0},{"damage":32.0,"enemies":"3 Byrds","floor":19.0,"turns":5.0},{"damage":25.0,"enemies":"Cultist and Chosen","floor":24.0,"turns":7.0},{"damage":13.0,"enemies":"Snake Plant","floor":27.0,"turns":6.0},{"damage":15.0,"enemies":"Slavers","floor":29.0,"turns":7.0},{"damage":8.0,"enemies":"Chosen and Byrds","floor":30.0,"turns":8.0},{"damage":6.0,"enemies":"Gremlin Leader","floor":31.0,"turns":10.0},{"damage":0.0,"enemies":"Collector","floor":33.0,"turns":13.0},{"damage":3.0,"enemies":"3 Shapes","floor":35.0,"turns":7.0},{"damage":12.0,"enemies":"3 Darklings","floor":36.0,"turns":10.0},{"damage":3.0,"enemies":"4 Shapes","floor":38.0,"turns":8.0},{"damage":74.0,"enemies":"Reptomancer","floor":41.0,"turns":8.0},{"damage":17.0,"enemies":"Maw","floor":42.0,"turns":8.0},{"damage":0.0,"enemies":"Spire Growth","floor":47.0,"turns":6.0},{"damage":15,"enemies":"Time Eater","floor":50,"turns":13}],"seed_played":"-3678024893714929091","potions_obtained":[{"floor":2.0,"key":"Energy Potion"},{"floor":6.0,"key":"FearPotion"},{"floor":7.0,"key":"SpeedPotion"},{"floor":14.0,"key":"Weak Potion"},{"floor":24.0,"key":"Energy Potion"},{"floor":29.0,"key":"GamblersBrew"},{"floor":35.0,"key":"Ancient Potion"},{"floor":38.0,"key":"FearPotion"},{"floor":42.0,"key":"Poison Potion"},{"floor":47.0,"key":"Fire Potion"}],"is_trial":false,"path_per_floor":["M","M","M","M","?","E","M","M","T","?","R","$","R","M","R","B",null,"M","M","?","?","$","R","M","R","T","M","?","E","M","E","R","B",null,"M","M","?","M","$","R","E","M","T","$","?","R","M","$","R","B",null],"character_chosen":"IRONCLAD","items_purchased":["Happy Flower","Kunai","Paper Frog","War Paint"],"campfire_rested":3,"item_purchase_floors":[12,39,48,48],"current_hp_per_floor":[88,88,88,87,87,64,70,61,68,45,45,45,45,48,48,50,95,65,39,39,39,39,39,20,48,48,41,41,32,30,30,58,64,95,95,89,89,92,92,92,24,13,13,13,13,41,47,47,47,38],"gold":5,"neow_bonus":"TEN_PERCENT_HP_BONUS","is_prod":false,"is_daily":false,"chose_seed":false,"campfire_upgraded":6,"win_rate":0,"timestamp":1557530777,"path_taken":["M","M","?","M","?","E","M","M","T","?","R","$","R","M","R","BOSS","M","M","?","?","$","R","?","R","T","M","?","E","M","E","R","BOSS","M","M","?","M","?","R","E","M","T","$","?","R","?","$","R","BOSS"],"build_version":"2019-01-23","purchased_purges":3,"victory":true,"max_hp_per_floor":[88,88,88,88,88,88,88,88,95,95,95,95,95,95,95,95,95,95,95,95,95,95,95,95,95,95,95,95,95,95,95,95,95,95,95,95,95,95,95,95,95,95,95,95,95,95,95,95,95,95],"card_choices":[{"not_picked":["Heavy Blade","Spot Weakness"],"picked":"True Grit","floor":1.0},{"not_picked":["True Grit","Second Wind"],"picked":"Inflame","floor":2.0},{"not_picked":["Wild Strike","Headbutt"],"picked":"Flame Barrier","floor":3.0},{"not_picked":["Body Slam","Iron Wave","Thunderclap"],"picked":"SKIP","floor":4.0},{"not_picked":["Body Slam","Dual Wield"],"picked":"Uppercut","floor":6.0},{"not_picked":["Blood for Blood","Burning Pact","Clothesline"],"picked":"SKIP","floor":7.0},{"not_picked":["Anger","Havoc"],"picked":"Barricade","floor":8.0},{"not_picked":["Wild Strike","Iron Wave"],"picked":"Entrench","floor":14.0},{"not_picked":["Fiend Fire","Reaper"],"picked":"Impervious","floor":16.0},{"not_picked":["Cleave","True Grit"],"picked":"Headbutt+1","floor":18.0},{"not_picked":["Clash+1","Clothesline"],"picked":"Intimidate+1","floor":19.0},{"not_picked":["Anger+1","Body Slam","Headbutt"],"picked":"SKIP","floor":24.0},{"not_picked":["Disarm","Headbutt"],"picked":"Battle Trance","floor":27.0},{"not_picked":["Bloodletting","Carnage","Feel No Pain"],"picked":"SKIP","floor":29.0},{"not_picked":["Perfected Strike","Juggernaut"],"picked":"Shrug It Off","floor":30.0},{"not_picked":["Intimidate","Ghostly Armor"],"picked":"Pommel Strike+1","floor":31.0},{"not_picked":["Bludgeon","Double Tap"],"picked":"Limit Break","floor":33.0},{"not_picked":["Metallicize","Dual Wield+1"],"picked":"Shrug It Off+1","floor":35.0},{"not_picked":["Iron Wave","Pummel"],"picked":"Spot Weakness+1","floor":36.0},{"not_picked":["Blind","PanicButton"],"picked":"Good Instincts","floor":37.0},{"not_picked":["Cleave+1","Anger+1"],"picked":"True Grit+1","floor":38.0},{"not_picked":["Wild Strike+1","Dark Embrace","Inflame+1"],"picked":"SKIP","floor":41.0},{"not_picked":["Perfected Strike+1","Clash+1","Wild Strike+1"],"picked":"Havoc+1","floor":42.0},{"not_picked":["Evolve","Intimidate","Pummel"],"picked":"Sword Boomerang","floor":47.0}],"player_experience":254771,"relics_obtained":[{"floor":6.0,"key":"Shuriken"},{"floor":9.0,"key":"Strawberry"},{"floor":26.0,"key":"Gremlin Horn"},{"floor":29.0,"key":"Bottled Tornado"},{"floor":31.0,"key":"Potion Belt"},{"floor":41.0,"key":"Question Card"},{"floor":41.0,"key":"MawBank"}],"event_choices":[{"cards_removed":["Strike_R"],"damage_healed":0.0,"max_hp_gain":0.0,"max_hp_loss":0.0,"gold_gain":0.0,"event_name":"Living Wall","player_choice":"Forget","floor":5.0,"gold_loss":0.0,"damage_taken":0.0},{"damage_healed":0.0,"max_hp_gain":0.0,"max_hp_loss":0.0,"gold_gain":0.0,"event_name":"Golden Idol","player_choice":"Take Damage","floor":10.0,"gold_loss":0.0,"damage_taken":23.0,"relics_obtained":["Golden Idol"]},{"damage_healed":0.0,"max_hp_gain":0.0,"max_hp_loss":0.0,"gold_gain":0.0,"event_name":"Cursed Tome","player_choice":"Ignored","floor":20.0,"gold_loss":0.0,"damage_taken":0.0},{"damage_healed":0.0,"max_hp_gain":0.0,"max_hp_loss":0.0,"gold_gain":0.0,"event_name":"Accursed Blacksmith","player_choice":"Rummage","floor":21.0,"gold_loss":0.0,"damage_taken":0.0,"relics_obtained":["WarpedTongs"],"cards_obtained":["Pain"]},{"damage_healed":0.0,"max_hp_gain":0.0,"max_hp_loss":0.0,"gold_gain":0.0,"event_name":"Drug Dealer","player_choice":"Inject Mutagens","floor":28.0,"gold_loss":0.0,"damage_taken":0.0,"relics_obtained":["MutagenicStrength"]},{"damage_healed":0.0,"max_hp_gain":0.0,"max_hp_loss":0.0,"gold_gain":0.0,"event_name":"SensoryStone","player_choice":"Memory 1","floor":37.0,"gold_loss":0.0,"damage_taken":0.0},{"damage_healed":0.0,"max_hp_gain":0.0,"max_hp_loss":0.0,"gold_gain":333.0,"event_name":"The Moai Head","player_choice":"Gave Idol","floor":45.0,"relics_lost":["Golden Idol"],"gold_loss":0.0,"damage_taken":0.0}],"is_beta":false,"boss_relics":[{"not_picked":["Cursed Key","Calling Bell"],"picked":"Mark of Pain"},{"not_picked":["Runic Dome","Fusion Hammer"],"picked":"Black Star"}],"items_purged_floors":[12,22,44],"is_endless":false,"potions_floor_spawned":[2,6,7,14,24,29,35,38,42,47],"ascension_level":2}