{"gold_per_floor":[363,376,387,25,0,0,35,47,47,64,64,81,81,81,81,181,181,192,49,63,63,80,80,80],"floor_reached":24,"playtime":1147,"items_purged":["Strike_G"],"score":257,"play_id":"903b1d87-aa8f-4167-a00a-bfe14fef44b9","local_time":"20190502232018","is_ascension_mode":true,"campfire_choices":[{"data":"Dodge and Roll","floor":6,"key":"SMITH"},{"floor":15,"key":"REST"},{"floor":23,"key":"REST"}],"neow_cost":"PERCENT_DAMAGE","seed_source_timestamp":1866833681436900,"circlet_count":0,"master_deck":["Defend_G","Defend_G","Defend_G","Defend_G","Defend_G","Strike_G","Strike_G","Strike_G","Strike_G","Survivor","Neutralize","Poisoned Stab","Dodge and Roll+1","Acrobatics","Wraith Form v2","Dash","Heel Hook","Noxious Fumes","Dodge and Roll","Adrenaline","Poisoned Stab","Noxious Fumes","Burst","RitualDagger","Well Laid Plans"],"relics":["Ring of the Snake","Bronze Scales","Mercury Hourglass","Gremlin Horn","Sozu"],"potions_floor_usage":[],"damage_taken":[{"damage":1,"enemies":"Small Slimes","floor":1,"turns":4},{"damage":3,"enemies":"2 Louse","floor":2,"turns":4},{"damage":2,"enemies":"Cultist","floor":3,"turns":4},{"damage":28,"enemies":"3 Sentries","floor":7,"turns":14},{"damage":0,"enemies":"Large Slime","floor":8,"turns":6},{"damage":4,"enemies":"Lots of Slimes","floor":10,"turns":2},{"damage":0,"enemies":"3 Louse","floor":12,"turns":2},{"damage":20,"enemies":"Hexaghost","floor":16,"turns":11},{"damage":12,"enemies":"3 Byrds","floor":18,"turns":3},{"damage":16,"enemies":"Spheric Guardian","floor":20,"turns":4},{"damage":22,"enemies":"Shelled Parasite and Fungi","floor":22,"turns":7},{"damage":24,"enemies":"Book of Stabbing","floor":24,"turns":5}],"seed_played":"-8722990972327745273","potions_obtained":[{"floor":3,"key":"Strength Potion"},{"floor":7,"key":"LiquidBronze"},{"floor":12,"key":"EntropicBrew"}],"is_trial":false,"path_per_floor":["M","M","M","$","?","R","E","M","T","M","?","M","?","?","R","B",null,"M","$","M","?","M","R","E"],"character_chosen":"THE_SILENT","items_purchased":["Wraith Form v2","Bronze Scales","PowerPotion","Noxious Fumes"],"campfire_rested":2,"item_purchase_floors":[4,4,4,19],"current_hp_per_floor":[44,41,39,39,39,39,11,11,11,7,7,7,12,12,34,14,60,48,48,32,26,4,26,2],"gold":80,"neow_bonus":"TWO_FIFTY_GOLD","is_prod":false,"is_daily":false,"chose_seed":false,"campfire_upgraded":1,"win_rate":0,"timestamp":1556864418,"path_taken":["M","M","M","$","?","R","E","M","T","M","?","M","?","?","R","BOSS","M","$","M","?","M","R","E"],"build_version":"2019-01-23","purchased_purges":1,"victory":false,"max_hp_per_floor":[70,70,70,70,70,70,70,70,70,70,70,70,75,75,75,75,75,75,75,75,75,75,75,75],"card_choices":[{"not_picked":["Bane","Setup"],"picked":"Poisoned Stab","floor":1},{"not_picked":["Flechettes","Outmaneuver"],"picked":"Dodge and Roll","floor":2},{"not_picked":["Distraction","Underhanded Strike"],"picked":"Acrobatics","floor":3},{"not_picked":["Flying Knee","Outmaneuver"],"picked":"Dash","floor":7},{"not_picked":["Accuracy","Calculated Gamble"],"picked":"Heel Hook","floor":8},{"not_picked":["Prepared","Acrobatics"],"picked":"Noxious Fumes","floor":10},{"not_picked":["Flying Knee","Underhanded Strike"],"picked":"Dodge and Roll","floor":12},{"not_picked":["Die Die Die","Doppelganger"],"picked":"Adrenaline","floor":16},{"not_picked":["Deflect","Accuracy"],"picked":"Poisoned Stab","floor":18},{"not_picked":["Slice","Accuracy"],"picked":"Burst","floor":20},{"not_picked":["PiercingWail","Acrobatics"],"picked":"Well Laid Plans","floor":22}],"player_experience":424066,"relics_obtained":[{"floor":7,"key":"Mercury Hourglass"},{"floor":9,"key":"Gremlin Horn"}],"event_choices":[{"damage_healed":0,"gold_gain":0,"player_choice":"Left Gold","damage_taken":0,"max_hp_gain":0,"max_hp_loss":0,"event_name":"World of Goop","floor":5,"gold_loss":25},{"damage_healed":0,"gold_gain":0,"player_choice":"Fled","damage_taken":0,"max_hp_gain":0,"max_hp_loss":0,"event_name":"Scrap Ooze","floor":11,"gold_loss":0},{"damage_healed":0,"gold_gain":0,"player_choice":"Donut","damage_taken":0,"max_hp_gain":5,"max_hp_loss":0,"event_name":"Big Fish","floor":13,"gold_loss":0},{"damage_healed":0,"gold_gain":0,"player_choice":"Ignored","damage_taken":0,"max_hp_gain":0,"max_hp_loss":0,"event_name":"Liars Game","floor":14,"gold_loss":0},{"damage_healed":0,"gold_gain":0,"player_choice":"Joined the Cult","damage_taken":6,"max_hp_gain":0,"max_hp_loss":0,"event_name":"Nest","floor":21,"gold_loss":0,"cards_obtained":["RitualDagger"]}],"is_beta":false,"boss_relics":[{"not_picked":["White Beast Statue","Cursed Key"],"picked":"Sozu"}],"items_purged_floors":[19],"is_endless":false,"potions_floor_spawned":[3,7,12,16,18,22],"killed_by":"Book of Stabbing","ascension_level":6}