{"gold_per_floor":[118,193,207,227,227,261,261,261,330,330,38,38,38,49,49,122,122,141,141,56,56,76,76,86,86,142,61,113,113,133,133,133,133],"floor_reached":33,"playtime":680,"items_purged":[],"score":452,"play_id":"7457ce3c-bf4c-4ee8-8d5e-bf59054fe507","local_time":"20190514205034","is_ascension_mode":true,"campfire_choices":[{"floor":7.0,"key":"REST"},{"data":"Zap","floor":10.0,"key":"SMITH"},{"data":"Loop","floor":13.0,"key":"SMITH"},{"data":"Capacitor","floor":15.0,"key":"SMITH"},{"data":"Self Repair","floor":23.0,"key":"SMITH"},{"floor":25,"key":"REST"},{"data":"Defragment","floor":29,"key":"SMITH"},{"data":"Loop","floor":32,"key":"SMITH"}],"neow_cost":"NONE","seed_source_timestamp":1528103291173173,"circlet_count":0,"master_deck":["AscendersBane","Strike_B","Strike_B","Strike_B","Strike_B","Defend_B","Defend_B","Defend_B","Defend_B","Zap+1","Dualcast+1","Capacitor+1","Loop+1","BootSequence","Electrodynamics","Cold Snap","Self Repair+1","Defragment+1","Loop+1"],"special_seed":0,"relics":["Cracked Core","Omamori","Symbiotic Virus","Ice Cream","Bottled Tornado","Cursed Key","Emotion Chip","Tiny Chest","Vajra"],"potions_floor_usage":[30],"damage_taken":[{"damage":11.0,"enemies":"Cultist","floor":1.0,"turns":4.0},{"damage":8.0,"enemies":"Jaw Worm","floor":3.0,"turns":4.0},{"damage":0.0,"enemies":"2 Louse","floor":4.0,"turns":2.0},{"damage":34.0,"enemies":"Lagavulin","floor":6.0,"turns":7.0},{"damage":0.0,"enemies":"Blue Slaver","floor":14.0,"turns":3.0},{"damage":28.0,"enemies":"Slime Boss","floor":16.0,"turns":4.0},{"damage":2.0,"enemies":"3 Byrds","floor":18.0,"turns":3.0},{"damage":0.0,"enemies":"Chosen","floor":22.0,"turns":3.0},{"damage":21,"enemies":"Centurion and Healer","floor":24,"turns":3},{"damage":10,"enemies":"Chosen and Byrds","floor":30,"turns":4},{"damage":84,"enemies":"Automaton","floor":33,"turns":6}],"seed_played":"1660716828010646994","potions_obtained":[{"floor":1.0,"key":"Block Potion"},{"floor":4.0,"key":"Fruit Juice"},{"floor":18.0,"key":"SteroidPotion"}],"is_trial":false,"path_per_floor":["M","?","M","M","?","E","R","$","T","R","$","T","R","M","R","B",null,"M","$","?","?","M","R","M","R","T","$","T","R","M","$","R","B"],"character_chosen":"DEFECT","items_purchased":["Ice Cream","Defragment"],"campfire_rested":2,"item_purchase_floors":[11,27],"current_hp_per_floor":[60,53,45,50,50,16,40,40,40,40,40,40,40,40,40,12,65,63,63,63,63,63,63,42,66,66,66,66,66,66,66,66,0],"gold":133,"neow_bonus":"TEN_PERCENT_HP_BONUS","is_prod":false,"is_daily":false,"chose_seed":false,"campfire_upgraded":6,"win_rate":0,"timestamp":1557838234,"path_taken":["M","?","M","?","?","E","R","$","T","R","?","?","R","?","R","BOSS","M","?","?","?","M","R","M","R","T","$","?","R","M","$","R","BOSS"],"build_version":"2019-01-23","purchased_purges":0,"victory":false,"max_hp_per_floor":[78,78,78,83,83,83,83,83,83,83,83,83,83,83,83,83,83,83,83,83,83,83,83,83,83,83,83,83,83,83,83,83,83],"card_choices":[{"not_picked":["Tempest","Compile Driver"],"picked":"Capacitor","floor":1.0},{"not_picked":["Darkness","Turbo","Storm"],"picked":"SKIP","floor":3.0},{"not_picked":["Streamline","Rebound"],"picked":"Loop","floor":4.0},{"not_picked":["Turbo","Meteor Strike","Compile Driver"],"picked":"SKIP","floor":6.0},{"not_picked":["Ball Lightning","Conserve Battery"],"picked":"BootSequence","floor":14.0},{"not_picked":["Buffer","Amplify"],"picked":"Electrodynamics","floor":16.0},{"not_picked":["FTL","Gash"],"picked":"Cold Snap","floor":18.0},{"not_picked":["Coolheaded","Barrage"],"picked":"Self Repair","floor":22.0},{"not_picked":["Redo","Hologram","Barrage"],"picked":"SKIP","floor":24},{"not_picked":["Gash","Redo"],"picked":"Loop","floor":30}],"player_experience":533056,"relics_obtained":[{"floor":6.0,"key":"Omamori"},{"floor":9.0,"key":"Symbiotic Virus"},{"floor":12.0,"key":"Bottled Tornado"},{"floor":26,"key":"Tiny Chest"},{"floor":28,"key":"Vajra"}],"event_choices":[{"damage_healed":0.0,"max_hp_gain":0.0,"max_hp_loss":0.0,"gold_gain":75.0,"event_name":"FaceTrader","player_choice":"Touch","floor":2.0,"gold_loss":0.0,"damage_taken":7.0},{"damage_healed":0.0,"max_hp_gain":0.0,"max_hp_loss":0.0,"gold_gain":0.0,"event_name":"Accursed Blacksmith","player_choice":"Forge","floor":5.0,"gold_loss":0.0,"damage_taken":0.0,"cards_upgraded":["Dualcast"]},{"damage_healed":0.0,"max_hp_gain":0.0,"max_hp_loss":0.0,"gold_gain":0.0,"event_name":"Addict","player_choice":"Obtained Relic","floor":20.0,"gold_loss":85.0,"damage_taken":0.0,"relics_obtained":["Emotion Chip"]},{"damage_healed":0.0,"max_hp_gain":0.0,"max_hp_loss":0.0,"gold_gain":0.0,"event_name":"Vampires","player_choice":"Ignored","floor":21.0,"gold_loss":0.0,"damage_taken":0.0}],"is_beta":false,"boss_relics":[{"not_picked":["Sozu","Runic Dome"],"picked":"Cursed Key"}],"items_purged_floors":[],"is_endless":false,"potions_floor_spawned":[1,4,18],"killed_by":"Automaton","ascension_level":14}