{"gold_per_floor":[109,126,140,49,124,124,153,153,153,169,169,129,144,174,174,276,276,287,287,27,27,73,73,89,121,121,121,121,148,160,187,187,284,284,304,77,95,95,95],"floor_reached":39,"playtime":2024,"items_purged":[],"score":740,"play_id":"9cc78fe5-4fab-4083-8506-39b4d4d930cb","local_time":"20190317173834","is_ascension_mode":true,"campfire_choices":[{"floor":6,"key":"REST"},{"floor":11,"key":"REST"},{"floor":15,"key":"REST"},{"floor":23,"key":"REST"},{"floor":27,"key":"REST"},{"data":"Apotheosis","floor":32,"key":"SMITH"}],"neow_cost":"NONE","seed_source_timestamp":254905116051300,"circlet_count":0,"master_deck":["AscendersBane","Survivor","Neutralize","Noxious Fumes","Bane","Bane","Finesse","Predator","Cloak And Dagger","Noxious Fumes","Noxious Fumes","Die Die Die","Noxious Fumes","Flechettes","Grand Finale","Burst","Adrenaline","Blur","Riddle With Holes","All Out Attack+1","Apotheosis+1","PiercingWail","Backflip+1","Blur+1","Venomology","Dash"],"relics":["Ring of the Snake","NeowsBlessing","Bottled Flame","Singing Bowl","Tiny Chest","Pandora\u0027s Box","Bag of Marbles","Boot","Ancient Tea Set","Orichalcum","Meat on the Bone","Black Star","Anchor","Dodecahedron"],"potions_floor_usage":[7,18,25,31,37,37,39,39,39],"damage_taken":[{"damage":0,"enemies":"Jaw Worm","floor":1,"turns":1},{"damage":0,"enemies":"Cultist","floor":2,"turns":1},{"damage":0,"enemies":"Small Slimes","floor":3,"turns":1},{"damage":33,"enemies":"Gremlin Nob","floor":7,"turns":5},{"damage":4,"enemies":"Looter","floor":10,"turns":5},{"damage":3,"enemies":"Blue Slaver","floor":13,"turns":3},{"damage":37,"enemies":"Hexaghost","floor":16,"turns":10},{"damage":2,"enemies":"Chosen","floor":18,"turns":4},{"damage":14,"enemies":"3 Byrds","floor":24,"turns":4},{"damage":36,"enemies":"Book of Stabbing","floor":25,"turns":6},{"damage":17,"enemies":"Slavers","floor":29,"turns":4},{"damage":6,"enemies":"Centurion and Healer","floor":30,"turns":5},{"damage":0,"enemies":"Gremlin Leader","floor":31,"turns":5},{"damage":24,"enemies":"Automaton","floor":33,"turns":8},{"damage":5,"enemies":"Orb Walker","floor":35,"turns":4},{"damage":2,"enemies":"3 Shapes","floor":37,"turns":5},{"damage":92,"enemies":"Transient","floor":39,"turns":5}],"seed_played":"-4160970817754100674","potions_obtained":[{"floor":1,"key":"Regen Potion"},{"floor":2,"key":"Explosive Potion"},{"floor":16,"key":"Ancient Potion"},{"floor":18,"key":"Strength Potion"},{"floor":30,"key":"GamblersBrew"}],"is_trial":false,"path_per_floor":["M","M","M","$","?","R","E","?","T","M","R","$","M","?","R","B",null,"M","?","$","?","T","R","M","E","T","R","?","E","M","E","R","B",null,"M","$","M","T","M"],"character_chosen":"THE_SILENT","items_purchased":["Finesse","Noxious Fumes","Apotheosis","GhostInAJar","Anchor","Dash"],"campfire_rested":5,"item_purchase_floors":[4,12,20,20,36,36],"current_hp_per_floor":[63,63,63,63,52,70,42,42,42,38,59,59,58,33,54,17,58,56,56,56,56,56,72,60,24,24,46,84,69,63,65,65,53,79,76,76,76,76,0],"gold":95,"neow_bonus":"THREE_ENEMY_KILL","is_prod":false,"is_daily":false,"chose_seed":false,"campfire_upgraded":1,"win_rate":0,"timestamp":1552840714,"path_taken":["M","M","M","$","?","R","E","?","T","?","R","?","M","?","R","BOSS","M","?","$","?","?","R","M","E","T","R","?","E","M","E","R","BOSS","M","$","M","?","M"],"build_version":"2019-01-23","purchased_purges":0,"victory":false,"max_hp_per_floor":[70,70,70,70,70,70,70,70,70,70,70,70,72,72,72,72,72,72,72,72,72,72,72,74,74,74,74,84,86,86,88,88,88,88,90,90,92,92,92],"card_choices":[{"not_picked":["Dodge and Roll","Dagger Spray"],"picked":"Noxious Fumes","floor":1},{"not_picked":["PiercingWail","Deflect"],"picked":"Bane","floor":2},{"not_picked":["Cloak And Dagger","Deadly Poison"],"picked":"Bane","floor":3},{"not_picked":["Eviscerate","A Thousand Cuts"],"picked":"Predator","floor":7},{"not_picked":["Deflect","Masterful Stab"],"picked":"Noxious Fumes","floor":10},{"not_picked":["Blade Dance","Setup","Finisher"],"picked":"Singing Bowl","floor":13},{"not_picked":["Doppelganger","Tools of the Trade"],"picked":"Die Die Die","floor":16},{"not_picked":["Outmaneuver","Poisoned Stab"],"picked":"All Out Attack+1","floor":18},{"not_picked":["Sucker Punch","Flying Knee+1","Quick Slash"],"picked":"Singing Bowl","floor":24},{"not_picked":["Bane+1","Dagger Spray"],"picked":"Backflip+1","floor":25},{"not_picked":["Dagger Throw","Dodge and Roll+1","A Thousand Cuts"],"picked":"Singing Bowl","floor":29},{"not_picked":["Dodge and Roll","Poisoned Stab"],"picked":"Blur+1","floor":30},{"not_picked":["Quick Slash","A Thousand Cuts","Bane+1"],"picked":"Singing Bowl","floor":31},{"not_picked":["Corpse Explosion","Grand Finale"],"picked":"Venomology","floor":33},{"not_picked":["Well Laid Plans","Prepared","Expertise+1"],"picked":"Singing Bowl","floor":35},{"not_picked":["Concentrate+1","Leg Sweep+1","Eviscerate"],"picked":"Singing Bowl","floor":37}],"player_experience":1534480,"relics_obtained":[{"floor":7,"key":"Bottled Flame"},{"floor":9,"key":"Singing Bowl"},{"floor":22,"key":"Bag of Marbles"},{"floor":25,"key":"Boot"},{"floor":26,"key":"Ancient Tea Set"},{"floor":29,"key":"Orichalcum"},{"floor":31,"key":"Meat on the Bone"},{"floor":38,"key":"Dodecahedron"}],"event_choices":[{"damage_healed":0,"gold_gain":75,"player_choice":"Gather Gold","damage_taken":11,"max_hp_gain":0,"max_hp_loss":0,"event_name":"World of Goop","floor":5,"gold_loss":0},{"damage_healed":0,"gold_gain":0,"cards_transformed":["Strike_G"],"player_choice":"Transformed","damage_taken":0,"max_hp_gain":0,"max_hp_loss":0,"event_name":"Transmorgrifier","floor":8,"gold_loss":0,"cards_obtained":["Cloak And Dagger"]},{"damage_healed":0,"gold_gain":0,"player_choice":"Success","damage_taken":25,"relics_obtained":["Tiny Chest"],"max_hp_gain":0,"max_hp_loss":0,"event_name":"Scrap Ooze","floor":14,"gold_loss":0},{"cards_removed":["Storm of Steel"],"damage_healed":0,"gold_gain":0,"player_choice":"Elegance","damage_taken":0,"max_hp_gain":0,"max_hp_loss":0,"event_name":"Back to Basics","floor":19,"gold_loss":0},{"damage_healed":0,"gold_gain":0,"player_choice":"Read","damage_taken":0,"max_hp_gain":0,"max_hp_loss":0,"event_name":"The Library","floor":21,"gold_loss":0,"cards_obtained":["PiercingWail"]},{"cards_removed":["Grand Finale"],"damage_healed":28,"gold_gain":0,"player_choice":"Offered Rare","damage_taken":0,"max_hp_gain":10,"max_hp_loss":0,"event_name":"Bonfire Elementals","floor":28,"gold_loss":0}],"is_beta":false,"boss_relics":[{"not_picked":["Busted Crown","Astrolabe"],"picked":"Pandora\u0027s Box"},{"not_picked":["Coffee Dripper","Philosopher\u0027s Stone"],"picked":"Black Star"}],"items_purged_floors":[],"is_endless":false,"potions_floor_spawned":[1,2,16,18,30,37],"killed_by":"Transient","ascension_level":10}