{"gold_per_floor":[113,263,263,263,263,597,597,628,674,399,399,12,29,54,54,131,131,147,163,38,218,5,39,59,59,86,86,106,121,153,168,168,246,246,258,307,322,322,333,359,371,399,460,488,519,631,643,688,700,712,724,736,748,36,71,71],"floor_reached":57,"playtime":8753,"items_purged":["Strike_B","Strike_B","Strike_B","Steam"],"score":3261,"play_id":"d3070293-a6b5-4854-919e-c4119ce4e775","local_time":"20190514015931","is_ascension_mode":true,"campfire_choices":[{"data":"Zap","floor":7.0,"key":"SMITH"},{"data":"Conserve Battery","floor":11.0,"key":"SMITH"},{"data":"Defragment","floor":15.0,"key":"SMITH"},{"floor":25,"key":"REST"},{"data":"Loop","floor":27,"key":"SMITH"},{"floor":32,"key":"DIG"},{"floor":41,"key":"DIG"},{"floor":49,"key":"RECALL"},{"floor":53,"key":"DIG"}],"neow_cost":"NONE","seed_source_timestamp":0,"circlet_count":0,"master_deck":["AscendersBane","Defend_B","Defend_B","Defend_B","Defend_B","Zap+1","Dualcast","Conserve Battery+1","Cold Snap","Coolheaded","Defragment+1","Recycle","Loop+1","Loop","Meteor Strike","Force Field+1","Electrodynamics","Leap+1","Undo+1","Coolheaded+1","Conserve Battery+1","Thunder Strike","Skim+1","Ball Lightning","Stack+1","Skim+1","Leap+1","Loop","Capacitor","Doom and Gloom","Leap+1","Thunder Strike"],"special_seed":0,"relics":["Cracked Core","NeowsBlessing","Ice Cream","Old Coin","Dead Branch","Pen Nib","Happy Flower","Art of War","Toxic Egg 2","Snecko Eye","Orichalcum","Regal Pillow","Shovel","Letter Opener","Fusion Hammer","Turnip","MawBank","Potion Belt","Torii","Symbiotic Virus","Kunai","Calipers","Anchor"],"potions_floor_usage":[23,30,50,55,56,56,56,56],"damage_taken":[{"damage":0.0,"enemies":"Jaw Worm","floor":1.0,"turns":1.0},{"damage":0.0,"enemies":"3 Sentries","floor":6.0,"turns":1.0},{"damage":0.0,"enemies":"Lagavulin","floor":8.0,"turns":1.0},{"damage":4.0,"enemies":"2 Louse","floor":13.0,"turns":3.0},{"damage":31.0,"enemies":"Gremlin Nob","floor":14.0,"turns":6.0},{"damage":0,"enemies":"Hexaghost","floor":16,"turns":10},{"damage":0,"enemies":"Chosen","floor":18,"turns":6},{"damage":10,"enemies":"2 Thieves","floor":19,"turns":4},{"damage":0,"enemies":"Gremlin Leader","floor":23,"turns":3},{"damage":1,"enemies":"Snake Plant","floor":24,"turns":3},{"damage":0,"enemies":"3 Cultists","floor":28,"turns":3},{"damage":2,"enemies":"Shelled Parasite and Fungi","floor":29,"turns":3},{"damage":4,"enemies":"Book of Stabbing","floor":30,"turns":5},{"damage":0,"enemies":"Snake Plant","floor":31,"turns":3},{"damage":0,"enemies":"Automaton","floor":33,"turns":9},{"damage":0,"enemies":"Orb Walker","floor":35,"turns":3},{"damage":0,"enemies":"2 Orb Walkers","floor":36,"turns":3},{"damage":0,"enemies":"3 Darklings","floor":37,"turns":3},{"damage":9,"enemies":"4 Shapes","floor":39,"turns":2},{"damage":8,"enemies":"Nemesis","floor":40,"turns":9},{"damage":0,"enemies":"Sphere and 2 Shapes","floor":42,"turns":3},{"damage":5,"enemies":"Jaw Worm Horde","floor":44,"turns":5},{"damage":0,"enemies":"Maw","floor":45,"turns":4},{"damage":2,"enemies":"Mind Bloom Boss Battle","floor":46,"turns":7},{"damage":0,"enemies":"Reptomancer","floor":48,"turns":5},{"damage":11,"enemies":"Time Eater","floor":50,"turns":12},{"damage":0,"enemies":"Donu and Deca","floor":51,"turns":8},{"damage":6,"enemies":"Shield and Spear","floor":55,"turns":6},{"damage":43,"enemies":"The Heart","floor":56,"turns":11}],"seed_played":"-8543698512928007000","potions_obtained":[{"floor":13.0,"key":"AttackPotion"},{"floor":14.0,"key":"Swift Potion"},{"floor":16,"key":"SmokeBomb"},{"floor":19,"key":"Dexterity Potion"},{"floor":23,"key":"SteroidPotion"},{"floor":24,"key":"Explosive Potion"},{"floor":28,"key":"FocusPotion"},{"floor":33,"key":"AttackPotion"},{"floor":44,"key":"GamblersBrew"},{"floor":45,"key":"AttackPotion"},{"floor":48,"key":"GamblersBrew"},{"floor":55,"key":"PowerPotion"}],"is_trial":false,"path_per_floor":["M","?","?","?","?","E","R","E","T","$","R","$","M","E","R","B",null,"M","M","$","?","$","E","M","R","T","R","M","M","E","M","R","B",null,"M","?","M","?","M","E","R","M","T","M","M","?","?","E","R","B","B",null,"R","$","E","B",null],"character_chosen":"DEFECT","items_purchased":["Happy Flower","Coolheaded","Art of War","Defragment","Recycle","Electrodynamics","Leap+1","Calipers","Capacitor","Doom and Gloom","FocusPotion","Leap+1"],"campfire_rested":1,"item_purchase_floors":[10,10,12,12,12,22,22,54,54,54,54,54],"current_hp_per_floor":[64,64,64,59,52,52,52,52,52,52,52,52,48,17,17,17,58,58,48,48,27,27,27,26,47,47,47,47,45,41,41,41,41,64,64,64,64,64,55,47,47,47,47,42,42,40,35,35,35,24,24,59,59,59,53,10],"gold":71,"neow_bonus":"THREE_ENEMY_KILL","is_prod":false,"is_daily":false,"chose_seed":false,"campfire_upgraded":4,"win_rate":0,"timestamp":1557813571,"path_taken":["M","?","?","?","?","E","R","E","T","?","R","$","M","E","R","BOSS","M","M","?","?","$","E","?","R","T","R","?","M","E","M","R","BOSS","M","?","M","?","M","E","R","M","T","M","M","?","?","E","R","BOSS","BOSS","R","$","E","BOSS"],"build_version":"2019-01-23","purchased_purges":4,"victory":true,"max_hp_per_floor":[71,71,71,71,71,71,71,71,71,71,71,71,71,71,71,71,71,71,71,71,71,71,71,71,71,71,71,71,71,71,71,71,71,71,71,71,71,71,71,71,71,71,71,71,71,71,71,71,71,71,71,71,71,71,71,71],"card_choices":[{"not_picked":["Redo","Reprogram"],"picked":"Steam","floor":1.0},{"not_picked":["Rip and Tear","Consume"],"picked":"Conserve Battery","floor":6.0},{"not_picked":["Turbo","Sweeping Beam"],"picked":"Cold Snap","floor":8.0},{"not_picked":["Redo","Streamline"],"picked":"Loop","floor":13.0},{"not_picked":["Beam Cell","Hologram"],"picked":"Loop","floor":14.0},{"not_picked":["Thunder Strike","Fission+1"],"picked":"Meteor Strike","floor":16},{"not_picked":["Turbo+1","Steam+1","Barrage"],"picked":"SKIP","floor":18},{"not_picked":["Hologram+1","Turbo+1"],"picked":"Force Field+1","floor":19},{"not_picked":["Double Energy+1","Rainbow+1"],"picked":"Undo+1","floor":23},{"not_picked":["Reinforced Body+1","Sweeping Beam"],"picked":"Coolheaded+1","floor":24},{"not_picked":["Cold Snap","Go for the Eyes","Streamline"],"picked":"SKIP","floor":28},{"not_picked":["Cold Snap","Blizzard"],"picked":"Conserve Battery+1","floor":29},{"not_picked":["Conserve Battery+1","Consume+1"],"picked":"Sunder","floor":30},{"not_picked":["Compile Driver","Redo+1","Blizzard"],"picked":"SKIP","floor":31},{"not_picked":["Biased Cognition","Multi-Cast+1"],"picked":"Thunder Strike","floor":33},{"not_picked":["Force Field+1","Coolheaded+1"],"picked":"Skim+1","floor":35},{"not_picked":["Leap+1","Genetic Algorithm+1"],"picked":"Ball Lightning","floor":36},{"not_picked":["Beam Cell","Go for the Eyes+1"],"picked":"Stack+1","floor":37},{"not_picked":["Steam+1","Barrage","Go for the Eyes"],"picked":"SKIP","floor":39},{"not_picked":["Barrage+1","Go for the Eyes+1","Streamline+1"],"picked":"SKIP","floor":40},{"not_picked":["Hello World","Consume+1"],"picked":"Skim+1","floor":42},{"not_picked":["Self Repair","Auto Shields+1","Scrape"],"picked":"SKIP","floor":44},{"not_picked":["Hello World","Redo+1"],"picked":"Leap+1","floor":45},{"not_picked":["Streamline+1","Reprogram+1"],"picked":"Loop","floor":46},{"not_picked":["Sweeping Beam+1","Rebound","Barrage"],"picked":"SKIP","floor":48},{"not_picked":["Rebound+1","Cold Snap"],"picked":"Thunder Strike","floor":55}],"player_experience":951448,"relics_obtained":[{"floor":6.0,"key":"Old Coin"},{"floor":8.0,"key":"Dead Branch"},{"floor":9.0,"key":"Pen Nib"},{"floor":14.0,"key":"Toxic Egg 2"},{"floor":23,"key":"Orichalcum"},{"floor":26,"key":"Regal Pillow"},{"floor":30,"key":"Shovel"},{"floor":32,"key":"Letter Opener"},{"floor":36,"key":"Turnip"},{"floor":40,"key":"MawBank"},{"floor":41,"key":"Potion Belt"},{"floor":46,"key":"Torii"},{"floor":48,"key":"Symbiotic Virus"},{"floor":53,"key":"Kunai"},{"floor":55,"key":"Anchor"}],"event_choices":[{"damage_healed":0.0,"max_hp_gain":0.0,"max_hp_loss":0.0,"gold_gain":150.0,"event_name":"Liars Game","player_choice":"AGREE","floor":2.0,"gold_loss":0.0,"damage_taken":0.0,"cards_obtained":["Doubt"]},{"cards_removed":["Doubt"],"damage_healed":0.0,"max_hp_gain":0.0,"max_hp_loss":0.0,"gold_gain":0.0,"event_name":"Living Wall","player_choice":"Forget","floor":3.0,"gold_loss":0.0,"damage_taken":0.0},{"damage_healed":0.0,"max_hp_gain":0.0,"max_hp_loss":0.0,"gold_gain":0.0,"event_name":"Scrap Ooze","player_choice":"Success","floor":4.0,"gold_loss":0.0,"damage_taken":5.0,"relics_obtained":["Ice Cream"]},{"cards_removed":["Strike_B"],"damage_healed":0.0,"max_hp_gain":0.0,"max_hp_loss":0.0,"gold_gain":0.0,"event_name":"Golden Wing","player_choice":"Card Removal","floor":5.0,"gold_loss":0.0,"damage_taken":7.0},{"damage_healed":0,"gold_gain":180,"player_choice":"GOLD GOLD ","damage_taken":21,"max_hp_gain":0,"max_hp_loss":0,"event_name":"Knowing Skull","floor":21,"potions_obtained":[],"gold_loss":0,"cards_obtained":[]},{"damage_healed":0,"gold_gain":0,"player_choice":"Fight","damage_taken":0,"max_hp_gain":0,"max_hp_loss":0,"event_name":"Mysterious Sphere","floor":36,"gold_loss":0},{"cards_removed":["Sunder"],"damage_healed":0,"gold_gain":0,"player_choice":"Removed Attack","damage_taken":0,"max_hp_gain":0,"max_hp_loss":0,"event_name":"Falling","floor":38,"gold_loss":0},{"damage_healed":0,"gold_gain":0,"player_choice":"Fight","damage_taken":0,"max_hp_gain":0,"max_hp_loss":0,"event_name":"MindBloom","floor":46,"gold_loss":0},{"damage_healed":0,"gold_gain":0,"player_choice":"Memory 2","damage_taken":5,"max_hp_gain":0,"max_hp_loss":0,"event_name":"SensoryStone","floor":47,"gold_loss":0}],"is_beta":false,"boss_relics":[{"not_picked":["Tiny House","Calling Bell"],"picked":"Snecko Eye"},{"not_picked":["Orrery","Velvet Choker"],"picked":"Fusion Hammer"}],"items_purged_floors":[10,12,20,54],"is_endless":false,"potions_floor_spawned":[13,14,16,19,23,24,28,33,37,40,44,45,46,48,55],"ascension_level":20}