{"gold_per_floor":[114,189,204,219,234,264,279,294,319,334,364,379,409,313,313,413,413,428,443,95,95,110,110,170,170,245,275,290,320,14,29,29,129,129,144,94,109,124,139,139,154,154],"floor_reached":42,"playtime":3329,"items_purged":["Decay","Regret","Regret"],"score":636,"play_id":"90fa00eb-b136-465c-932f-f3aa8b43fe53","local_time":"20181228210230","daily_mods":["SealedDeck","Blue Cards","Elite Swarm"],"is_ascension_mode":false,"campfire_choices":[{"data":"Searing Blow","floor":15,"key":"SMITH"},{"data":"Searing Blow+1","floor":23,"key":"SMITH"},{"data":"Searing Blow+2","floor":25,"key":"SMITH"},{"floor":32,"key":"REST"},{"floor":40,"key":"REST"}],"neow_cost":"","seed_source_timestamp":95571491172811,"circlet_count":0,"master_deck":["Undo","Clothesline","Go for the Eyes","Doom and Gloom","Ball Lightning","Melter","Iron Wave","Clothesline","Compile Driver","Flex","Go for the Eyes","Go for the Eyes","Beam Cell","Iron Wave","Beam Cell","Rampage","Searing Blow+3","Flex","Immolate","Flex","Cleave","Bludgeon","Steam","Discovery","Gash","Infernal Blade+1","Seek","Core Surge","Infernal Blade","Double Tap","Go for the Eyes","Master of Strategy","Flex","Bludgeon","Fusion+1","Recycle","Dual Wield+1","Recycle+1","Parasite"],"special_seed":17894,"relics":["Burning Blood","Kunai","Juzu Bracelet","Mercury Hourglass","StoneCalendar","Calling Bell","Smiling Mask","Gremlin Horn","Champion Belt","Anchor","Tiny Chest","Pear","Lantern","Art of War","Snecko Eye"],"potions_floor_usage":[8,11,16,24,27,27,27,29,31,33,38,39,42,42],"damage_taken":[{"damage":0,"enemies":"2 Louse","floor":1,"turns":2},{"damage":0,"enemies":"Cultist","floor":3,"turns":2},{"damage":7,"enemies":"Small Slimes","floor":4,"turns":2},{"damage":9,"enemies":"Looter","floor":5,"turns":3},{"damage":12,"enemies":"Gremlin Nob","floor":6,"turns":4},{"damage":0,"enemies":"3 Louse","floor":7,"turns":1},{"damage":0,"enemies":"Red Slaver","floor":8,"turns":2},{"damage":0,"enemies":"Looter","floor":10,"turns":3},{"damage":6,"enemies":"Lagavulin","floor":11,"turns":3},{"damage":0,"enemies":"2 Fungi Beasts","floor":12,"turns":2},{"damage":0,"enemies":"Gremlin Nob","floor":13,"turns":3},{"damage":0,"enemies":"Slime Boss","floor":16,"turns":6},{"damage":40,"enemies":"Shell Parasite","floor":18,"turns":4},{"damage":11,"enemies":"2 Thieves","floor":19,"turns":3},{"damage":0,"enemies":"Sentry and Sphere","floor":22,"turns":2},{"damage":32,"enemies":"Book of Stabbing","floor":24,"turns":5},{"damage":29,"enemies":"Slavers","floor":27,"turns":4},{"damage":3,"enemies":"Chosen and Byrds","floor":28,"turns":4},{"damage":7,"enemies":"Gremlin Leader","floor":29,"turns":5},{"damage":5,"enemies":"Snake Plant","floor":31,"turns":2},{"damage":35,"enemies":"Collector","floor":33,"turns":7},{"damage":28,"enemies":"Orb Walker","floor":35,"turns":4},{"damage":6,"enemies":"3 Darklings","floor":37,"turns":3},{"damage":0,"enemies":"Jaw Worm Horde","floor":38,"turns":2},{"damage":62,"enemies":"Spire Growth","floor":39,"turns":6},{"damage":8,"enemies":"Writhing Mass","floor":41,"turns":4},{"damage":61,"enemies":"Giant Head","floor":42,"turns":6}],"seed_played":"-4967362321938783181","potions_obtained":[{"floor":1,"key":"FearPotion"},{"floor":7,"key":"FearPotion"},{"floor":8,"key":"FearPotion"},{"floor":12,"key":"GamblersBrew"},{"floor":13,"key":"Weak Potion"},{"floor":21,"key":"EssenceOfSteel"},{"floor":24,"key":"PowerPotion"},{"floor":27,"key":"Explosive Potion"},{"floor":29,"key":"SneckoOil"},{"floor":33,"key":"Swift Potion"},{"floor":35,"key":"Poison Potion"},{"floor":38,"key":"Fire Potion"},{"floor":41,"key":"Regen Potion"}],"is_trial":false,"path_per_floor":["M","?","M","M","M","E","M","M","T","M","E","M","E","$","R","B",null,"M","M","$","?","M","R","E","R","T","E","M","E","$","M","R","B",null,"M","$","M","M","M","R","M","E"],"character_chosen":"IRONCLAD","items_purchased":["Flex","Cleave","Discovery","Anchor","Gash","Go for the Eyes","Master of Strategy","Explosive Potion"],"campfire_rested":2,"item_purchase_floors":[14,14,20,20,20,30,30,30],"current_hp_per_floor":[80,72,78,77,74,68,74,80,80,80,80,80,80,80,80,80,80,46,41,41,41,47,47,21,21,31,8,11,10,10,11,38,9,90,68,68,68,74,18,45,43,0],"gold":154,"neow_bonus":"","is_prod":false,"is_daily":true,"chose_seed":false,"campfire_upgraded":3,"win_rate":0,"timestamp":1546059750,"path_taken":["M","?","M","M","M","E","M","?","T","M","E","M","E","?","R","BOSS","M","M","$","?","M","R","E","R","T","E","M","E","$","M","R","BOSS","M","$","M","M","M","R","M","E"],"build_version":"2018-12-20","purchased_purges":3,"victory":false,"max_hp_per_floor":[80,80,80,80,80,80,80,80,80,80,80,80,80,80,80,80,80,80,80,80,80,80,80,80,80,90,90,90,90,90,90,90,90,90,90,90,90,90,90,90,90,90],"card_choices":[{"not_picked":["Storm","Scrape"],"picked":"Go for the Eyes","floor":1},{"not_picked":["True Grit","Evolve"],"picked":"Go for the Eyes","floor":3},{"not_picked":["Gash","Cleave"],"picked":"Beam Cell","floor":4},{"not_picked":["Conserve Battery","Sword Boomerang"],"picked":"Iron Wave","floor":5},{"not_picked":["Impervious","Fission","Creative AI"],"picked":"SKIP","floor":6},{"not_picked":["Feel No Pain","Leap"],"picked":"Beam Cell","floor":7},{"not_picked":["Hologram","Leap"],"picked":"Rampage","floor":8},{"not_picked":["Armaments","Bloodletting"],"picked":"Searing Blow","floor":10},{"not_picked":["Impervious","Berserk","Thunder Strike"],"picked":"SKIP","floor":11},{"not_picked":["Steam","Chaos"],"picked":"Flex","floor":12},{"not_picked":["Creative AI","Core Surge"],"picked":"Immolate","floor":13},{"not_picked":["Exhume","Multi-Cast"],"picked":"Bludgeon","floor":16},{"not_picked":["Doom and Gloom","Steam Power+1","Barrage+1"],"picked":"SKIP","floor":18},{"not_picked":["Iron Wave","Inflame+1"],"picked":"Steam","floor":19},{"not_picked":["Compile Driver","Clothesline"],"picked":"Infernal Blade+1","floor":22},{"not_picked":["Meteor Strike","Creative AI"],"picked":"Seek","floor":24},{"not_picked":["Machine Learning","Electrodynamics"],"picked":"Core Surge","floor":27},{"not_picked":["Body Slam+1","Compile Driver"],"picked":"Infernal Blade","floor":28},{"not_picked":["Machine Learning","Juggernaut"],"picked":"Double Tap","floor":29},{"not_picked":["Inflame","Go for the Eyes"],"picked":"Flex","floor":31},{"not_picked":["Creative AI","Thunder Strike"],"picked":"Bludgeon","floor":33},{"not_picked":["Sword Boomerang+1","BootSequence+1"],"picked":"Fusion+1","floor":35},{"not_picked":["Fire Breathing","Ghostly Armor+1"],"picked":"Recycle","floor":37},{"not_picked":["Wild Strike","Clothesline"],"picked":"Dual Wield+1","floor":38},{"not_picked":["Sentinel+1","Iron Wave"],"picked":"Recycle+1","floor":39},{"not_picked":["Iron Wave+1","Flex+1","Leap+1"],"picked":"SKIP","floor":41}],"player_experience":184284,"relics_obtained":[{"floor":6,"key":"Kunai"},{"floor":9,"key":"Juzu Bracelet"},{"floor":11,"key":"Mercury Hourglass"},{"floor":13,"key":"StoneCalendar"},{"floor":17,"key":"Smiling Mask"},{"floor":17,"key":"Gremlin Horn"},{"floor":17,"key":"Champion Belt"},{"floor":24,"key":"Tiny Chest"},{"floor":26,"key":"Pear"},{"floor":27,"key":"Lantern"},{"floor":29,"key":"Art of War"}],"event_choices":[{"damage_healed":0,"gold_gain":75,"player_choice":"Touch","damage_taken":8,"max_hp_gain":0,"max_hp_loss":0,"event_name":"FaceTrader","floor":2,"gold_loss":0},{"damage_healed":0,"gold_gain":0,"player_choice":"Got Potions","damage_taken":0,"max_hp_gain":0,"max_hp_loss":0,"event_name":"Lab","floor":21,"gold_loss":0}],"is_beta":false,"boss_relics":[{"not_picked":["Cursed Key","Busted Crown"],"picked":"Calling Bell"},{"not_picked":["Fusion Hammer","Mark of Pain"],"picked":"Snecko Eye"}],"items_purged_floors":[20,30,36],"is_endless":false,"potions_floor_spawned":[1,7,8,12,13,24,27,29,33,35,38,41],"killed_by":"Giant Head","ascension_level":0}