{"gold_per_floor":[112,112,112,125,125,152,152,172,172,186,199,169,169],"floor_reached":13,"playtime":719,"items_purged":[],"score":157,"play_id":"dc30d9a1-2f31-4c97-b008-ad74f16b7c04","local_time":"20190510225611","is_ascension_mode":true,"campfire_choices":[{"floor":7,"key":"REST"}],"neow_cost":"PERCENT_DAMAGE","seed_source_timestamp":273490224910200,"circlet_count":0,"master_deck":["AscendersBane","Defend_G","Defend_G","Defend_G","Defend_G","Defend_G","Strike_G","Strike_G","Strike_G","Strike_G","Survivor","Neutralize","Deadly Poison","Blur","Dagger Throw","Crippling Poison","Well Laid Plans+1","Catalyst"],"relics":["Ring of the Snake","FaceOfCleric","Girya","Frozen Egg 2"],"potions_floor_usage":[6,10],"damage_taken":[{"damage":1,"enemies":"Jaw Worm","floor":1,"turns":5},{"damage":0,"enemies":"Cultist","floor":4,"turns":4},{"damage":36,"enemies":"3 Sentries","floor":6,"turns":16},{"damage":2,"enemies":"2 Louse","floor":8,"turns":4},{"damage":8,"enemies":"Red Slaver","floor":10,"turns":5},{"damage":23,"enemies":"Gremlin Gang","floor":11,"turns":5},{"damage":1,"enemies":"Looter","floor":12,"turns":4},{"damage":30,"enemies":"Large Slime","floor":13,"turns":7}],"seed_played":"2379191021590467535","potions_obtained":[{"floor":4,"key":"Weak Potion"},{"floor":6,"key":"SkillPotion"}],"is_trial":false,"path_per_floor":["M","?","?","M","$","E","R","M","T","M","M","M","M"],"character_chosen":"THE_SILENT","items_purchased":[],"campfire_rested":1,"item_purchase_floors":[],"current_hp_per_floor":[58,58,58,59,59,24,49,48,48,41,19,19,0],"gold":169,"neow_bonus":"TWENTY_PERCENT_HP_BONUS","is_prod":false,"is_daily":false,"chose_seed":false,"campfire_upgraded":0,"win_rate":0,"timestamp":1557521771,"path_taken":["M","?","?","M","$","E","R","?","T","M","M","?","M"],"build_version":"2019-01-23","purchased_purges":0,"victory":false,"max_hp_per_floor":[84,84,84,85,85,86,86,87,87,88,89,90,90],"card_choices":[{"not_picked":["Blade Dance","Dodge and Roll"],"picked":"Deadly Poison","floor":1},{"not_picked":["Acrobatics","Dodge and Roll","Backflip"],"picked":"SKIP","floor":4},{"not_picked":["Deflect","Expertise"],"picked":"Blur","floor":6},{"not_picked":["Expertise","Outmaneuver"],"picked":"Dagger Throw","floor":8},{"not_picked":["Quick Slash","Concentrate"],"picked":"Crippling Poison","floor":10},{"not_picked":["Masterful Stab","Crippling Poison"],"picked":"Well Laid Plans+1","floor":11},{"not_picked":["Grand Finale","Calculated Gamble"],"picked":"Catalyst","floor":12}],"player_experience":1840660,"relics_obtained":[{"floor":6,"key":"Girya"},{"floor":9,"key":"Frozen Egg 2"}],"event_choices":[{"cards_removed":["Strike_G"],"damage_healed":0,"gold_gain":0,"player_choice":"Forget","damage_taken":0,"max_hp_gain":0,"max_hp_loss":0,"event_name":"Living Wall","floor":2,"gold_loss":0},{"damage_healed":0,"gold_gain":0,"player_choice":"Trade","damage_taken":0,"relics_obtained":["FaceOfCleric"],"max_hp_gain":0,"max_hp_loss":0,"event_name":"FaceTrader","floor":3,"gold_loss":0}],"is_beta":false,"boss_relics":[],"items_purged_floors":[],"is_endless":false,"potions_floor_spawned":[4,6],"killed_by":"Large Slime","ascension_level":11}