{"gold_per_floor":[110,110,126,301,363,363,378,408,408,427,427],"floor_reached":11,"playtime":262,"items_purged":[],"score":124,"play_id":"be36a31b-8d57-44be-93db-cb4699812510","local_time":"20190413171656","is_ascension_mode":true,"campfire_choices":[{"data":"Bludgeon","floor":6,"key":"SMITH"}],"neow_cost":"PERCENT_DAMAGE","seed_source_timestamp":233194520120100,"circlet_count":0,"master_deck":["AscendersBane","Strike_R","Strike_R","Strike_R","Strike_R","Defend_R","Defend_R","Defend_R","Defend_R","Bash","Bludgeon+1","Burning Pact","Burning Pact","Doubt","Iron Wave","Dual Wield","Intimidate"],"relics":["Burning Blood","Letter Opener","Ornamental Fan"],"potions_floor_usage":[8,10,11],"damage_taken":[{"damage":12,"enemies":"Jaw Worm","floor":1,"turns":2},{"damage":1,"enemies":"Cultist","floor":3,"turns":3},{"damage":8,"enemies":"2 Louse","floor":7,"turns":3},{"damage":19,"enemies":"Gremlin Nob","floor":8,"turns":4},{"damage":11,"enemies":"Blue Slaver","floor":10,"turns":4},{"damage":30,"enemies":"3 Sentries","floor":11,"turns":4}],"seed_played":"3460375152429047440","potions_obtained":[{"floor":1,"key":"SkillPotion"},{"floor":3,"key":"LiquidBronze"},{"floor":8,"key":"PowerPotion"}],"is_trial":false,"path_per_floor":["M","?","M","?","?","R","M","E","T","M","E"],"character_chosen":"IRONCLAD","items_purchased":[],"campfire_rested":0,"item_purchase_floors":[],"current_hp_per_floor":[44,44,49,49,49,49,47,34,34,29,0],"gold":427,"neow_bonus":"THREE_RARE_CARDS","is_prod":false,"is_daily":false,"chose_seed":false,"campfire_upgraded":1,"win_rate":0,"timestamp":1555168616,"path_taken":["M","?","?","?","?","R","M","E","T","?","E"],"build_version":"2019-01-23","purchased_purges":0,"victory":false,"max_hp_per_floor":[75,75,75,75,75,75,75,75,75,75,75],"card_choices":[{"not_picked":["Barricade","Berserk"],"picked":"Bludgeon","floor":0},{"not_picked":["Second Wind","Headbutt"],"picked":"Burning Pact","floor":1},{"not_picked":["Dual Wield","Inflame"],"picked":"Burning Pact","floor":3},{"not_picked":["Pommel Strike","Headbutt"],"picked":"Iron Wave","floor":7},{"not_picked":["Battle Trance","Flex"],"picked":"Dual Wield","floor":8},{"not_picked":["Rampage","Iron Wave"],"picked":"Intimidate","floor":10}],"player_experience":1689000,"relics_obtained":[{"floor":8,"key":"Letter Opener"},{"floor":9,"key":"Ornamental Fan"}],"event_choices":[{"cards_removed":["Strike_R"],"damage_healed":0,"gold_gain":0,"player_choice":"Purged","damage_taken":0,"max_hp_gain":0,"max_hp_loss":0,"event_name":"Purifier","floor":2,"gold_loss":0},{"damage_healed":0,"gold_gain":175,"player_choice":"AGREE","damage_taken":0,"max_hp_gain":0,"max_hp_loss":0,"event_name":"Liars Game","floor":4,"gold_loss":0,"cards_obtained":["Doubt"]},{"damage_healed":0,"gold_gain":62,"player_choice":"Gained Gold","damage_taken":0,"max_hp_gain":0,"max_hp_loss":0,"event_name":"Golden Wing","floor":5,"gold_loss":0}],"is_beta":false,"boss_relics":[],"items_purged_floors":[],"is_endless":false,"potions_floor_spawned":[1,3,8],"killed_by":"3 Sentries","ascension_level":14}