{"gold_per_floor":[214,214,146,146,163,163,338,338,407,438,453,468,484,500,500,500],"floor_reached":16,"playtime":603,"items_purged":[],"score":128,"play_id":"b80dfef0-ab4f-4631-9fdd-3c520e37e66b","local_time":"20190425085227","is_ascension_mode":true,"campfire_choices":[{"data":"True Grit","floor":6,"key":"SMITH"},{"data":"Inflame","floor":8,"key":"SMITH"},{"floor":15,"key":"REST"}],"neow_cost":"NONE","seed_source_timestamp":1210479738833200,"circlet_count":0,"master_deck":["Strike_R","Strike_R","Strike_R","Strike_R","Defend_R","Defend_R","Defend_R","Defend_R","Bash","True Grit+1","Evolve","Inflame+1","Doubt","Shrug It Off","Sword Boomerang","Headbutt"],"relics":["Burning Blood","Orichalcum","Singing Bowl","Potion Belt"],"potions_floor_usage":[16,16],"damage_taken":[{"damage":1,"enemies":"Cultist","floor":1,"turns":3},{"damage":0,"enemies":"Small Slimes","floor":5,"turns":3},{"damage":29,"enemies":"Gremlin Nob","floor":10,"turns":6},{"damage":5,"enemies":"Jaw Worm","floor":11,"turns":4},{"damage":11,"enemies":"Exordium Wildlife","floor":12,"turns":5},{"damage":25,"enemies":"Lots of Slimes","floor":13,"turns":5},{"damage":10,"enemies":"3 Louse","floor":14,"turns":3},{"damage":45,"enemies":"Hexaghost","floor":16,"turns":11}],"seed_played":"-340458296123621893","potions_obtained":[{"floor":10,"key":"Regen Potion"},{"floor":11,"key":"Explosive Potion"},{"floor":12,"key":"EssenceOfSteel"}],"is_trial":false,"path_per_floor":["M","?","$","?","M","R","?","R","T","E","M","M","M","M","R","B"],"character_chosen":"IRONCLAD","items_purchased":["Evolve"],"campfire_rested":1,"item_purchase_floors":[3],"current_hp_per_floor":[80,73,73,55,61,61,61,61,61,38,41,36,17,15,40,0],"gold":500,"neow_bonus":"HUNDRED_GOLD","is_prod":false,"is_daily":false,"chose_seed":false,"campfire_upgraded":2,"win_rate":0,"timestamp":1556207547,"path_taken":["M","?","$","?","M","R","?","R","T","E","M","?","M","M","R","BOSS"],"build_version":"2019-01-23","purchased_purges":0,"victory":false,"max_hp_per_floor":[80,80,80,80,80,80,80,80,80,80,82,82,82,84,84,84],"card_choices":[{"not_picked":["Iron Wave","Pommel Strike"],"picked":"True Grit","floor":1},{"not_picked":["Seeing Red","Heavy Blade"],"picked":"Inflame","floor":5},{"not_picked":["Ghostly Armor","Whirlwind"],"picked":"Shrug It Off","floor":10},{"not_picked":["True Grit","Entrench","Warcry"],"picked":"Singing Bowl","floor":11},{"not_picked":["Sever Soul","Bludgeon"],"picked":"Sword Boomerang","floor":12},{"not_picked":["Body Slam","Iron Wave"],"picked":"Headbutt","floor":13},{"not_picked":["Perfected Strike","Ghostly Armor","Cleave"],"picked":"Singing Bowl","floor":14}],"player_experience":357753,"relics_obtained":[{"floor":9,"key":"Singing Bowl"},{"floor":10,"key":"Potion Belt"}],"event_choices":[{"cards_removed":["Strike_R"],"damage_healed":0,"gold_gain":0,"player_choice":"Card Removal","damage_taken":7,"max_hp_gain":0,"max_hp_loss":0,"event_name":"Golden Wing","floor":2,"gold_loss":0},{"damage_healed":0,"gold_gain":0,"player_choice":"Success","damage_taken":18,"relics_obtained":["Orichalcum"],"max_hp_gain":0,"max_hp_loss":0,"event_name":"Scrap Ooze","floor":4,"gold_loss":0},{"damage_healed":0,"gold_gain":175,"player_choice":"AGREE","damage_taken":0,"max_hp_gain":0,"max_hp_loss":0,"event_name":"Liars Game","floor":7,"gold_loss":0,"cards_obtained":["Doubt"]}],"is_beta":false,"boss_relics":[],"items_purged_floors":[],"is_endless":false,"potions_floor_spawned":[10,11,12],"killed_by":"Hexaghost","ascension_level":5}