{"gold_per_floor":[114,128,203,203,203,203,230,240,240,240,273,169,169],"floor_reached":13,"playtime":650,"items_purged":["Strike_R"],"score":182,"play_id":"f2eb03c0-1385-4668-95bf-f70fa93345d6","local_time":"20190504192306","is_ascension_mode":true,"campfire_choices":[{"floor":6,"key":"REST"},{"data":"Perfected Strike","floor":10,"key":"SMITH"}],"neow_cost":"PERCENT_DAMAGE","seed_source_timestamp":653928360821803,"circlet_count":0,"master_deck":["AscendersBane","Strike_R+1","Strike_R+1","Strike_R","Defend_R","Defend_R","Defend_R","Defend_R","Bash","Perfected Strike+1","Dropkick","Sword Boomerang","Offering","Dropkick","True Grit"],"relics":["Burning Blood","Thread and Needle","Du-Vu Doll","Champion Belt","Torii"],"potions_floor_usage":[11,13],"damage_taken":[{"damage":2,"enemies":"2 Louse","floor":1,"turns":4},{"damage":8,"enemies":"Jaw Worm","floor":2,"turns":3},{"damage":24,"enemies":"Gremlin Nob","floor":7,"turns":4},{"damage":0,"enemies":"Small Slimes","floor":8,"turns":3},{"damage":31,"enemies":"3 Sentries","floor":11,"turns":8},{"damage":12,"enemies":"3 Sentries","floor":13,"turns":6}],"seed_played":"-8642650690953733497","potions_obtained":[{"floor":2,"key":"BloodPotion"},{"floor":7,"key":"Block Potion"}],"is_trial":false,"path_per_floor":["M","M","?","?","?","R","E","M","T","R","E","$","?"],"character_chosen":"IRONCLAD","items_purchased":["True Grit"],"campfire_rested":1,"item_purchase_floors":[12],"current_hp_per_floor":[54,52,41,18,18,40,22,28,28,28,10,10,0],"gold":169,"neow_bonus":"ONE_RARE_RELIC","is_prod":false,"is_daily":false,"chose_seed":false,"campfire_upgraded":1,"win_rate":0,"timestamp":1557012186,"path_taken":["M","M","?","?","?","R","E","?","T","R","E","$","?"],"build_version":"2019-01-23","purchased_purges":1,"victory":false,"max_hp_per_floor":[75,75,75,75,75,75,75,75,75,75,75,75,75],"card_choices":[{"not_picked":["Flex","Clothesline"],"picked":"Perfected Strike","floor":1},{"not_picked":["Armaments","Seeing Red"],"picked":"Dropkick","floor":2},{"not_picked":["Armaments","Second Wind"],"picked":"Sword Boomerang","floor":7},{"not_picked":["True Grit","Headbutt"],"picked":"Offering","floor":8},{"not_picked":["Rupture","Inflame"],"picked":"Dropkick","floor":11}],"player_experience":854976,"relics_obtained":[{"floor":7,"key":"Du-Vu Doll"},{"floor":9,"key":"Champion Belt"},{"floor":11,"key":"Torii"}],"event_choices":[{"damage_healed":0,"gold_gain":75,"player_choice":"Gather Gold","damage_taken":11,"max_hp_gain":0,"max_hp_loss":0,"event_name":"World of Goop","floor":3,"gold_loss":0},{"damage_healed":0,"gold_gain":0,"player_choice":"Entered Light","damage_taken":23,"max_hp_gain":0,"max_hp_loss":0,"event_name":"Shining Light","floor":4,"gold_loss":0,"cards_upgraded":["Strike_R","Strike_R"]},{"cards_removed":["Strike_R"],"damage_healed":0,"gold_gain":0,"player_choice":"Card Removal","damage_taken":0,"max_hp_gain":0,"max_hp_loss":0,"event_name":"Wheel of Change","floor":5,"gold_loss":0},{"damage_healed":0,"gold_gain":0,"player_choice":"Searched \u00271\u0027 times","damage_taken":0,"max_hp_gain":0,"max_hp_loss":0,"event_name":"Dead Adventurer","floor":13,"gold_loss":0}],"is_beta":false,"boss_relics":[],"items_purged_floors":[12],"is_endless":false,"potions_floor_spawned":[2,7,8],"killed_by":"3 Sentries","ascension_level":20}