{"gold_per_floor":[116,133,12,30,45,45,75,75,129,129,155,9,20,20,20,120,120,120,120,120,120,94,94,94,94,94,94,94,94,94,94,94,94,94,94,94,94,24,24,24,24,24,24,24,24,24,24,24,24,24],"floor_reached":51,"playtime":3314,"items_purged":["Strike_B"],"score":914,"play_id":"7dc18db1-b2dd-4fdf-9ead-b87cf8aa4747","local_time":"20190426003530","is_ascension_mode":true,"campfire_choices":[{"data":"Zap","floor":6,"key":"SMITH"},{"data":"Conserve Battery","floor":8,"key":"SMITH"},{"data":"All For One","floor":10,"key":"SMITH"},{"data":"Dualcast","floor":15,"key":"SMITH"},{"data":"Buffer","floor":23,"key":"SMITH"},{"floor":25,"key":"REST"},{"data":"Go for the Eyes","floor":27,"key":"SMITH"},{"data":"Blizzard","floor":32,"key":"SMITH"},{"data":"Streamline","floor":40,"key":"SMITH"},{"data":"Loop","floor":45,"key":"SMITH"},{"floor":49,"key":"REST"}],"neow_cost":"NONE","seed_source_timestamp":1264348941405500,"circlet_count":0,"master_deck":["Strike_B","Strike_B","Defend_B","Defend_B","Defend_B","Defend_B","Zap+1","Dualcast+1","Conserve Battery+1","Go for the Eyes+1","Ball Lightning","All For One+1","Ball Lightning","Glacier+1","Redo+1","Hologram+1","Buffer+1","Steam+1","Genetic Algorithm+1","Cold Snap","Conserve Battery+1","Coolheaded+1","Hologram+1","Capacitor","White Noise+1","Blizzard+1","Stack+1","Thunder Strike","Steam+1","Streamline+1","Skim+1","Loop+1"],"relics":["Cracked Core","Toxic Egg 2","Pen Nib","Anchor","Bronze Scales","Ectoplasm","Ancient Tea Set","Meat on the Bone","Ornamental Fan","Busted Crown","Bottled Flame","Letter Opener","MawBank"],"potions_floor_usage":[29,42,50],"damage_taken":[{"damage":1,"enemies":"Cultist","floor":1,"turns":3},{"damage":0,"enemies":"2 Louse","floor":2,"turns":2},{"damage":0,"enemies":"Small Slimes","floor":4,"turns":3},{"damage":0,"enemies":"2 Fungi Beasts","floor":5,"turns":3},{"damage":7,"enemies":"Gremlin Nob","floor":7,"turns":3},{"damage":10,"enemies":"Lagavulin","floor":11,"turns":5},{"damage":0,"enemies":"Red Slaver","floor":13,"turns":2},{"damage":6,"enemies":"The Guardian","floor":16,"turns":9},{"damage":4,"enemies":"Shell Parasite","floor":18,"turns":4},{"damage":0,"enemies":"Chosen","floor":19,"turns":4},{"damage":0,"enemies":"Snecko","floor":20,"turns":3},{"damage":4,"enemies":"Snake Plant","floor":21,"turns":4},{"damage":47,"enemies":"Gremlin Leader","floor":24,"turns":10},{"damage":1,"enemies":"Centurion and Healer","floor":28,"turns":8},{"damage":9,"enemies":"Slavers","floor":29,"turns":5},{"damage":1,"enemies":"Snecko","floor":30,"turns":6},{"damage":0,"enemies":"Cultist and Chosen","floor":31,"turns":6},{"damage":6,"enemies":"Collector","floor":33,"turns":10},{"damage":0,"enemies":"Orb Walker","floor":35,"turns":4},{"damage":3,"enemies":"3 Darklings","floor":36,"turns":6},{"damage":5,"enemies":"Maw","floor":41,"turns":8},{"damage":43,"enemies":"Giant Head","floor":42,"turns":11},{"damage":15,"enemies":"Writhing Mass","floor":44,"turns":5},{"damage":8,"enemies":"Nemesis","floor":46,"turns":7},{"damage":2,"enemies":"3 Darklings","floor":47,"turns":6},{"damage":0,"enemies":"Sphere and 2 Shapes","floor":48,"turns":4},{"damage":17,"enemies":"Time Eater","floor":50,"turns":12}],"seed_played":"-7087601602037506078","potions_obtained":[{"floor":1,"key":"FearPotion"},{"floor":7,"key":"Explosive Potion"},{"floor":13,"key":"Swift Potion"},{"floor":29,"key":"Energy Potion"},{"floor":30,"key":"SkillPotion"},{"floor":35,"key":"PowerPotion"},{"floor":36,"key":"FairyPotion"},{"floor":44,"key":"FearPotion"}],"is_trial":false,"path_per_floor":["M","M","$","M","M","R","E","R","T","R","E","$","M","$","R","B",null,"M","M","M","M","$","R","E","R","T","R","M","E","M","M","R","B",null,"M","M","?","$","?","R","M","E","T","M","R","E","M","M","R","B",null],"character_chosen":"DEFECT","items_purchased":["Ball Lightning","Bronze Scales","Coolheaded+1","Skim+1"],"campfire_rested":2,"item_purchase_floors":[3,12,22,38],"current_hp_per_floor":[81,81,81,81,81,81,74,74,74,74,64,64,64,64,64,58,76,72,72,72,68,68,68,21,45,45,45,44,47,46,46,46,52,75,75,72,72,72,72,72,67,36,36,33,33,37,47,47,71,54],"gold":24,"neow_bonus":"TEN_PERCENT_HP_BONUS","is_prod":false,"is_daily":false,"chose_seed":false,"campfire_upgraded":9,"win_rate":0,"timestamp":1556264130,"path_taken":["M","M","$","M","M","R","E","R","T","R","E","?","M","?","R","BOSS","M","?","M","M","$","R","E","R","T","R","M","E","M","M","R","BOSS","M","M","?","?","?","R","M","E","T","M","R","E","M","?","R","BOSS"],"build_version":"2019-01-23","purchased_purges":1,"victory":true,"max_hp_per_floor":[82,82,82,82,82,82,82,82,82,82,82,82,82,82,82,82,82,82,82,82,82,82,82,82,82,82,82,82,82,82,82,82,82,82,82,82,82,82,82,82,82,82,82,82,82,82,82,82,82,82],"card_choices":[{"not_picked":["Leap","Hologram"],"picked":"Conserve Battery","floor":1},{"not_picked":["Gash","Static Discharge"],"picked":"Go for the Eyes","floor":2},{"not_picked":["Sweeping Beam","Auto Shields"],"picked":"All For One","floor":4},{"not_picked":["Sweeping Beam","Static Discharge"],"picked":"Ball Lightning","floor":5},{"not_picked":["Recycle","Steam"],"picked":"Glacier","floor":7},{"not_picked":["Stack+1","Barrage"],"picked":"Redo+1","floor":11},{"not_picked":["Storm","Skim+1"],"picked":"Hologram+1","floor":13},{"not_picked":["Machine Learning","Multi-Cast+1"],"picked":"Buffer","floor":16},{"not_picked":["Recycle+1","Redo+1"],"picked":"Steam+1","floor":18},{"not_picked":["Force Field+1","Sunder+1"],"picked":"Genetic Algorithm+1","floor":19},{"not_picked":["Rebound+1","Chaos+1"],"picked":"Cold Snap","floor":20},{"not_picked":["Cold Snap","Leap+1"],"picked":"Conserve Battery+1","floor":21},{"not_picked":["Barrage","Compile Driver"],"picked":"Hologram+1","floor":24},{"not_picked":["Scrape+1","Rip and Tear+1"],"picked":"Capacitor","floor":28},{"not_picked":["Undo+1","Ball Lightning"],"picked":"White Noise+1","floor":29},{"not_picked":["Reboot+1","Ball Lightning+1"],"picked":"Blizzard","floor":30},{"not_picked":["Redo+1","Compile Driver+1"],"picked":"Stack+1","floor":31},{"not_picked":["Buffer","Machine Learning"],"picked":"Thunder Strike","floor":33},{"not_picked":[],"picked":"Steam+1","floor":35},{"not_picked":[],"picked":"Streamline","floor":36},{"not_picked":["Tempest+1"],"picked":"SKIP","floor":41},{"not_picked":[],"picked":"Loop","floor":42},{"not_picked":["Streamline+1"],"picked":"SKIP","floor":44},{"not_picked":["Genetic Algorithm+1"],"picked":"SKIP","floor":46},{"not_picked":["Melter+1"],"picked":"SKIP","floor":47},{"not_picked":["Sweeping Beam"],"picked":"SKIP","floor":48}],"player_experience":368989,"relics_obtained":[{"floor":7,"key":"Toxic Egg 2"},{"floor":9,"key":"Pen Nib"},{"floor":11,"key":"Anchor"},{"floor":24,"key":"Ancient Tea Set"},{"floor":26,"key":"Meat on the Bone"},{"floor":29,"key":"Ornamental Fan"},{"floor":42,"key":"Bottled Flame"},{"floor":43,"key":"Letter Opener"},{"floor":46,"key":"MawBank"}],"event_choices":[{"damage_healed":0,"gold_gain":0,"player_choice":"Ignored","damage_taken":0,"max_hp_gain":0,"max_hp_loss":0,"event_name":"SecretPortal","floor":37,"gold_loss":0},{"cards_removed":["Strike_B"],"damage_healed":0,"gold_gain":0,"player_choice":"Offered Basic","damage_taken":0,"max_hp_gain":0,"max_hp_loss":0,"event_name":"Bonfire Elementals","floor":39,"gold_loss":0}],"is_beta":false,"boss_relics":[{"not_picked":["Philosopher\u0027s Stone","Black Star"],"picked":"Ectoplasm"},{"not_picked":["Nuclear Battery","Snecko Eye"],"picked":"Busted Crown"}],"items_purged_floors":[3],"is_endless":false,"potions_floor_spawned":[1,7,13,20,24,29,30,35,36,44,47],"ascension_level":5}