{"path_per_floor":["M","$","?","M","?","E","R","M","T","R","M","M","?","?","R","B",null,"M","$","M","M","M","E","R","M","T","R","M","$","?","M","R","B",null,"M","M","?","M","?","R","M","R","T","M","R","M","T","M","R"],"character_chosen":"DEFECT","items_purchased":["Redo","Unceasing Top"],"gold_per_floor":[112,90,40,55,55,90,90,109,109,109,120,131,206,206,206,303,303,303,65,65,65,65,65,65,65,65,65,65,65,65,65,65,65,65,65,65,65,65,65,65,65,65,65,65,65,65,65,65,65,65],"floor_reached":50,"campfire_rested":7,"playtime":3925,"item_purchase_floors":[2,19],"current_hp_per_floor":[73,73,73,69,69,49,49,38,38,60,60,52,41,41,41,16,75,75,75,61,39,17,10,32,18,18,40,28,28,28,15,37,13,75,52,18,18,7,26,48,20,42,42,32,54,37,37,53,53,0],"items_purged":[],"gold":65,"score":491,"play_id":"72bcc56d-4ec2-49dc-a492-43ed6e35c41d","local_time":"20180608214744","is_prod":false,"is_daily":false,"chose_seed":false,"is_ascension_mode":true,"campfire_upgraded":3,"win_rate":0.0,"timestamp":1528519664,"campfire_choices":[{"data":"Echo Form","floor":7,"key":"SMITH"},{"floor":10,"key":"REST"},{"data":"Rainbow","floor":15,"key":"SMITH"},{"floor":24,"key":"REST"},{"floor":27,"key":"REST"},{"floor":32,"key":"REST"},{"floor":40,"key":"REST"},{"floor":42,"key":"REST"},{"floor":45,"key":"REST"},{"data":"Reinforced Body","floor":49,"key":"SMITH"}],"path_taken":["M","$","?","M","?","E","R","M","T","R","M","?","?","?","R","BOSS","M","$","?","M","M","E","R","M","T","R","M","$","?","M","R","BOSS","M","?","?","M","?","R","M","R","T","M","R","M","?","M","R","BOSS"],"build_version":"2018-06-07v3","seed_source_timestamp":3389887549511,"purchased_purges":0,"victory":false,"master_deck":["Strike_B","Strike_B","Defend_B","Defend_B","Defend_B","Defend_B","Zap","Dualcast","Echo Form+1","Capacitor","Redo","Doom and Gloom","Rainbow+1","Conserve Battery","Skim","Melter","Electrodynamics","Conserve Battery","Consume+1","Steam","Conserve Battery","Reinforced Body+1","Stack+1","Redo","Leap","Amplify","Redo+1","Glacier+1","Writhe","Reprogram+1","Fusion+1","Self Repair","White Noise+1"],"max_hp_per_floor":[75,75,75,75,75,75,75,75,75,75,75,75,75,75,75,75,75,75,75,75,75,75,75,75,75,75,75,75,75,75,75,75,75,75,75,75,75,75,75,75,75,75,75,75,75,75,75,75,75,75],"relics":["Cracked Core","Letter Opener","The Courier","Ectoplasm","Unceasing Top","Art of War","Anchor","Lizard Tail","Meat on the Bone","Smiling Mask"],"card_choices":[{"not_picked":["Go for the Eyes","Gash"],"picked":"Capacitor","floor":1},{"not_picked":["Leap","Compile Driver"],"picked":"Doom and Gloom","floor":4},{"not_picked":["Coolheaded","Rebound"],"picked":"Rainbow","floor":6},{"not_picked":["Ball Lightning","Skim"],"picked":"Conserve Battery","floor":8},{"not_picked":["Hologram","Aggregate"],"picked":"Skim","floor":11},{"not_picked":["Coolheaded","Steam"],"picked":"Melter","floor":12},{"not_picked":["Echo Form","Amplify"],"picked":"Electrodynamics","floor":16},{"not_picked":["Rebound","Scrape"],"picked":"Conserve Battery","floor":18},{"not_picked":["Barrage+1","Glacier"],"picked":"Consume+1","floor":20},{"not_picked":["Beam Cell","Compile Driver+1"],"picked":"Steam","floor":21},{"not_picked":["Consume","Go for the Eyes"],"picked":"Conserve Battery","floor":22},{"not_picked":["Rebound+1","Undo"],"picked":"Reinforced Body","floor":23},{"not_picked":["Melter","Cold Snap"],"picked":"Stack+1","floor":25},{"not_picked":["Beam Cell","Hologram+1"],"picked":"Redo","floor":28},{"not_picked":["Stack","Conserve Battery"],"picked":"Leap","floor":31},{"not_picked":["Echo Form","Electrodynamics"],"picked":"Amplify","floor":33},{"not_picked":["Barrage+1","Coolheaded","Cold Snap"],"picked":"SKIP","floor":35},{"not_picked":["Chaos","Stack"],"picked":"Redo+1","floor":36},{"not_picked":["Genetic Algorithm+1","Aggregate"],"picked":"Glacier+1","floor":38},{"not_picked":["Amplify","Melter"],"picked":"Reprogram+1","floor":41},{"not_picked":["Barrage+1","BootSequence"],"picked":"Fusion+1","floor":44},{"not_picked":["Chill+1","Rip and Tear"],"picked":"Self Repair","floor":46},{"not_picked":["Go for the Eyes","Gash+1"],"picked":"White Noise+1","floor":48}],"player_experience":227471,"potions_floor_usage":[16,23,23,25,33,36,46,50],"damage_taken":[{"damage":2,"enemies":"Small Slimes","floor":1,"turns":4},{"damage":4,"enemies":"Cultist","floor":4,"turns":4},{"damage":20,"enemies":"Gremlin Nob","floor":6,"turns":4},{"damage":11,"enemies":"Jaw Worm","floor":8,"turns":3},{"damage":0,"enemies":"Large Slime","floor":11,"turns":5},{"damage":8,"enemies":"Exordium Wildlife","floor":12,"turns":3},{"damage":25,"enemies":"Slime Boss","floor":16,"turns":8},{"damage":0,"enemies":"Spheric Guardian","floor":18,"turns":1},{"damage":14,"enemies":"Chosen","floor":20,"turns":5},{"damage":22,"enemies":"Centurion and Healer","floor":21,"turns":5},{"damage":22,"enemies":"Cultist and Chosen","floor":22,"turns":5},{"damage":7,"enemies":"Book of Stabbing","floor":23,"turns":5},{"damage":14,"enemies":"Snake Plant","floor":25,"turns":3},{"damage":12,"enemies":"3 Cultists","floor":28,"turns":4},{"damage":13,"enemies":"Slaver and Parasite","floor":31,"turns":9},{"damage":24,"enemies":"Champ","floor":33,"turns":11},{"damage":23,"enemies":"Orb Walker","floor":35,"turns":5},{"damage":34,"enemies":"3 Darklings","floor":36,"turns":5},{"damage":11,"enemies":"Maw","floor":38,"turns":10},{"damage":28,"enemies":"4 Shapes","floor":41,"turns":5},{"damage":22,"enemies":"3 Darklings","floor":44,"turns":5},{"damage":29,"enemies":"Sphere and 2 Shapes","floor":46,"turns":5},{"damage":3,"enemies":"4 Shapes","floor":48,"turns":4},{"damage":101,"enemies":"Time Eater","floor":50,"turns":10}],"relics_obtained":[{"floor":6,"key":"Letter Opener"},{"floor":9,"key":"The Courier"},{"floor":23,"key":"Art of War"},{"floor":26,"key":"Anchor"},{"floor":43,"key":"Meat on the Bone"},{"floor":47,"key":"Smiling Mask"}],"event_choices":[{"event_name":"The Cleric","player_choice":"Card Removal","floor":3,"damage_taken":0},{"event_name":"The Woman in Blue","player_choice":"Bought 0 Potions","floor":5,"damage_taken":0},{"event_name":"World of Goop","player_choice":"Gather Gold","floor":13,"damage_taken":0},{"event_name":"Liars Game","player_choice":"disagreed","floor":14,"damage_taken":0},{"event_name":"N\u0027loth","player_choice":"Ignored","floor":30,"damage_taken":0},{"event_name":"Falling","player_choice":"Removed Attack","floor":37,"damage_taken":0},{"event_name":"Winding Halls","player_choice":"Writhe","floor":39,"damage_taken":0}],"boss_relics":[{"not_picked":["Tiny House","Runic Dome"],"picked":"Ectoplasm"},{"not_picked":["Runic Pyramid","Pandora\u0027s Box"],"picked":"Lizard Tail"}],"items_purged_floors":[],"potions_floor_spawned":[4,8,11,16,20,23,31,35,44,46],"seed_played":"-1565524629232456273","killed_by":"Time Eater","ascension_level":1,"potions_obtained":[{"floor":4,"key":"Energy Potion"},{"floor":8,"key":"GamblersBrew"},{"floor":11,"key":"Strength Potion"},{"floor":16,"key":"Block Potion"},{"floor":23,"key":"EssenceOfSteel"},{"floor":31,"key":"Fire Potion"},{"floor":35,"key":"EssenceOfSteel"},{"floor":44,"key":"Strength Potion"},{"floor":46,"key":"Poison Potion"}],"is_trial":false}