{"gold_per_floor":[115,65,65,65,81,114,139,154,179,197,237,256,256,277,277,396,396,410,431,37,37],"floor_reached":21,"playtime":915,"items_purged":[],"score":349,"play_id":"d8f819f9-a879-473e-98e7-0effa96e05ca","local_time":"20190413135843","is_ascension_mode":true,"campfire_choices":[{"floor":13,"key":"REST"},{"floor":15,"key":"REST"}],"neow_cost":"NONE","seed_source_timestamp":220648799209500,"circlet_count":0,"master_deck":["AscendersBane","Zap","Dualcast","Redo","Injury","Glacier","Redo","Undo","Thunder Strike","Redo","Conserve Battery","Doom and Gloom","Fission","Sunder","Self Repair","Force Field","Reprogram","Double Energy","Core Surge","Loop","Blizzard+1","Bandage Up","Leap","Storm","Mayhem"],"relics":["Cracked Core","NeowsBlessing","Golden Idol","Omamori","PreservedInsect","Smiling Mask","Pandora\u0027s Box"],"potions_floor_usage":[11,18,21],"damage_taken":[{"damage":0,"enemies":"Jaw Worm","floor":1,"turns":1},{"damage":0,"enemies":"Small Slimes","floor":5,"turns":1},{"damage":0,"enemies":"Lagavulin","floor":6,"turns":1},{"damage":1,"enemies":"Cultist","floor":7,"turns":5},{"damage":5,"enemies":"2 Fungi Beasts","floor":8,"turns":4},{"damage":4,"enemies":"Exordium Thugs","floor":10,"turns":6},{"damage":30,"enemies":"3 Sentries","floor":11,"turns":9},{"damage":0,"enemies":"Blue Slaver","floor":12,"turns":4},{"damage":6,"enemies":"Large Slime","floor":14,"turns":5},{"damage":53,"enemies":"Hexaghost","floor":16,"turns":11},{"damage":28,"enemies":"Chosen","floor":18,"turns":7},{"damage":35,"enemies":"Spheric Guardian","floor":19,"turns":5},{"damage":15,"enemies":"Centurion and Healer","floor":21,"turns":2}],"seed_played":"8807358215783304465","potions_obtained":[{"floor":5,"key":"SkillPotion"},{"floor":7,"key":"FearPotion"},{"floor":16,"key":"Block Potion"},{"floor":18,"key":"Weak Potion"}],"is_trial":false,"path_per_floor":["M","?","?","?","M","E","M","M","T","M","E","M","R","M","R","B",null,"M","M","$","M"],"character_chosen":"DEFECT","items_purchased":["Bandage Up","Leap","Storm","Mayhem"],"campfire_rested":2,"item_purchase_floors":[20,20,20,20],"current_hp_per_floor":[68,68,68,68,68,68,67,62,62,58,28,28,50,44,66,13,60,39,11,11,0],"gold":37,"neow_bonus":"THREE_ENEMY_KILL","is_prod":false,"is_daily":false,"chose_seed":false,"campfire_upgraded":0,"win_rate":0,"timestamp":1555156723,"path_taken":["M","?","?","?","M","E","M","M","T","M","E","M","R","M","R","BOSS","M","M","$","M"],"build_version":"2019-01-23","purchased_purges":0,"victory":false,"max_hp_per_floor":[75,75,75,75,75,75,75,75,75,75,75,75,75,75,75,75,75,75,75,75,75],"card_choices":[{"not_picked":["Go for the Eyes","Hologram"],"picked":"Redo","floor":1},{"not_picked":["Reprogram","Coolheaded"],"picked":"Redo","floor":5},{"not_picked":["Sweeping Beam","Steam","Go for the Eyes"],"picked":"SKIP","floor":6},{"not_picked":["Streamline","Hologram"],"picked":"Undo","floor":7},{"not_picked":["Leap","Compile Driver"],"picked":"Thunder Strike","floor":8},{"not_picked":["Rip and Tear","Leap"],"picked":"Redo","floor":10},{"not_picked":["Streamline","Go for the Eyes"],"picked":"Conserve Battery","floor":11},{"not_picked":["Heatsinks","Skim"],"picked":"Doom and Gloom","floor":12},{"not_picked":["Redo","Streamline","Conserve Battery"],"picked":"SKIP","floor":14},{"not_picked":["Machine Learning","Echo Form"],"picked":"Fission","floor":16},{"not_picked":["Redo","Conserve Battery"],"picked":"Loop","floor":18},{"not_picked":["Conserve Battery","Stack+1"],"picked":"Blizzard+1","floor":19}],"player_experience":1685327,"relics_obtained":[{"floor":6,"key":"Omamori"},{"floor":9,"key":"PreservedInsect"},{"floor":11,"key":"Smiling Mask"}],"event_choices":[{"cards_removed":["Strike_B"],"damage_healed":0,"gold_gain":0,"player_choice":"Card Removal","damage_taken":0,"max_hp_gain":0,"max_hp_loss":0,"event_name":"The Cleric","floor":2,"gold_loss":50},{"damage_healed":0,"gold_gain":0,"player_choice":"Take Wound","damage_taken":0,"relics_obtained":["Golden Idol"],"max_hp_gain":0,"max_hp_loss":0,"event_name":"Golden Idol","floor":3,"gold_loss":0,"cards_obtained":["Injury"]},{"damage_healed":0,"gold_gain":0,"cards_transformed":["Strike_B"],"player_choice":"Transformed","damage_taken":0,"max_hp_gain":0,"max_hp_loss":0,"event_name":"Transmorgrifier","floor":4,"gold_loss":0,"cards_obtained":["Glacier"]}],"is_beta":false,"boss_relics":[{"not_picked":["Empty Cage","Tiny House"],"picked":"Pandora\u0027s Box"}],"items_purged_floors":[],"is_endless":false,"potions_floor_spawned":[5,7,10,16,18],"killed_by":"Centurion and Healer","ascension_level":12}