{"gold_per_floor":[209,209,209,221,46,46,60,71,98,126,111],"floor_reached":11,"playtime":592,"items_purged":[],"score":88,"play_id":"177ee54f-a4bc-4293-b371-e5ab9555f6ed","local_time":"20190104235724","is_ascension_mode":true,"campfire_choices":[{"data":"Rip and Tear","floor":6,"key":"SMITH"}],"neow_cost":"NONE","seed_source_timestamp":728939329558303,"circlet_count":0,"master_deck":["Strike_B","Strike_B","Strike_B","Defend_B","Defend_B","Defend_B","Defend_B","Zap","Dualcast","Rip and Tear+1","Regret","All For One","Reinforced Body","Swift Strike","FTL","Leap","Streamline","Tempest"],"relics":["Cracked Core","Pen Nib","Art of War","Smiling Mask"],"potions_floor_usage":[8,8],"damage_taken":[{"damage":9,"enemies":"Jaw Worm","floor":1,"turns":4},{"damage":15,"enemies":"Small Slimes","floor":4,"turns":3},{"damage":4,"enemies":"Cultist","floor":7,"turns":2},{"damage":14,"enemies":"Exordium Thugs","floor":8,"turns":3},{"damage":20,"enemies":"Gremlin Nob","floor":10,"turns":3},{"damage":14,"enemies":"Looter","floor":11,"turns":1}],"seed_played":"7724308599951884588","potions_obtained":[{"floor":1,"key":"LiquidBronze"},{"floor":4,"key":"Weak Potion"},{"floor":7,"key":"PowerPotion"}],"is_trial":false,"path_per_floor":["M","?","?","M","$","R","M","M","T","E","M"],"character_chosen":"DEFECT","items_purchased":["Swift Strike","FTL"],"campfire_rested":0,"item_purchase_floors":[5,5],"current_hp_per_floor":[66,66,66,51,51,51,47,33,33,13,0],"gold":111,"neow_bonus":"HUNDRED_GOLD","is_prod":false,"is_daily":false,"chose_seed":false,"campfire_upgraded":1,"win_rate":0,"timestamp":1546675044,"path_taken":["M","?","?","M","$","R","?","M","T","E","M"],"build_version":"2019-01-03v4","purchased_purges":0,"victory":false,"max_hp_per_floor":[75,75,75,75,75,75,75,75,75,75,75],"card_choices":[{"not_picked":["Conserve Battery","Glacier"],"picked":"Rip and Tear","floor":1},{"not_picked":["Redo","Coolheaded"],"picked":"Reinforced Body","floor":4},{"not_picked":["Skim","Streamline"],"picked":"Leap","floor":7},{"not_picked":["Redo","Recycle"],"picked":"Streamline","floor":8},{"not_picked":["Consume","Compile Driver"],"picked":"Tempest","floor":10}],"player_experience":434260,"relics_obtained":[{"floor":9,"key":"Art of War"},{"floor":10,"key":"Smiling Mask"}],"event_choices":[{"damage_healed":0,"gold_gain":0,"player_choice":"Box","damage_taken":0,"relics_obtained":["Pen Nib"],"max_hp_gain":0,"max_hp_loss":0,"event_name":"Big Fish","floor":2,"gold_loss":0,"cards_obtained":["Regret"]},{"damage_healed":0,"gold_gain":0,"cards_transformed":["Strike_B"],"player_choice":"Transformed","damage_taken":0,"max_hp_gain":0,"max_hp_loss":0,"event_name":"Transmorgrifier","floor":3,"gold_loss":0,"cards_obtained":["All For One"]}],"is_beta":false,"boss_relics":[],"items_purged_floors":[],"is_endless":false,"potions_floor_spawned":[1,4,7],"killed_by":"Looter","ascension_level":4}