{"path_per_floor":["M","?","?","M","M","E","R","M","T","R","M","R","$","M","R","B",null,"M","?","M"],"character_chosen":"THE_SILENT","items_purchased":["Footwork","Backflip"],"gold_per_floor":[116,116,116,141,159,193,193,209,283,283,262,262,87,106,106,226,226,195,195,205],"floor_reached":21,"campfire_rested":4,"playtime":1362,"current_hp_per_floor":[69,69,62,61,61,7,28,25,25,46,36,57,57,46,67,21,70,63,63,68],"items_purged":["Strike_G"],"gold":205,"score":199,"play_id":"99898dbd-327a-4e3a-8ce4-b37cca71e87a","is_prod":false,"is_daily":false,"is_ascension_mode":true,"campfire_upgraded":0,"path_taken":["M","?","?","M","M","E","R","?","T","R","M","R","?","M","R","BOSS","M","?","M","M"],"build_version":"2018-02-22-PROD2","purchased_purges":1,"victory":false,"master_deck":["Defend_G","Defend_G","Defend_G","Defend_G","Defend_G","Strike_G","Strike_G","Strike_G","Survivor","Neutralize","Outmaneuver","Malaise","Endless Agony","Terror","PiercingWail","Noxious Fumes","Footwork","Backflip","Leg Sweep","Glass Knife","Skewer","Catalyst"],"max_hp_per_floor":[70,70,70,70,70,70,70,70,70,70,70,70,70,70,70,70,70,70,70,70],"relics":["Ring of the Snake","Bloody Idol","Dodecahedron","Mummified Hand","Cursed Key"],"card_choices":[{"not_picked":["Poisoned Stab","Dagger Throw"],"picked":"Outmaneuver"},{"not_picked":["Catalyst","Backflip"],"picked":"Malaise"},{"not_picked":["Eviscerate","Flying Knee"],"picked":"Endless Agony"},{"not_picked":["Sucker Punch","PiercingWail"],"picked":"Terror"},{"not_picked":["Deadly Poison","Prepared"],"picked":"PiercingWail"},{"not_picked":["Quick Slash","Deadly Poison"],"picked":"Noxious Fumes"},{"not_picked":["Quick Slash","Poisoned Stab"],"picked":"Leg Sweep"},{"not_picked":["Phantasmal Killer","Envenom"],"picked":"Glass Knife"},{"not_picked":["PiercingWail","Dodge and Roll"],"picked":"Skewer"},{"not_picked":["PiercingWail","Sucker Punch"],"picked":"Catalyst"}],"player_experience":139730,"potions_floor_usage":[6,16],"damage_taken":[{"damage":1,"enemies":"2 Louse","floor":1,"turns":4},{"damage":1,"enemies":"Small Slimes","floor":4,"turns":5},{"damage":0,"enemies":"Jaw Worm","floor":5,"turns":6},{"damage":54,"enemies":"Gremlin Nob","floor":6,"turns":7},{"damage":3,"enemies":"Blue Slaver","floor":8,"turns":4},{"damage":10,"enemies":"Exordium Thugs","floor":11,"turns":5},{"damage":11,"enemies":"Large Slime","floor":14,"turns":11},{"damage":46,"enemies":"Slime Boss","floor":16,"turns":21},{"damage":7,"enemies":"2 Thieves","floor":18,"turns":5},{"damage":0,"enemies":"Chosen","floor":20,"turns":5},{"damage":85,"enemies":"3 Cultists","floor":21,"turns":9}],"event_choices":[{"event_name":"Golden Idol","player_choice":"Take Wound","floor":2,"damage_taken":0},{"event_name":"Golden Wing","player_choice":"Card Removal","floor":3,"damage_taken":0},{"event_name":"Forgotten Altar","player_choice":"Gave Idol","floor":19,"damage_taken":0}],"boss_relics":[{"not_picked":["Black Star","Orrery"],"picked":"Cursed Key"}],"potions_floor_spawned":[4,5,11],"seed_played":"3541889111710333064","killed_by":"3 Cultists","ascension_level":2,"is_trial":false}