{"gold_per_floor":[109,34,34,34,51,51,83,101,125,125,144,159,159,197,197,197],"floor_reached":16,"playtime":849,"items_purged":["Normality"],"score":143,"play_id":"f8cdee78-c241-4f95-abde-f2a2ebe5f125","local_time":"20190426194223","is_ascension_mode":true,"campfire_choices":[{"data":"Cloak And Dagger","floor":6,"key":"SMITH"},{"floor":13,"key":"REST"},{"floor":15,"key":"REST"}],"neow_cost":"CURSE","seed_source_timestamp":1335635273383100,"circlet_count":0,"master_deck":["Defend_G","Defend_G","Defend_G","Defend_G","Defend_G","Strike_G","Strike_G","Strike_G","Strike_G","Strike_G","Survivor","Neutralize","Backstab","Cloak And Dagger+1","Finisher","Poisoned Stab","Cloak And Dagger","Flying Knee","Crippling Poison"],"relics":["Ring of the Snake","Calipers","Lantern","Oddly Smooth Stone","Golden Idol","Anchor"],"potions_floor_usage":[16,16],"damage_taken":[{"damage":1,"enemies":"Small Slimes","floor":1,"turns":4},{"damage":0,"enemies":"Cultist","floor":5,"turns":4},{"damage":20,"enemies":"3 Sentries","floor":7,"turns":12},{"damage":2,"enemies":"Jaw Worm","floor":8,"turns":3},{"damage":0,"enemies":"Looter","floor":11,"turns":2},{"damage":0,"enemies":"Exordium Wildlife","floor":12,"turns":3},{"damage":17,"enemies":"Lagavulin","floor":14,"turns":6},{"damage":51,"enemies":"The Guardian","floor":16,"turns":15}],"seed_played":"5029832826261484020","potions_obtained":[{"floor":8,"key":"Weak Potion"},{"floor":12,"key":"Strength Potion"}],"is_trial":false,"path_per_floor":["M","$","?","$","M","R","E","M","T","?","M","M","R","E","R","B"],"character_chosen":"THE_SILENT","items_purchased":[],"campfire_rested":2,"item_purchase_floors":[],"current_hp_per_floor":[62,62,62,62,62,62,42,40,40,23,23,23,44,27,48,0],"gold":197,"neow_bonus":"ONE_RARE_RELIC","is_prod":false,"is_daily":false,"chose_seed":false,"campfire_upgraded":1,"win_rate":0,"timestamp":1556332943,"path_taken":["M","$","?","?","M","R","E","M","T","?","M","M","R","E","R","BOSS"],"build_version":"2019-01-23","purchased_purges":1,"victory":false,"max_hp_per_floor":[70,70,70,70,70,70,70,70,70,70,70,70,70,70,70,70],"card_choices":[{"not_picked":["Blur","Quick Slash"],"picked":"Backstab","floor":1},{"not_picked":["Accuracy","Infinite Blades"],"picked":"Cloak And Dagger","floor":5},{"not_picked":["Terror","Backflip"],"picked":"Finisher","floor":7},{"not_picked":["Bane","Eviscerate"],"picked":"Poisoned Stab","floor":8},{"not_picked":["Acrobatics","Masterful Stab"],"picked":"Cloak And Dagger","floor":11},{"not_picked":["Dagger Throw","Predator"],"picked":"Flying Knee","floor":12},{"not_picked":["Choke","Concentrate"],"picked":"Crippling Poison","floor":14}],"player_experience":381563,"relics_obtained":[{"floor":7,"key":"Lantern"},{"floor":9,"key":"Oddly Smooth Stone"},{"floor":14,"key":"Anchor"}],"event_choices":[{"damage_healed":0,"gold_gain":0,"player_choice":"Ignored","damage_taken":0,"max_hp_gain":0,"max_hp_loss":0,"event_name":"NoteForYourself","floor":3,"gold_loss":0},{"damage_healed":0,"gold_gain":0,"player_choice":"Take Damage","damage_taken":17,"relics_obtained":["Golden Idol"],"max_hp_gain":0,"max_hp_loss":0,"event_name":"Golden Idol","floor":10,"gold_loss":0}],"is_beta":false,"boss_relics":[],"items_purged_floors":[2],"is_endless":false,"potions_floor_spawned":[8,12],"killed_by":"The Guardian","ascension_level":6}