{"gold_per_floor":[209,209,228,240,252,282,302,202,226,226,32,32,32,52,52,152,152,162,179,30,48,48,81,81,93,141,151,7,26,37,64,64,164,164,176,193,193,98,115,115,146,158,158,186,96,116,391,22,22,22],"floor_reached":51,"playtime":3581,"items_purged":["Strike_R","Strike_R","Regret"],"score":756,"play_id":"2b74d1fd-a78c-437c-aba7-95616dd5198e","local_time":"20181021020243","is_ascension_mode":false,"campfire_choices":[{"data":"Seeing Red","floor":10,"key":"SMITH"},{"data":"Limit Break","floor":13,"key":"SMITH"},{"floor":15,"key":"REST"},{"floor":24,"key":"REST"},{"floor":32,"key":"REST"},{"floor":40,"key":"REST"},{"floor":49,"key":"REST"}],"neow_cost":"NONE","seed_source_timestamp":5047462924700,"circlet_count":0,"master_deck":["Defend_R","Defend_R","Defend_R","Defend_R","Bash","Rage","Limit Break+1","Seeing Red+1","Anger","Headbutt","Impervious","Spot Weakness","Heavy Blade","Cleave","Reaper","Warcry","Armaments","Flex","Shrug It Off","Heavy Blade","Shrug It Off+1","Battle Trance","Blood for Blood","Disarm","Flex+1","Jack Of All Trades","Flex","Body Slam+1","Uppercut+1","Combust"],"relics":["Burning Blood","Ornamental Fan","Ancient Tea Set","Toolbox","Lizard Tail","Blood Vial","Centennial Puzzle","Vajra","Dream Catcher","Mark of Pain","Pen Nib","Self Forming Clay","Mummified Hand","Bottled Flame"],"potions_floor_usage":[6,16,23,27,27,33,42,42,50,50],"damage_taken":[{"damage":6,"enemies":"2 Louse","floor":1,"turns":4},{"damage":1,"enemies":"Cultist","floor":3,"turns":4},{"damage":2,"enemies":"Small Slimes","floor":4,"turns":4},{"damage":12,"enemies":"Red Slaver","floor":5,"turns":4},{"damage":29,"enemies":"Gremlin Nob","floor":6,"turns":4},{"damage":3,"enemies":"2 Fungi Beasts","floor":7,"turns":4},{"damage":5,"enemies":"Blue Slaver","floor":14,"turns":3},{"damage":1,"enemies":"Slime Boss","floor":16,"turns":9},{"damage":0,"enemies":"Chosen","floor":18,"turns":4},{"damage":23,"enemies":"Spheric Guardian","floor":19,"turns":6},{"damage":29,"enemies":"Centurion and Healer","floor":21,"turns":7},{"damage":59,"enemies":"Gremlin Leader","floor":23,"turns":6},{"damage":26,"enemies":"Shelled Parasite and Fungi","floor":25,"turns":3},{"damage":25,"enemies":"3 Cultists","floor":27,"turns":6},{"damage":34,"enemies":"Snecko","floor":29,"turns":8},{"damage":28,"enemies":"Centurion and Healer","floor":30,"turns":6},{"damage":65,"enemies":"Automaton","floor":33,"turns":8},{"damage":20,"enemies":"Orb Walker","floor":35,"turns":4},{"damage":2,"enemies":"3 Shapes","floor":36,"turns":4},{"damage":40,"enemies":"Jaw Worm Horde","floor":39,"turns":3},{"damage":53,"enemies":"Giant Head","floor":41,"turns":7},{"damage":8,"enemies":"3 Darklings","floor":42,"turns":6},{"damage":34,"enemies":"Reptomancer","floor":44,"turns":6},{"damage":9,"enemies":"Maw","floor":46,"turns":8},{"damage":71,"enemies":"Time Eater","floor":50,"turns":8}],"seed_played":"7375965577837565100","potions_obtained":[{"floor":4,"key":"SteroidPotion"},{"floor":5,"key":"Dexterity Potion"},{"floor":14,"key":"AttackPotion"},{"floor":21,"key":"Strength Potion"},{"floor":25,"key":"Poison Potion"},{"floor":30,"key":"SteroidPotion"},{"floor":35,"key":"Regen Potion"},{"floor":41,"key":"Block Potion"},{"floor":44,"key":"Strength Potion"},{"floor":46,"key":"GamblersBrew"}],"is_trial":false,"path_per_floor":["M","?","M","M","M","E","M","$","T","R","$","?","R","M","R","B",null,"M","M","$","M","?","E","R","M","T","M","$","M","M","T","R","B",null,"M","M","?","$","M","R","E","M","T","E","?","M","?","$","R","B"],"character_chosen":"IRONCLAD","items_purchased":["Heavy Blade","Toolbox","Flex","Vajra","Jack Of All Trades","Bottled Flame"],"campfire_rested":5,"item_purchase_floors":[8,11,20,28,38,48],"current_hp_per_floor":[80,80,80,80,74,51,54,54,54,54,54,47,47,48,72,77,80,80,63,63,56,56,42,66,65,65,60,60,39,29,29,53,46,80,66,80,80,80,46,70,35,65,65,57,57,56,56,56,80,15],"gold":22,"neow_bonus":"HUNDRED_GOLD","is_prod":false,"is_daily":false,"chose_seed":false,"campfire_upgraded":2,"win_rate":0,"timestamp":1540080163,"path_taken":["M","?","?","M","M","E","M","?","T","R","$","?","R","M","R","BOSS","M","M","$","M","?","E","R","M","T","?","$","M","M","?","R","BOSS","M","M","?","$","M","R","E","M","T","E","?","M","?","$","R","BOSS"],"build_version":"2018-10-18","purchased_purges":3,"victory":true,"max_hp_per_floor":[80,80,80,80,80,80,80,80,80,80,80,80,80,80,80,80,80,80,80,80,80,80,80,80,80,80,80,80,80,80,80,80,80,80,80,80,80,80,80,80,80,80,80,80,80,80,80,80,80,80],"card_choices":[{"not_picked":["Sword Boomerang","Pommel Strike"],"picked":"Rage","floor":1},{"not_picked":["Thunderclap","Infernal Blade"],"picked":"Seeing Red","floor":3},{"not_picked":["True Grit","Entrench"],"picked":"Anger","floor":4},{"not_picked":["Thunderclap","Iron Wave"],"picked":"Headbutt","floor":5},{"not_picked":["Armaments","Evolve"],"picked":"Impervious","floor":6},{"not_picked":["Cleave","True Grit"],"picked":"Spot Weakness","floor":7},{"not_picked":["Iron Wave","Perfected Strike"],"picked":"Cleave","floor":14},{"not_picked":["Brutality","Immolate"],"picked":"Reaper","floor":16},{"not_picked":["Fire Breathing+1","Thunderclap"],"picked":"Warcry","floor":18},{"not_picked":["Anger","Body Slam"],"picked":"Armaments","floor":19},{"not_picked":["Headbutt","Havoc"],"picked":"Shrug It Off","floor":21},{"not_picked":["Rupture+1","Inflame"],"picked":"Heavy Blade","floor":23},{"not_picked":["Havoc+1","Warcry"],"picked":"Shrug It Off","floor":25},{"not_picked":["Evolve","Clothesline","Cleave"],"picked":"SKIP","floor":27},{"not_picked":["Havoc+1","Dark Embrace"],"picked":"Battle Trance","floor":29},{"not_picked":["Intimidate","Thunderclap"],"picked":"Blood for Blood","floor":30},{"not_picked":["Havoc","Sword Boomerang"],"picked":"Disarm","floor":32},{"not_picked":["Feed","Juggernaut"],"picked":"Demon Form","floor":33},{"not_picked":["Sever Soul","Havoc+1"],"picked":"Flex+1","floor":35},{"not_picked":["Thunderclap+1","Rampage","Havoc+1"],"picked":"SKIP","floor":36},{"not_picked":["Rage","Rupture"],"picked":"Flex","floor":39},{"not_picked":["Hemokinesis+1","Pummel"],"picked":"Body Slam+1","floor":40},{"not_picked":["Cleave","Intimidate","Combust"],"picked":"SKIP","floor":41},{"not_picked":["Thunderclap","Fire Breathing"],"picked":"Uppercut+1","floor":42},{"not_picked":["Warcry","Flex"],"picked":"Combust","floor":44},{"not_picked":["Warcry+1","Uppercut+1","Pummel+1"],"picked":"SKIP","floor":46}],"player_experience":736941,"relics_obtained":[{"floor":6,"key":"Ornamental Fan"},{"floor":9,"key":"Ancient Tea Set"},{"floor":23,"key":"Blood Vial"},{"floor":26,"key":"Centennial Puzzle"},{"floor":31,"key":"Dream Catcher"},{"floor":41,"key":"Pen Nib"},{"floor":43,"key":"Self Forming Clay"},{"floor":44,"key":"Mummified Hand"}],"event_choices":[{"damage_healed":0,"gold_gain":0,"cards_transformed":["Strike_R"],"player_choice":"Transformed","damage_taken":0,"max_hp_gain":0,"max_hp_loss":0,"event_name":"Transmorgrifier","floor":2,"gold_loss":0,"cards_obtained":["Limit Break"]},{"cards_removed":["Strike_R"],"damage_healed":0,"gold_gain":0,"player_choice":"Card Removal","damage_taken":7,"max_hp_gain":0,"max_hp_loss":0,"event_name":"Golden Wing","floor":12,"gold_loss":0},{"damage_healed":0,"gold_gain":0,"player_choice":"Ignored","damage_taken":0,"max_hp_gain":0,"max_hp_loss":0,"event_name":"Beggar","floor":22,"gold_loss":0},{"cards_removed":["Demon Form"],"damage_healed":0,"gold_gain":0,"player_choice":"Removed Power","damage_taken":0,"max_hp_gain":0,"max_hp_loss":0,"event_name":"Falling","floor":37,"gold_loss":0},{"cards_removed":["Strike_R"],"damage_healed":0,"gold_gain":0,"player_choice":"Upgrade and Remove","damage_taken":0,"max_hp_gain":0,"max_hp_loss":0,"event_name":"Designer","floor":45,"gold_loss":90,"cards_upgraded":["Shrug It Off"]},{"damage_healed":0,"gold_gain":275,"player_choice":"Desecrate","damage_taken":0,"max_hp_gain":0,"max_hp_loss":0,"event_name":"Golden Shrine","floor":47,"gold_loss":0,"cards_obtained":["Regret"]}],"is_beta":false,"boss_relics":[{"not_picked":["Sozu","Runic Dome"],"picked":"Lizard Tail"},{"not_picked":["Runic Pyramid","Black Star"],"picked":"Mark of Pain"}],"items_purged_floors":[8,20,48],"is_endless":false,"potions_floor_spawned":[4,5,14,21,25,30,35,41,44,46],"ascension_level":0}