{"gold_per_floor":[110,130,130,32,32,65,83,108,162,162,112,123,123,137,137,137],"floor_reached":16,"playtime":625,"items_purged":["Strike_R"],"score":182,"play_id":"f2fa0b75-719b-4089-9128-607f1bf9b63f","local_time":"20190403192238","is_ascension_mode":true,"campfire_choices":[{"floor":10,"key":"REST"},{"floor":13,"key":"REST"},{"data":"True Grit","floor":15,"key":"SMITH"}],"neow_cost":"NONE","seed_source_timestamp":686795083129000,"circlet_count":0,"master_deck":["AscendersBane","Strike_R","Strike_R+1","Strike_R","Strike_R+1","Defend_R","Defend_R","Defend_R","Defend_R","Bash","Rampage","Headbutt","Enlightenment","True Grit+1","Feel No Pain","Armaments","Battle Trance"],"relics":["Burning Blood","Smiling Mask","Self Forming Clay","Omamori","Shuriken","Strawberry"],"potions_floor_usage":[8,16],"damage_taken":[{"damage":10,"enemies":"2 Louse","floor":1,"turns":3},{"damage":1,"enemies":"Cultist","floor":2,"turns":4},{"damage":21,"enemies":"3 Sentries","floor":6,"turns":7},{"damage":7,"enemies":"Jaw Worm","floor":7,"turns":4},{"damage":28,"enemies":"Gremlin Nob","floor":8,"turns":5},{"damage":10,"enemies":"Exordium Wildlife","floor":12,"turns":3},{"damage":15,"enemies":"3 Louse","floor":14,"turns":4},{"damage":69,"enemies":"Hexaghost","floor":16,"turns":9}],"seed_played":"-7101630117597350442","potions_obtained":[{"floor":1,"key":"FearPotion"},{"floor":7,"key":"SkillPotion"},{"floor":12,"key":"LiquidBronze"}],"is_trial":false,"path_per_floor":["M","M","?","$","?","E","M","E","T","R","$","M","R","M","R","B"],"character_chosen":"IRONCLAD","items_purchased":["Enlightenment"],"campfire_rested":2,"item_purchase_floors":[4],"current_hp_per_floor":[68,73,73,73,57,42,41,19,26,52,52,48,74,65,65,0],"gold":137,"neow_bonus":"RANDOM_COMMON_RELIC","is_prod":false,"is_daily":false,"chose_seed":false,"campfire_upgraded":1,"win_rate":0,"timestamp":1554312158,"path_taken":["M","M","?","?","?","E","M","E","T","R","$","?","R","M","R","BOSS"],"build_version":"2019-01-23","purchased_purges":1,"victory":false,"max_hp_per_floor":[80,80,80,80,80,80,80,80,87,87,87,87,87,87,87,87],"card_choices":[{"not_picked":["Havoc","Disarm"],"picked":"Rampage","floor":1},{"not_picked":["Pommel Strike","Twin Strike"],"picked":"Headbutt","floor":2},{"not_picked":["Burning Pact","Corruption"],"picked":"True Grit","floor":6},{"not_picked":["Second Wind","Sword Boomerang"],"picked":"Feel No Pain","floor":7},{"not_picked":["Iron Wave","Hemokinesis"],"picked":"Armaments","floor":8},{"not_picked":["Shrug It Off","Anger","Perfected Strike"],"picked":"SKIP","floor":12},{"not_picked":["Searing Blow","Warcry"],"picked":"Battle Trance","floor":14}],"player_experience":1597014,"relics_obtained":[{"floor":6,"key":"Omamori"},{"floor":8,"key":"Shuriken"},{"floor":9,"key":"Strawberry"}],"event_choices":[{"damage_healed":0,"gold_gain":0,"player_choice":"Gave Potion","damage_taken":0,"relics_obtained":["Self Forming Clay"],"max_hp_gain":0,"max_hp_loss":0,"event_name":"WeMeetAgain","floor":3,"gold_loss":0},{"damage_healed":0,"gold_gain":0,"player_choice":"Entered Light","damage_taken":16,"max_hp_gain":0,"max_hp_loss":0,"event_name":"Shining Light","floor":5,"gold_loss":0,"cards_upgraded":["Strike_R","Strike_R"]}],"is_beta":false,"boss_relics":[],"items_purged_floors":[11],"is_endless":false,"potions_floor_spawned":[1,7,12],"killed_by":"Hexaghost","ascension_level":13}