{"path_per_floor":["M","?","?","M","T","R","?","M","T","?","$","M","R","M","R","B",null,"M","?","M","$","M","E","R","?","T","E","?","M","R","M","R","B",null,"M","M","M","?","M"],"character_chosen":"IRONCLAD","items_purchased":["Apotheosis","Pommel Strike","True Grit"],"gold_per_floor":[112,362,312,328,328,328,328,344,369,444,127,141,141,151,151,251,251,270,195,210,156,173,205,205,205,205,233,233,252,252,263,263,368,368,381,396,416,416,435,435],"floor_reached":40,"campfire_rested":2,"playtime":1742,"current_hp_per_floor":[80,80,80,75,89,89,89,87,87,76,76,73,73,73,73,59,94,85,85,94,94,64,38,68,101,101,80,80,59,90,95,95,33,109,109,77,57,43,41,0],"items_purged":["Strike_R"],"gold":435,"score":534,"play_id":"e67f89b5-b328-467b-a1cd-1f44ec3172c0","local_time":"20180325175052","is_prod":false,"is_daily":false,"is_ascension_mode":true,"campfire_upgraded":4,"timestamp":1522025452,"path_taken":["M","?","?","M","?","R","?","M","T","?","?","M","R","M","R","BOSS","M","?","?","$","M","E","R","?","T","E","?","M","R","M","R","BOSS","M","M","M","?","?","E"],"build_version":"2018-03-22v2","purchased_purges":1,"victory":false,"master_deck":["Strike_R+1","Strike_R+1","Defend_R","Defend_R","Defend_R","Bash","Demon Form+1","Whirlwind","Apotheosis+1","Pommel Strike","Pommel Strike","Heavy Blade+1","Feed","Shrug It Off","True Grit","Heavy Blade+1","Battle Trance","Decay","Demon Form","Twin Strike+1","Flame Barrier","Madness","Madness"],"max_hp_per_floor":[80,80,80,80,94,94,94,94,94,94,94,94,94,94,94,94,94,94,94,97,97,97,101,101,101,101,105,105,105,105,105,105,109,109,109,109,109,109,109,109],"relics":["Burning Blood","Bronze Scales","Mango","Orichalcum","Cursed Key","Dodecahedron","Art of War","Whetstone","Runic Cube"],"card_choices":[{"not_picked":["True Grit","Intimidate"],"picked":"Demon Form","floor":1.0},{"not_picked":["Ghostly Armor","Sword Boomerang"],"picked":"Whirlwind","floor":8.0},{"not_picked":["Sword Boomerang","Thunderclap"],"picked":"Pommel Strike","floor":12.0},{"not_picked":["Inflame","Clothesline"],"picked":"Heavy Blade","floor":14.0},{"not_picked":["Brutality","Immolate"],"picked":"Feed","floor":16.0},{"not_picked":["Twin Strike","Infernal Blade"],"picked":"Shrug It Off","floor":18.0},{"not_picked":["Headbutt","Reaper"],"picked":"Heavy Blade","floor":22.0},{"not_picked":["Infernal Blade","Headbutt"],"picked":"Battle Trance","floor":23},{"not_picked":["Brutality","Dark Embrace"],"picked":"Demon Form","floor":33},{"not_picked":["Corruption","Burning Pact"],"picked":"Twin Strike","floor":35},{"not_picked":["Headbutt","Pommel Strike"],"picked":"Flame Barrier","floor":37}],"player_experience":195600,"potions_floor_usage":[40],"damage_taken":[{"damage":4.0,"enemies":"2 Louse","floor":1.0,"turns":3.0},{"damage":11.0,"enemies":"Cultist","floor":4.0,"turns":4.0},{"damage":8.0,"enemies":"Small Slimes","floor":8.0,"turns":4.0},{"damage":9.0,"enemies":"Exordium Wildlife","floor":12.0,"turns":3.0},{"damage":6.0,"enemies":"Looter","floor":14.0,"turns":3.0},{"damage":20.0,"enemies":"Slime Boss","floor":16.0,"turns":5.0},{"damage":15.0,"enemies":"Spheric Guardian","floor":18.0,"turns":4.0},{"damage":0.0,"enemies":"3 Byrds","floor":20.0,"turns":5.0},{"damage":36.0,"enemies":"Snake Plant","floor":22.0,"turns":4.0},{"damage":36,"enemies":"Gremlin Leader","floor":23,"turns":6},{"damage":31,"enemies":"Book of Stabbing","floor":27,"turns":5},{"damage":27,"enemies":"Centurion and Healer","floor":29,"turns":6},{"damage":1,"enemies":"Snecko","floor":31,"turns":3},{"damage":72,"enemies":"Automaton","floor":33,"turns":8},{"damage":0,"enemies":"Orb Walker","floor":35,"turns":3},{"damage":38,"enemies":"3 Darklings","floor":36,"turns":7},{"damage":26,"enemies":"4 Shapes","floor":37,"turns":6},{"damage":8,"enemies":"Maw","floor":39,"turns":5},{"damage":44,"enemies":"2 Orb Walkers","floor":40,"turns":2}],"event_choices":[{"event_name":"Golden Shrine","player_choice":"Desecrate","floor":2.0,"damage_taken":0.0},{"event_name":"The Cleric","player_choice":"Card Removal","floor":3.0,"damage_taken":0.0},{"event_name":"Bonfire Elementals","player_choice":"BASIC","floor":7.0,"damage_taken":0.0},{"event_name":"World of Goop","player_choice":"Gather Gold","floor":10.0,"damage_taken":0.0},{"event_name":"Beggar","player_choice":"Gave Gold","floor":19.0,"damage_taken":0.0},{"event_name":"The Library","player_choice":"Heal","floor":25,"damage_taken":0},{"event_name":"Wheel of Change","player_choice":"Card Removal","floor":28,"damage_taken":0},{"event_name":"Winding Halls","player_choice":"Embrace Madness","floor":38,"damage_taken":0}],"boss_relics":[{"not_picked":["Astrolabe","Eternal Feather"],"picked":"Runic Cube"}],"potions_floor_spawned":[8,12,16,18,27,29,36,37],"seed_played":"-2037462809953952880","killed_by":"2 Orb Walkers","ascension_level":3,"is_trial":false}