{"path_per_floor":["M","M","?","M","M","R","M","E","T","R","M","R","E","M","R","B",null,"M","M","?","?","?","M","R","M","T","T","?","$","?","M","R","B",null,"M","M","$","?","?","R","?","R","T","M","$","M","M","?","R"],"character_chosen":"THE_SILENT","items_purchased":["Tough Bandages","Catalyst"],"gold_per_floor":[112,130,80,97,116,116,135,162,162,162,175,175,210,227,227,325,325,341,354,454,379,379,394,394,409,409,409,409,73,73,88,88,189,189,207,226,152,152,152,152,152,152,152,165,65,77,93,0,0],"floor_reached":50,"campfire_rested":3,"playtime":3073,"current_hp_per_floor":[70,70,70,70,70,70,63,50,50,50,50,70,32,32,53,32,70,56,56,56,56,40,39,60,50,50,50,70,70,70,67,67,67,70,70,70,70,80,80,80,80,80,80,80,80,80,71,71,71],"items_purged":["Writhe","Decay"],"gold":0,"score":454,"play_id":"221abec8-b970-46ba-9ca3-76ba42e8fd81","is_prod":false,"is_daily":false,"is_ascension_mode":false,"campfire_upgraded":4,"path_taken":["M","M","?","M","?","R","M","E","T","R","M","R","E","M","R","BOSS","M","M","?","?","?","M","R","M","T","?","?","$","?","M","R","BOSS","M","M","$","?","?","R","?","R","T","M","$","M","M","?","R","BOSS"],"build_version":"2018-02-15-PROD1","purchased_purges":3,"victory":false,"master_deck":["Defend_G+1","Defend_G+1","Defend_G+1","Defend_G+1","Strike_G+1","Strike_G+1","Strike_G+1","Strike_G+1","Survivor","Neutralize+1","Flying Knee","Outmaneuver+1","Dagger Throw","Deflect","Leg Sweep","Backstab","Outmaneuver","Noxious Fumes+1","Backflip","Tactician","Noxious Fumes+1","Dash+1","Blur+1","After Image","Clumsy","Flying Knee+1","Die Die Die+1","Riddle With Holes+1","Catalyst+1","Blur+1","Heel Hook+1","Backflip+1","Sucker Punch+1"],"max_hp_per_floor":[70,70,70,70,70,70,70,70,70,70,70,70,70,70,70,70,70,70,70,70,70,70,70,70,70,70,70,70,70,70,70,70,70,70,70,70,70,80,80,80,80,80,80,80,80,80,80,80,80],"relics":["Ring of the Snake","Molten Egg 2","Thread and Needle","Bronze Scales","Cursed Key","Nilry\u0027s Codex","Shovel","Peace Pipe","Tough Bandages","Centennial Puzzle","Velvet Choker","Bag of Preparation","Red Mask"],"card_choices":[{"not_picked":["Masterful Stab","Dagger Throw"],"picked":"Flying Knee"},{"not_picked":["Corpse Explosion","Slice"],"picked":"Outmaneuver"},{"not_picked":["Masterful Stab","Bane"],"picked":"Dagger Throw"},{"not_picked":["Choke","Poisoned Stab"],"picked":"Deflect"},{"not_picked":["Infinite Blades","Dagger Spray"],"picked":"Leg Sweep"},{"not_picked":["Prepared","Dodge and Roll"],"picked":"Backstab"},{"not_picked":["Bouncing Flask","Bane"],"picked":"Bullet Time"},{"not_picked":["Cloak And Dagger","Deadly Poison"],"picked":"Outmaneuver"},{"not_picked":["Sucker Punch","Cloak And Dagger"],"picked":"Noxious Fumes"},{"not_picked":["Underhanded Strike","Storm of Steel"],"picked":"Backflip"},{"not_picked":["Phantasmal Killer","Envenom"],"picked":"Tactician"},{"not_picked":["Bane","Bouncing Flask"],"picked":"Noxious Fumes"},{"not_picked":["Dodge and Roll","Prepared"],"picked":"Dash"},{"not_picked":["PiercingWail","Dodge and Roll"],"picked":"Blur"},{"not_picked":["Deflect","Outmaneuver"],"picked":"After Image"},{"not_picked":["Slice","Reflex"],"picked":"Flying Knee"},{"not_picked":["Tools of the Trade","Burst"],"picked":"Die Die Die"},{"not_picked":["Deflect","Endless Agony"],"picked":"Riddle With Holes"},{"not_picked":["Prepared","Skewer"],"picked":"Acrobatics"},{"not_picked":["Malaise","Bane"],"picked":"Heel Hook"},{"not_picked":["A Thousand Cuts","Dodge and Roll"],"picked":"Backflip"},{"not_picked":["Backflip","Dagger Throw"],"picked":"Sucker Punch"}],"player_experience":94125,"potions_floor_usage":[5,25,50,50,50],"damage_taken":[{"damage":0,"enemies":"Jaw Worm","floor":1,"turns":5},{"damage":0,"enemies":"Small Slimes","floor":2,"turns":4},{"damage":0,"enemies":"Cultist","floor":4,"turns":3},{"damage":0,"enemies":"Lots of Slimes","floor":5,"turns":1},{"damage":7,"enemies":"Exordium Wildlife","floor":7,"turns":5},{"damage":13,"enemies":"3 Sentries","floor":8,"turns":11},{"damage":0,"enemies":"Gremlin Gang","floor":11,"turns":5},{"damage":38,"enemies":"Gremlin Nob","floor":13,"turns":7},{"damage":0,"enemies":"Large Slime","floor":14,"turns":7},{"damage":21,"enemies":"Hexaghost","floor":16,"turns":12},{"damage":14,"enemies":"3 Byrds","floor":18,"turns":5},{"damage":0,"enemies":"Shell Parasite","floor":19,"turns":6},{"damage":1,"enemies":"Snake Plant","floor":23,"turns":4},{"damage":10,"enemies":"Sentry and Sphere","floor":25,"turns":7},{"damage":3,"enemies":"Centurion and Healer","floor":31,"turns":7},{"damage":0,"enemies":"Automaton","floor":33,"turns":11},{"damage":0,"enemies":"Orb Walker","floor":35,"turns":4},{"damage":0,"enemies":"3 Darklings","floor":36,"turns":5},{"damage":0,"enemies":"4 Shapes","floor":44,"turns":4},{"damage":0,"enemies":"Sphere and 2 Shapes","floor":46,"turns":5},{"damage":9,"enemies":"Maw","floor":47,"turns":7},{"damage":72,"enemies":"Awakened One","floor":50,"turns":13}],"event_choices":[{"event_name":"The Cleric","player_choice":"Card Removal","floor":3,"damage_taken":0},{"event_name":"Golden Shrine","player_choice":"Pray","floor":20,"damage_taken":0},{"event_name":"Beggar","player_choice":"Gave Gold","floor":21,"damage_taken":0},{"event_name":"Cursed Tome","player_choice":"Obtained Book","floor":22,"damage_taken":0},{"event_name":"The Library","player_choice":"Heal","floor":28,"damage_taken":0},{"event_name":"Back to Basics","player_choice":"Simplicity","floor":30,"damage_taken":0},{"event_name":"Bonfire Elementals","player_choice":"RARE","floor":38,"damage_taken":0},{"event_name":"Duplicator","player_choice":"One dupe","floor":39,"damage_taken":0},{"event_name":"Tomb of Lord Red Mask","player_choice":"Paid","floor":48,"damage_taken":0}],"boss_relics":[{"not_picked":["White Beast Statue","Orrery"],"picked":"Cursed Key"},{"not_picked":["Astrolabe","Runic Pyramid"],"picked":"Velvet Choker"}],"potions_floor_spawned":[1,8,11,13,16,25,33,35,36,44],"seed_played":"-2918406739979885996","killed_by":"Awakened One","ascension_level":0,"is_trial":false}