{"gold_per_floor":[114,28,28,28,28,28,43,43,43,58,88,88,103,118,118,218,218,233,248,263,263,278,278,293,308,308,323,338,338,353,368,368,468,468,483,483,498,528,528,528,543,182,182,197,37,37,67,82,82,82],"floor_reached":50,"playtime":3778,"items_purged":[],"score":712,"play_id":"d392e63e-4dca-4550-abc9-0d30c62e7d3e","local_time":"20190102230716","daily_mods":["Specialized","Diverse","DeadlyEvents"],"is_ascension_mode":false,"campfire_choices":[{"data":"Dualcast","floor":6,"key":"SMITH"},{"data":"All Out Attack","floor":8,"key":"SMITH"},{"data":"Dagger Spray","floor":12,"key":"SMITH"},{"data":"Dark Shackles","floor":15,"key":"SMITH"},{"data":"Reboot","floor":23,"key":"SMITH"},{"data":"Choke","floor":29,"key":"SMITH"},{"data":"Sweeping Beam","floor":32,"key":"SMITH"},{"data":"Anger","floor":40,"key":"SMITH"},{"floor":49,"key":"REST"}],"neow_cost":"","seed_source_timestamp":543108507031679,"circlet_count":0,"master_deck":["Strike_B","Strike_B","Strike_B","Strike_B","Defend_B","Defend_B+1","Defend_B","Zap+1","Dualcast+1","Shrug It Off","Shrug It Off","Shrug It Off","Shrug It Off","Shrug It Off","Go for the Eyes","Dark Shackles+1","All Out Attack+1","Cleave","Dagger Spray+1","Twin Strike","Steam","Anger","All For One","Anger+1","Choke+1","Rebound","Reboot+1","Havoc+1","Reckless Charge","Buffer+1","Sucker Punch+1","Anger","Sweeping Beam+1","Barricade+1","Sweeping Beam+1","Thunderclap+1","Pommel Strike+1","Mind Blast","Mind Blast","Chill","Dual Wield","Go for the Eyes","Conserve Battery+1","Storm of Steel"],"special_seed":17899,"relics":["Cracked Core","Sundial","The Courier","Bottled Flame","Philosopher\u0027s Stone","Frozen Egg 2","Runic Pyramid","Oddly Smooth Stone","DollysMirror","Cables","ClockworkSouvenir","Centennial Puzzle"],"potions_floor_usage":[11,16,19,22,24,25,28,33,37,38,46,47],"damage_taken":[{"damage":0,"enemies":"Jaw Worm","floor":1,"turns":4},{"damage":0,"enemies":"2 Louse","floor":7,"turns":2},{"damage":0,"enemies":"Small Slimes","floor":10,"turns":3},{"damage":10,"enemies":"Gremlin Nob","floor":11,"turns":4},{"damage":0,"enemies":"Blue Slaver","floor":13,"turns":3},{"damage":0,"enemies":"Red Slaver","floor":14,"turns":2},{"damage":0,"enemies":"Slime Boss","floor":16,"turns":6},{"damage":0,"enemies":"Chosen","floor":18,"turns":4},{"damage":8,"enemies":"2 Thieves","floor":19,"turns":3},{"damage":0,"enemies":"Chosen and Byrds","floor":20,"turns":4},{"damage":1,"enemies":"Colosseum Slavers","floor":21,"turns":3},{"damage":14,"enemies":"Snake Plant","floor":22,"turns":5},{"damage":0,"enemies":"Cultist and Chosen","floor":24,"turns":3},{"damage":11,"enemies":"Snecko","floor":25,"turns":3},{"damage":0,"enemies":"Centurion and Healer","floor":27,"turns":5},{"damage":23,"enemies":"Snake Plant","floor":28,"turns":4},{"damage":0,"enemies":"Snecko","floor":30,"turns":3},{"damage":0,"enemies":"3 Cultists","floor":31,"turns":3},{"damage":0,"enemies":"Collector","floor":33,"turns":9},{"damage":0,"enemies":"3 Shapes","floor":35,"turns":2},{"damage":11,"enemies":"3 Darklings","floor":37,"turns":3},{"damage":0,"enemies":"Reptomancer","floor":38,"turns":5},{"damage":24,"enemies":"4 Shapes","floor":41,"turns":3},{"damage":0,"enemies":"Sphere and 2 Shapes","floor":44,"turns":3},{"damage":0,"enemies":"Jaw Worm Horde","floor":46,"turns":2},{"damage":0,"enemies":"Giant Head","floor":47,"turns":9},{"damage":6,"enemies":"Transient","floor":48,"turns":5},{"damage":66,"enemies":"Time Eater","floor":50,"turns":11}],"seed_played":"6069031500032485637","potions_obtained":[{"floor":1,"key":"FocusPotion"},{"floor":11,"key":"Block Potion"},{"floor":13,"key":"Block Potion"},{"floor":14,"key":"Strength Potion"},{"floor":22,"key":"SkillPotion"},{"floor":24,"key":"Ancient Potion"},{"floor":27,"key":"Fire Potion"},{"floor":30,"key":"SmokeBomb"},{"floor":31,"key":"SkillPotion"},{"floor":35,"key":"Energy Potion"},{"floor":37,"key":"Poison Potion"},{"floor":44,"key":"Block Potion"}],"is_trial":false,"path_per_floor":["M","$","?","?","?","R","M","R","T","M","E","R","M","M","R","B",null,"M","M","M","?","M","R","M","M","T","M","M","R","M","M","R","B",null,"M","?","M","E","?","R","M","$","T","M","$","M","E","M","R","B"],"character_chosen":"DEFECT","items_purchased":["Dark Shackles","Mind Blast","DollysMirror","Chill","Dual Wield","ClockworkSouvenir"],"campfire_rested":1,"item_purchase_floors":[2,42,42,42,42,45],"current_hp_per_floor":[75,75,68,53,53,53,53,53,53,53,43,43,43,43,43,43,75,75,67,67,66,52,52,52,41,41,41,18,18,18,18,18,18,75,75,75,64,64,64,64,40,40,40,40,40,40,40,34,56,0],"gold":82,"neow_bonus":"","is_prod":false,"is_daily":true,"chose_seed":false,"campfire_upgraded":8,"win_rate":0,"timestamp":1546499236,"path_taken":["M","$","?","?","?","R","M","R","T","M","?","R","M","M","R","BOSS","M","M","M","?","?","R","?","M","T","?","?","R","M","M","R","BOSS","M","?","M","?","?","R","?","$","T","M","$","M","?","M","R","BOSS"],"build_version":"2018-12-20","purchased_purges":0,"victory":false,"max_hp_per_floor":[75,75,75,75,75,75,75,75,75,75,75,75,75,75,75,75,75,75,75,75,75,75,75,75,75,75,75,75,75,75,75,75,75,75,75,75,75,75,75,75,75,75,75,75,75,75,75,75,75,75],"card_choices":[{"not_picked":["Cloak And Dagger","Steam"],"picked":"Go for the Eyes","floor":1},{"not_picked":["Acrobatics","Compile Driver"],"picked":"Cleave","floor":7},{"not_picked":["Backstab","Quick Slash"],"picked":"Dagger Spray","floor":10},{"not_picked":["True Grit","Darkness"],"picked":"Twin Strike","floor":11},{"not_picked":["Expertise","Dark Embrace"],"picked":"Steam","floor":13},{"not_picked":["Warcry","Slice"],"picked":"Anger","floor":14},{"not_picked":["Bullet Time","Burst"],"picked":"All For One","floor":16},{"not_picked":["Cleave","Whirlwind"],"picked":"Anger","floor":18},{"not_picked":["Bane","Burning Pact+1"],"picked":"Choke","floor":19},{"not_picked":["Coolheaded","Streamline"],"picked":"Rebound","floor":20},{"not_picked":["Storm","Fire Breathing"],"picked":"Reboot","floor":22},{"not_picked":["Perfected Strike","Thunderclap"],"picked":"Havoc+1","floor":24},{"not_picked":["Pommel Strike","Crippling Poison"],"picked":"Reckless Charge","floor":25},{"not_picked":["Sucker Punch","Quick Slash"],"picked":"Buffer+1","floor":27},{"not_picked":["Auto Shields","Ghostly Armor+1"],"picked":"Sucker Punch+1","floor":28},{"not_picked":["Uppercut","Rebound"],"picked":"Anger","floor":30},{"not_picked":["Whirlwind","Blizzard"],"picked":"Sweeping Beam","floor":31},{"not_picked":["Feed","Fission"],"picked":"Barricade+1","floor":33},{"not_picked":["Outmaneuver+1","Cloak And Dagger"],"picked":"Sweeping Beam","floor":35},{"not_picked":["Streamline","Deadly Poison+1"],"picked":"Thunderclap+1","floor":37},{"not_picked":["Unload","Backflip+1"],"picked":"Fire Breathing+1","floor":38},{"not_picked":["Ghostly Armor+1","Cold Snap+1"],"picked":"Pommel Strike+1","floor":41},{"not_picked":["Iron Wave","Feel No Pain+1"],"picked":"Go for the Eyes","floor":44},{"not_picked":["Sword Boomerang","Coolheaded"],"picked":"Conserve Battery+1","floor":47},{"not_picked":["Sword Boomerang","Evolve+1"],"picked":"Storm of Steel","floor":48}],"player_experience":362847,"relics_obtained":[{"floor":9,"key":"The Courier"},{"floor":11,"key":"Bottled Flame"},{"floor":26,"key":"Frozen Egg 2"},{"floor":38,"key":"Oddly Smooth Stone"},{"floor":43,"key":"Cables"},{"floor":47,"key":"Centennial Puzzle"}],"event_choices":[{"damage_healed":0,"gold_gain":0,"player_choice":"Success","damage_taken":7,"relics_obtained":["Sundial"],"max_hp_gain":0,"max_hp_loss":0,"event_name":"Scrap Ooze","floor":3,"gold_loss":0},{"damage_healed":0,"gold_gain":0,"player_choice":"Entered Light","damage_taken":15,"max_hp_gain":0,"max_hp_loss":0,"event_name":"Shining Light","floor":4,"gold_loss":0,"cards_upgraded":["Zap","Defend_B"]},{"damage_healed":0,"gold_gain":0,"cards_transformed":["Defend_B"],"player_choice":"Change","damage_taken":0,"max_hp_gain":0,"max_hp_loss":0,"event_name":"Living Wall","floor":5,"gold_loss":0,"cards_obtained":["All Out Attack"]},{"damage_healed":0,"gold_gain":0,"player_choice":"Fight","damage_taken":0,"max_hp_gain":0,"max_hp_loss":0,"event_name":"Colosseum","floor":21,"gold_loss":0},{"damage_healed":0,"gold_gain":0,"player_choice":"Fled From Nobs","damage_taken":0,"max_hp_gain":0,"max_hp_loss":0,"event_name":"Colosseum","floor":21,"gold_loss":0},{"damage_healed":0,"gold_gain":0,"player_choice":"Forge","damage_taken":0,"max_hp_gain":0,"max_hp_loss":0,"event_name":"Accursed Blacksmith","floor":36,"gold_loss":0,"cards_upgraded":["Sweeping Beam"]},{"cards_removed":["Fire Breathing"],"damage_healed":0,"gold_gain":0,"player_choice":"Removed Power","damage_taken":0,"max_hp_gain":0,"max_hp_loss":0,"event_name":"Falling","floor":39,"gold_loss":0}],"is_beta":false,"boss_relics":[{"not_picked":["Tiny House","FrozenCore"],"picked":"Philosopher\u0027s Stone"},{"not_picked":["Black Star","Inserter"],"picked":"Runic Pyramid"}],"items_purged_floors":[],"is_endless":false,"potions_floor_spawned":[1,11,13,14,22,24,27,30,31,35,37,44],"killed_by":"Time Eater","ascension_level":0}