{"gold_per_floor":[10,28,28,48,61,61,78,78,104,121,135,135,147,158,158,257,307,326,341,351,351],"floor_reached":21,"playtime":1753,"items_purged":[],"score":233,"play_id":"206e124e-9a1b-4f9c-b886-e3726aaa2ddc","local_time":"20190125142421","is_ascension_mode":true,"campfire_choices":[{"data":"Storm","floor":6,"key":"SMITH"},{"data":"Storm","floor":8,"key":"SMITH"},{"data":"Self Repair","floor":12,"key":"SMITH"},{"floor":15,"key":"REST"}],"neow_cost":"NO_GOLD","seed_source_timestamp":1368392621668127,"circlet_count":0,"master_deck":["Strike_B","Strike_B","Strike_B","Strike_B","Defend_B","Defend_B","Defend_B","Defend_B","Zap","Dualcast","Ball Lightning","Auto Shields+1","Storm+1","Sweeping Beam","Storm+1","Self Repair+1","Auto Shields","Core Surge","Barrage","Buffer","Beam Cell","Auto Shields","Leap","Ball Lightning+1"],"relics":["Cracked Core","Torii","Lantern","Vajra","Tiny House"],"potions_floor_usage":[5,10,16,18,18,20],"damage_taken":[{"damage":1,"enemies":"Small Slimes","floor":1,"turns":4},{"damage":1,"enemies":"2 Louse","floor":2,"turns":2},{"damage":0,"enemies":"Jaw Worm","floor":4,"turns":3},{"damage":7,"enemies":"2 Fungi Beasts","floor":5,"turns":3},{"damage":2,"enemies":"3 Louse","floor":7,"turns":3},{"damage":0,"enemies":"Large Slime","floor":10,"turns":3},{"damage":1,"enemies":"Looter","floor":11,"turns":3},{"damage":18,"enemies":"Exordium Wildlife","floor":13,"turns":3},{"damage":8,"enemies":"Blue Slaver","floor":14,"turns":2},{"damage":52,"enemies":"Hexaghost","floor":16,"turns":9},{"damage":12,"enemies":"2 Thieves","floor":18,"turns":3},{"damage":9,"enemies":"Shell Parasite","floor":19,"turns":5},{"damage":42,"enemies":"3 Cultists","floor":20,"turns":5},{"damage":32,"enemies":"Snake Plant","floor":21,"turns":3}],"seed_played":"-2732235869821463588","potions_obtained":[{"floor":1,"key":"GamblersBrew"},{"floor":5,"key":"Energy Potion"},{"floor":7,"key":"AttackPotion"},{"floor":13,"key":"Swift Potion"},{"floor":16,"key":"Energy Potion"},{"floor":17,"key":"Fire Potion"}],"is_trial":false,"path_per_floor":["M","M","?","M","M","R","M","R","T","M","M","R","M","M","R","B",null,"M","M","M","M"],"character_chosen":"DEFECT","items_purchased":[],"campfire_rested":1,"item_purchase_floors":[],"current_hp_per_floor":[67,66,63,63,56,56,54,54,54,54,60,60,52,54,75,33,70,58,59,27,0],"gold":351,"neow_bonus":"ONE_RARE_RELIC","is_prod":false,"is_daily":false,"chose_seed":false,"campfire_upgraded":3,"win_rate":0,"timestamp":1548455061,"path_taken":["M","M","?","M","M","R","M","R","T","M","M","R","M","M","R","BOSS","M","M","M","M"],"build_version":"2019-01-23","purchased_purges":0,"victory":false,"max_hp_per_floor":[75,75,75,75,75,75,75,75,75,75,75,75,75,75,75,75,80,80,80,80,80],"card_choices":[{"not_picked":["Reinforced Body","Reprogram"],"picked":"Ball Lightning","floor":1},{"not_picked":["Coolheaded","Stack"],"picked":"Auto Shields","floor":2},{"not_picked":["Rebound","Coolheaded"],"picked":"Storm","floor":4},{"not_picked":["Coolheaded","Conserve Battery"],"picked":"Sweeping Beam","floor":5},{"not_picked":["Hello World","Conserve Battery"],"picked":"Storm","floor":7},{"not_picked":["Cold Snap","Turbo"],"picked":"Self Repair","floor":10},{"not_picked":["Barrage","Coolheaded"],"picked":"Auto Shields","floor":11},{"not_picked":["Barrage","Redo"],"picked":"Core Surge","floor":13},{"not_picked":["Aggregate","Genetic Algorithm"],"picked":"Barrage","floor":14},{"not_picked":["Biased Cognition","Echo Form"],"picked":"Buffer","floor":16},{"not_picked":["Coolheaded","Hologram"],"picked":"Beam Cell","floor":17},{"not_picked":["Redo","Coolheaded"],"picked":"Auto Shields","floor":18},{"not_picked":["Skim","BootSequence"],"picked":"Leap","floor":19},{"not_picked":["Coolheaded","Loop+1"],"picked":"Ball Lightning+1","floor":20}],"player_experience":614976,"relics_obtained":[{"floor":9,"key":"Vajra"}],"event_choices":[{"damage_healed":0,"gold_gain":0,"player_choice":"Success","damage_taken":3,"relics_obtained":["Lantern"],"max_hp_gain":0,"max_hp_loss":0,"event_name":"Scrap Ooze","floor":3,"gold_loss":0}],"is_beta":false,"boss_relics":[{"not_picked":["White Beast Statue","Calling Bell"],"picked":"Tiny House"}],"items_purged_floors":[],"is_endless":false,"potions_floor_spawned":[1,5,7,13,16],"killed_by":"Snake Plant","ascension_level":6}