{"gold_per_floor":[113,113,131,131,146,146,180,180,180,221,235,235,258,28,28,123,123,143,143,166,179,179,220,236,256,282,138,138,138,174,99,99,188,188,207,207,222,222,222,222,263,263,341,3,3,38,38,74,74,74,74,74,74,15,48,48],"floor_reached":57,"playtime":4119,"items_purged":["Strike_R","Pain"],"score":2718,"play_id":"e1c64e9d-36c4-466d-a769-35544c8401d8","local_time":"20190504235648","is_ascension_mode":true,"campfire_choices":[{"data":"Bludgeon","floor":6.0,"key":"SMITH"},{"floor":8.0,"key":"REST"},{"data":"Bash","floor":12.0,"key":"SMITH"},{"data":"Sword Boomerang","floor":15.0,"key":"SMITH"},{"floor":29.0,"key":"REST"},{"floor":32.0,"key":"REST"},{"floor":40.0,"key":"RECALL"},{"floor":42.0,"key":"REST"},{"floor":45.0,"key":"REST"},{"floor":47.0,"key":"REST"},{"floor":49.0,"key":"REST"},{"floor":53.0,"key":"REST"}],"neow_cost":"NONE","seed_source_timestamp":666457625097062,"circlet_count":0,"master_deck":["AscendersBane","Strike_R+1","Strike_R","Defend_R+1","Defend_R+1","Defend_R","Defend_R","Bash+1","Perfected Strike+1","Pommel Strike","Bludgeon+1","Pommel Strike","Flame Barrier","Sword Boomerang+1","Reaper","Shockwave","Disarm","Warcry+1","Disarm+1","Sword Boomerang","Immolate","Metallicize+1","Limit Break+1","Burning Pact+1","Dark Shackles+1","Forethought+1","Deep Breath+1","Fiend Fire","Second Wind+1","Flex+1","Corruption+1","Spot Weakness+1","Limit Break+1"],"special_seed":0,"relics":["Burning Blood","Golden Idol","The Courier","Red Skull","War Paint","Oddly Smooth Stone","Sling","Fusion Hammer","WarpedTongs","Toxic Egg 2","Blood Vial","Whetstone","Bronze Scales","Runic Pyramid","Pen Nib","Dead Branch","Ice Cream","Bottled Lightning","Bag of Marbles"],"potions_floor_usage":[],"damage_taken":[{"damage":1.0,"enemies":"Cultist","floor":1.0,"turns":3.0},{"damage":14.0,"enemies":"Jaw Worm","floor":3.0,"turns":4.0},{"damage":14.0,"enemies":"Small Slimes","floor":5.0,"turns":4.0},{"damage":26.0,"enemies":"Lagavulin","floor":7.0,"turns":8.0},{"damage":14.0,"enemies":"3 Sentries","floor":10.0,"turns":5.0},{"damage":5.0,"enemies":"Looter","floor":11.0,"turns":3.0},{"damage":14.0,"enemies":"Lots of Slimes","floor":13.0,"turns":5.0},{"damage":9.0,"enemies":"Slime Boss","floor":16.0,"turns":6.0},{"damage":16.0,"enemies":"Shell Parasite","floor":18.0,"turns":6.0},{"damage":0.0,"enemies":"Chosen","floor":20.0,"turns":3.0},{"damage":28.0,"enemies":"Sentry and Sphere","floor":21.0,"turns":6.0},{"damage":30.0,"enemies":"Slavers","floor":23.0,"turns":4.0},{"damage":8.0,"enemies":"Shelled Parasite and Fungi","floor":24.0,"turns":7.0},{"damage":17.0,"enemies":"Cultist and Chosen","floor":25.0,"turns":7.0},{"damage":5.0,"enemies":"Gremlin Leader","floor":30.0,"turns":4.0},{"damage":51.0,"enemies":"Champ","floor":33.0,"turns":12.0},{"damage":27.0,"enemies":"3 Darklings","floor":35.0,"turns":8.0},{"damage":32.0,"enemies":"3 Shapes","floor":37.0,"turns":8.0},{"damage":2.0,"enemies":"Nemesis","floor":41.0,"turns":5.0},{"damage":23.0,"enemies":"Reptomancer","floor":46.0,"turns":7.0},{"damage":8.0,"enemies":"Nemesis","floor":48.0,"turns":3.0},{"damage":44.0,"enemies":"Time Eater","floor":50.0,"turns":9.0},{"damage":39.0,"enemies":"Awakened One","floor":51.0,"turns":7.0},{"damage":68.0,"enemies":"Shield and Spear","floor":55.0,"turns":7.0},{"damage":25,"enemies":"The Heart","floor":56,"turns":6}],"seed_played":"2402082440642135936","potions_obtained":[{"floor":5.0,"key":"Weak Potion"},{"floor":10.0,"key":"SteroidPotion"},{"floor":13.0,"key":"Weak Potion"},{"floor":23.0,"key":"SpeedPotion"},{"floor":55.0,"key":"BloodPotion"}],"is_trial":false,"path_per_floor":["M","?","M","T","M","R","E","R","T","E","M","R","M","$","R","B",null,"M","?","M","M","?","E","M","M","T","$","T","R","E","?","R","B",null,"M","?","M","?","?","R","E","R","T","$","R","E","R","E","R","B","B",null,"R","$","E","B",null],"character_chosen":"IRONCLAD","items_purchased":["Sling","Immolate","Dead Branch","Flex+1","SteroidPotion","Spot Weakness+1"],"campfire_rested":8,"item_purchase_floors":[14,27,44,44,44,54],"current_hp_per_floor":[80,52,44,44,36,36,16,40,40,32,33,33,25,25,25,22,67,57,57,63,41,41,30,35,24,24,24,24,48,60,60,82,37,71,64,54,40,40,40,40,46,70,70,70,82,65,82,80,82,70,39,71,82,82,37,44],"gold":48,"neow_bonus":"TEN_PERCENT_HP_BONUS","is_prod":false,"is_daily":false,"chose_seed":false,"campfire_upgraded":3,"win_rate":0,"timestamp":1557028608,"path_taken":["M","?","M","?","M","R","E","R","T","E","M","R","M","$","R","BOSS","M","?","M","M","?","E","?","M","T","$","?","R","E","?","R","BOSS","M","?","M","?","?","R","E","R","T","$","R","E","R","E","R","BOSS","BOSS","R","$","E","BOSS"],"build_version":"2019-01-23","purchased_purges":2,"victory":true,"max_hp_per_floor":[82,82,82,82,82,82,82,82,82,82,82,82,82,82,82,82,82,82,82,82,82,82,82,82,82,82,82,82,82,82,82,82,82,82,82,82,82,82,82,82,82,82,82,82,82,82,82,82,82,82,82,82,82,82,82,82],"card_choices":[{"not_picked":["Body Slam","Warcry"],"picked":"Perfected Strike","floor":1.0},{"not_picked":["Clash","Reckless Charge"],"picked":"Pommel Strike","floor":3.0},{"not_picked":["Sword Boomerang","Flex"],"picked":"Bludgeon","floor":5.0},{"not_picked":["Havoc","Bloodletting"],"picked":"Pommel Strike","floor":7.0},{"not_picked":["Inflame","Shockwave"],"picked":"Flame Barrier","floor":10.0},{"not_picked":["Anger","Twin Strike","Warcry"],"picked":"SKIP","floor":11.0},{"not_picked":["Heavy Blade","Havoc"],"picked":"Sword Boomerang","floor":13.0},{"not_picked":["Barricade","Limit Break"],"picked":"Reaper","floor":16.0},{"not_picked":["Dropkick","Ghostly Armor"],"picked":"Shockwave","floor":18.0},{"not_picked":["Headbutt","Anger","Thunderclap"],"picked":"SKIP","floor":20.0},{"not_picked":["Seeing Red","Havoc"],"picked":"Warcry+1","floor":21.0},{"not_picked":["True Grit","Dropkick"],"picked":"Disarm","floor":23.0},{"not_picked":["Rupture","Inflame"],"picked":"Pommel Strike+1","floor":24.0},{"not_picked":["Clash","Iron Wave"],"picked":"Sword Boomerang","floor":25.0},{"not_picked":["Headbutt","Berserk"],"picked":"Metallicize+1","floor":30.0},{"not_picked":["Juggernaut","Brutality"],"picked":"Limit Break+1","floor":33.0},{"not_picked":["Cleave","Thunderclap+1"],"picked":"Burning Pact+1","floor":35.0},{"not_picked":["Apotheosis+1","Panache"],"picked":"Dark Shackles+1","floor":36.0},{"not_picked":["PanicButton+1","Panacea+1"],"picked":"Forethought+1","floor":36.0},{"not_picked":["Enlightenment+1","Sadistic Nature"],"picked":"Deep Breath+1","floor":36.0},{"not_picked":["Bloodletting+1","Headbutt+1","Clothesline"],"picked":"SKIP","floor":37.0},{"not_picked":["Armaments+1","Twin Strike+1"],"picked":"Second Wind+1","floor":41.0},{"not_picked":["Heavy Blade","Twin Strike","Anger"],"picked":"SKIP","floor":46.0},{"not_picked":["Battle Trance+1","Blood for Blood"],"picked":"Corruption+1","floor":48.0},{"not_picked":["Brutality","Heavy Blade+1"],"picked":"Limit Break+1","floor":55.0}],"player_experience":863677,"relics_obtained":[{"floor":4.0,"key":"The Courier"},{"floor":7.0,"key":"Red Skull"},{"floor":9.0,"key":"War Paint"},{"floor":10.0,"key":"Oddly Smooth Stone"},{"floor":23.0,"key":"Toxic Egg 2"},{"floor":26.0,"key":"Blood Vial"},{"floor":28.0,"key":"Whetstone"},{"floor":30.0,"key":"Bronze Scales"},{"floor":41.0,"key":"Pen Nib"},{"floor":46.0,"key":"Ice Cream"},{"floor":48.0,"key":"Bottled Lightning"},{"floor":55.0,"key":"Bag of Marbles"}],"event_choices":[{"damage_healed":0.0,"max_hp_gain":0.0,"max_hp_loss":0.0,"gold_gain":0.0,"event_name":"Golden Idol","player_choice":"Take Damage","floor":2.0,"gold_loss":0.0,"damage_taken":28.0,"relics_obtained":["Golden Idol"]},{"damage_healed":0.0,"max_hp_gain":0.0,"max_hp_loss":0.0,"gold_gain":0.0,"event_name":"The Library","player_choice":"Read","floor":19.0,"gold_loss":0.0,"damage_taken":0.0,"cards_obtained":["Disarm"]},{"damage_healed":0.0,"max_hp_gain":0.0,"max_hp_loss":0.0,"gold_gain":0.0,"event_name":"Accursed Blacksmith","player_choice":"Rummage","floor":22.0,"gold_loss":0.0,"damage_taken":0.0,"relics_obtained":["WarpedTongs"],"cards_obtained":["Pain"]},{"cards_removed":["Strike_R"],"damage_healed":0.0,"max_hp_gain":0.0,"max_hp_loss":0.0,"gold_gain":0.0,"event_name":"Beggar","player_choice":"Gave Gold","floor":31.0,"gold_loss":75.0,"damage_taken":0.0},{"damage_healed":0.0,"max_hp_gain":0.0,"max_hp_loss":0.0,"gold_gain":0.0,"event_name":"SensoryStone","player_choice":"Memory 3","floor":36.0,"gold_loss":0.0,"damage_taken":10.0},{"cards_removed":["Pommel Strike"],"damage_healed":0.0,"max_hp_gain":0.0,"max_hp_loss":0.0,"gold_gain":0.0,"event_name":"Falling","player_choice":"Removed Attack","floor":38.0,"gold_loss":0.0,"damage_taken":0.0},{"damage_healed":0.0,"max_hp_gain":0.0,"max_hp_loss":0.0,"gold_gain":0.0,"cards_transformed":["Strike_R"],"event_name":"Transmorgrifier","player_choice":"Transformed","floor":39.0,"gold_loss":0.0,"damage_taken":0.0,"cards_obtained":["Fiend Fire"]}],"is_beta":false,"boss_relics":[{"not_picked":["Eternal Feather","Mark of Pain"],"picked":"Fusion Hammer"},{"not_picked":["White Beast Statue","Black Blood"],"picked":"Runic Pyramid"}],"items_purged_floors":[14,27],"is_endless":false,"potions_floor_spawned":[5,10,13,18,20,23,55],"ascension_level":20}