{"gold_per_floor":[119,119,134,154,40,40,73,73,97,113,113,63,28,44,44,140,140,156,172,35,35,50,50,65,65,120,120,70,70,95,116,116,205,205,218,343,368,93,109,109],"floor_reached":40,"playtime":1241,"items_purged":["Strike_G","Strike_G","Deadly Poison","Deadly Poison"],"score":776,"play_id":"ef71e717-b9f2-47e6-b2c1-c7ad91bd684b","local_time":"20190513180237","is_ascension_mode":true,"campfire_choices":[{"data":"Noxious Fumes","floor":6.0,"key":"SMITH"},{"data":"Catalyst","floor":11.0,"key":"SMITH"},{"data":"Deadly Poison","floor":15.0,"key":"SMITH"},{"floor":23.0,"key":"REST"},{"floor":25.0,"key":"REST"},{"data":"Well Laid Plans","floor":29.0,"key":"SMITH"},{"data":"Tactician","floor":32.0,"key":"SMITH"}],"neow_cost":"NONE","seed_source_timestamp":0,"circlet_count":0,"master_deck":["AscendersBane","Neutralize","Tactician+1","Deadly Poison+1","Noxious Fumes+1","Catalyst+1","Grand Finale","Escape Plan","Die Die Die","Footwork","After Image","Backflip","Well Laid Plans+1","After Image","After Image","Prepared"],"special_seed":0,"relics":["Ring of the Snake","NeowsBlessing","Smiling Mask","Golden Idol","Pandora\u0027s Box","FaceOfCleric","Blood Vial","Empty Cage","Pocketwatch","Toxic Egg 2"],"potions_floor_usage":[],"damage_taken":[{"damage":0.0,"enemies":"Jaw Worm","floor":1.0,"turns":1.0},{"damage":0.0,"enemies":"Cultist","floor":3.0,"turns":1.0},{"damage":0.0,"enemies":"Small Slimes","floor":4.0,"turns":1.0},{"damage":42.0,"enemies":"3 Sentries","floor":7.0,"turns":7.0},{"damage":4.0,"enemies":"Blue Slaver","floor":10.0,"turns":4.0},{"damage":7.0,"enemies":"2 Fungi Beasts","floor":14.0,"turns":4.0},{"damage":19.0,"enemies":"The Guardian","floor":16.0,"turns":8.0},{"damage":31.0,"enemies":"2 Thieves","floor":18.0,"turns":4.0},{"damage":0.0,"enemies":"Spheric Guardian","floor":19.0,"turns":3.0},{"damage":5.0,"enemies":"Snecko","floor":22.0,"turns":4.0},{"damage":19.0,"enemies":"Centurion and Healer","floor":24.0,"turns":5.0},{"damage":0.0,"enemies":"Cultist and Chosen","floor":30.0,"turns":6.0},{"damage":24.0,"enemies":"Snake Plant","floor":31.0,"turns":4.0},{"damage":15.0,"enemies":"Collector","floor":33.0,"turns":6.0},{"damage":36.0,"enemies":"3 Shapes","floor":35.0,"turns":4.0},{"damage":0.0,"enemies":"Mind Bloom Boss Battle","floor":36.0,"turns":5.0},{"damage":4.0,"enemies":"Orb Walker","floor":37.0,"turns":3.0},{"damage":0.0,"enemies":"Transient","floor":39.0,"turns":6.0},{"damage":24,"enemies":"Nemesis","floor":40,"turns":4}],"seed_played":"4936936028779976606","potions_obtained":[{"floor":1.0,"key":"Poison Potion"},{"floor":4.0,"key":"Dexterity Potion"},{"floor":19.0,"key":"Explosive Potion"},{"floor":24.0,"key":"Energy Potion"},{"floor":31.0,"key":"Regen Potion"},{"floor":36.0,"key":"AttackPotion"}],"is_trial":false,"path_per_floor":["M","?","M","M","$","R","E","?","T","M","R","$","?","M","R","B",null,"M","M","$","?","M","R","M","R","T","?","$","R","M","M","R","B",null,"M","?","M","$","M","E"],"character_chosen":"THE_SILENT","items_purchased":["Noxious Fumes","Well Laid Plans","Toxic Egg 2"],"campfire_rested":2,"item_purchase_floors":[5,20,38],"current_hp_per_floor":[59,59,59,59,59,59,17,17,17,13,13,13,28,21,21,2,46,15,15,15,15,11,29,11,29,29,29,29,29,32,11,11,13,52,19,22,21,21,24,2],"gold":109,"neow_bonus":"THREE_ENEMY_KILL","is_prod":false,"is_daily":false,"chose_seed":false,"campfire_upgraded":5,"win_rate":0,"timestamp":1557741757,"path_taken":["M","?","?","M","$","R","E","?","T","M","R","$","?","M","R","BOSS","M","M","$","?","?","R","M","R","T","?","$","R","M","M","R","BOSS","M","?","M","$","M","E"],"build_version":"2019-01-23","purchased_purges":4,"victory":false,"max_hp_per_floor":[66,66,66,66,66,66,66,60,60,60,60,60,60,60,60,60,60,60,60,60,60,61,61,62,62,62,62,62,62,63,64,64,65,65,66,67,68,68,69,69],"card_choices":[{"not_picked":["Cloak And Dagger","Quick Slash"],"picked":"Tactician","floor":1.0},{"not_picked":["Flying Knee","Escape Plan"],"picked":"Deadly Poison","floor":3.0},{"not_picked":["Deadly Poison","Dagger Throw","Flying Knee"],"picked":"SKIP","floor":4.0},{"not_picked":["PiercingWail","Footwork"],"picked":"Catalyst","floor":7.0},{"not_picked":["Underhanded Strike","Dodge and Roll","Blade Dance"],"picked":"SKIP","floor":10.0},{"not_picked":["Underhanded Strike","Deadly Poison","Terror"],"picked":"SKIP","floor":14.0},{"not_picked":["Malaise","Tools of the Trade"],"picked":"Grand Finale","floor":16.0},{"not_picked":["Slice","Poisoned Stab"],"picked":"Backflip","floor":18.0},{"not_picked":["Skewer","Dash","Outmaneuver"],"picked":"SKIP","floor":19.0},{"not_picked":["Slice","PiercingWail","Prepared"],"picked":"SKIP","floor":22.0},{"not_picked":["Crippling Poison","Prepared","Sucker Punch+1"],"picked":"SKIP","floor":24.0},{"not_picked":["Quick Slash","Flechettes","Sucker Punch"],"picked":"SKIP","floor":30.0},{"not_picked":["Caltrops","Dagger Throw","Crippling Poison+1"],"picked":"SKIP","floor":31.0},{"not_picked":["Phantasmal Killer","Venomology"],"picked":"After Image","floor":33.0},{"not_picked":["Backflip+1","Reflex","Endless Agony"],"picked":"SKIP","floor":35.0},{"not_picked":["Underhanded Strike+1","Cloak And Dagger"],"picked":"Prepared","floor":36.0},{"not_picked":["PiercingWail+1","Leg Sweep","Flechettes+1"],"picked":"SKIP","floor":37.0},{"not_picked":["Slice","Sucker Punch","Crippling Poison+1"],"picked":"SKIP","floor":39.0}],"player_experience":1644043,"relics_obtained":[{"floor":7.0,"key":"Smiling Mask"},{"floor":26.0,"key":"Blood Vial"},{"floor":36.0,"key":"Pocketwatch"}],"event_choices":[{"cards_removed":["Strike_G"],"damage_healed":0.0,"max_hp_gain":0.0,"max_hp_loss":0.0,"gold_gain":0.0,"event_name":"Bonfire Elementals","player_choice":"Offered Basic","floor":2.0,"gold_loss":0.0,"damage_taken":0.0},{"damage_healed":0.0,"max_hp_gain":0.0,"max_hp_loss":6.0,"gold_gain":0.0,"event_name":"Golden Idol","player_choice":"Lose Max HP","floor":8.0,"gold_loss":0.0,"damage_taken":0.0,"relics_obtained":["Golden Idol"]},{"damage_healed":15.0,"max_hp_gain":0.0,"max_hp_loss":0.0,"gold_gain":0.0,"event_name":"The Cleric","player_choice":"Healed","floor":13.0,"gold_loss":35.0,"damage_taken":0.0},{"damage_healed":0.0,"max_hp_gain":0.0,"max_hp_loss":0.0,"gold_gain":0.0,"event_name":"FaceTrader","player_choice":"Trade","floor":21.0,"gold_loss":0.0,"damage_taken":0.0,"relics_obtained":["FaceOfCleric"]},{"damage_healed":0.0,"max_hp_gain":0.0,"max_hp_loss":0.0,"gold_gain":0.0,"event_name":"Duplicator","player_choice":"Copied","floor":27.0,"gold_loss":0.0,"damage_taken":0.0,"cards_obtained":["After Image"]},{"damage_healed":0.0,"max_hp_gain":0.0,"max_hp_loss":0.0,"gold_gain":0.0,"event_name":"MindBloom","player_choice":"Fight","floor":36.0,"gold_loss":0.0,"damage_taken":0.0}],"is_beta":false,"boss_relics":[{"not_picked":["Ring of the Serpent","Runic Dome"],"picked":"Pandora\u0027s Box"},{"not_picked":["Astrolabe","Fusion Hammer"],"picked":"Empty Cage"}],"items_purged_floors":[5,12,20,28],"is_endless":false,"potions_floor_spawned":[1,4,14,19,24,31,36,37],"killed_by":"Nemesis","ascension_level":20}