{"gold_per_floor":[114,64,64,78,3,36,36,114,140,215,231,259,259,288,288,288],"floor_reached":16,"playtime":385,"items_purged":["Strike_R"],"score":141,"play_id":"3e32e973-ce9f-4be3-a3e5-8075eec8a16a","local_time":"20190403195655","is_ascension_mode":false,"campfire_choices":[{"floor":7,"key":"REST"},{"floor":15,"key":"DIG"}],"neow_cost":"CURSE","seed_source_timestamp":689091376510800,"circlet_count":0,"master_deck":["Strike_R+1","Strike_R","Strike_R+1","Strike_R","Defend_R","Defend_R","Defend_R","Defend_R","Bash","Immolate","Pommel Strike","Combust","Heavy Blade","Regret","Infernal Blade"],"relics":["Burning Blood","Bottled Flame","Pear","Anchor","Strawberry","Red Skull","Shovel","Calipers"],"potions_floor_usage":[6,14,16],"damage_taken":[{"damage":1,"enemies":"Small Slimes","floor":1,"turns":2},{"damage":0,"enemies":"2 Louse","floor":4,"turns":2},{"damage":27,"enemies":"Gremlin Nob","floor":6,"turns":4},{"damage":0,"enemies":"Jaw Worm","floor":11,"turns":3},{"damage":40,"enemies":"Lagavulin","floor":12,"turns":5},{"damage":12,"enemies":"3 Sentries","floor":14,"turns":3},{"damage":50,"enemies":"Hexaghost","floor":16,"turns":7}],"seed_played":"4332316761719658804","potions_obtained":[{"floor":4,"key":"Energy Potion"},{"floor":12,"key":"Energy Potion"},{"floor":14,"key":"AttackPotion"}],"is_trial":false,"path_per_floor":["M","?","?","M","$","E","R","T","T","?","M","E","?","E","R","B"],"character_chosen":"IRONCLAD","items_purchased":[],"campfire_rested":1,"item_purchase_floors":[],"current_hp_per_floor":[80,80,64,70,70,49,73,83,83,72,78,51,51,45,45,0],"gold":288,"neow_bonus":"THREE_RARE_CARDS","is_prod":false,"is_daily":false,"chose_seed":false,"campfire_upgraded":0,"win_rate":0,"timestamp":1554314215,"path_taken":["M","?","?","M","$","E","R","?","T","?","M","E","?","E","R","BOSS"],"build_version":"2019-01-23","purchased_purges":1,"victory":false,"max_hp_per_floor":[80,80,80,80,80,80,80,90,90,90,90,97,97,97,97,97],"card_choices":[{"not_picked":["Bludgeon","Barricade"],"picked":"Immolate","floor":0},{"not_picked":["Cleave","Anger"],"picked":"Pommel Strike","floor":1},{"not_picked":["Flex","Iron Wave","Twin Strike"],"picked":"SKIP","floor":4},{"not_picked":["Uppercut","Wild Strike"],"picked":"Combust","floor":6},{"not_picked":["Uppercut","Body Slam","Reckless Charge"],"picked":"SKIP","floor":11},{"not_picked":["Burning Pact","Reckless Charge"],"picked":"Heavy Blade","floor":12},{"not_picked":["Thunderclap","Warcry"],"picked":"Infernal Blade","floor":14}],"player_experience":1598731,"relics_obtained":[{"floor":6,"key":"Bottled Flame"},{"floor":8,"key":"Pear"},{"floor":9,"key":"Anchor"},{"floor":12,"key":"Strawberry"},{"floor":14,"key":"Shovel"},{"floor":15,"key":"Calipers"}],"event_choices":[{"cards_removed":["Pain"],"damage_healed":0,"gold_gain":0,"player_choice":"Card Removal","damage_taken":0,"max_hp_gain":0,"max_hp_loss":0,"event_name":"The Cleric","floor":2,"gold_loss":50},{"damage_healed":0,"gold_gain":0,"player_choice":"Entered Light","damage_taken":16,"max_hp_gain":0,"max_hp_loss":0,"event_name":"Shining Light","floor":3,"gold_loss":0,"cards_upgraded":["Strike_R","Strike_R"]},{"damage_healed":0,"gold_gain":75,"player_choice":"Gather Gold","damage_taken":11,"max_hp_gain":0,"max_hp_loss":0,"event_name":"World of Goop","floor":10,"gold_loss":0},{"damage_healed":0,"gold_gain":0,"player_choice":"Box","damage_taken":0,"relics_obtained":["Red Skull"],"max_hp_gain":0,"max_hp_loss":0,"event_name":"Big Fish","floor":13,"gold_loss":0,"cards_obtained":["Regret"]}],"is_beta":false,"boss_relics":[],"items_purged_floors":[5],"is_endless":false,"potions_floor_spawned":[4,12,14],"killed_by":"Hexaghost","ascension_level":0}