{"path_per_floor":["M","M","?","$","?","R","E","?","T","M","$","M","?","?","R","B",null,"M","M","?","M","?","R","E","M","T","R","$","?","R","M","R","B",null,"M","?","$","M"],"character_chosen":"IRONCLAD","items_purchased":["Shrug It Off","Whirlwind","Feel No Pain","Inflame","Seeing Red","Feel No Pain","Feel No Pain","Flex","Good Instincts"],"gold_per_floor":[113,126,201,18,18,18,51,51,78,88,49,67,67,132,132,232,232,252,272,187,203,203,203,238,258,258,258,73,73,73,86,86,188,188,199,250,71,91],"floor_reached":39,"campfire_rested":5,"playtime":2903,"current_hp_per_floor":[80,80,69,69,73,87,87,87,87,85,85,84,89,65,92,32,92,70,50,50,24,54,81,52,37,37,64,64,64,91,92,92,38,92,66,35,35,27],"items_purged":["Writhe"],"gold":91,"play_id":"0d15c43e-c9da-4c99-b057-c60aeb84629e","is_prod":false,"is_daily":false,"is_ascension_mode":false,"campfire_upgraded":1,"path_taken":["M","M","?","$","?","R","E","?","T","M","$","?","?","?","R","BOSS","M","?","?","M","?","R","E","M","T","R","$","?","R","M","R","BOSS","M","?","$","M","?"],"build_version":"2018-02-01-PROD3","purchased_purges":1,"victory":false,"master_deck":["Strike_R+1","Strike_R+1","Strike_R+1","Strike_R+1","Strike_R+1","Defend_R+1","Defend_R+1","Defend_R+1","Defend_R+1","Bash","Body Slam","Metallicize","Shrug It Off","Whirlwind","Feel No Pain","Uppercut","Seeing Red+1","Inflame","Corruption+1","Infernal Blade","Double Tap","Dual Wield+1","Twin Strike","Intimidate","Burning Pact+1","Shrug It Off","Seeing Red","Feel No Pain","Warcry","Reaper","Uppercut+1","Infernal Blade+1","Feel No Pain","Flex","Good Instincts","Dual Wield+1"],"max_hp_per_floor":[80,80,80,80,87,87,87,87,87,87,87,87,92,92,92,92,92,92,92,92,92,92,92,92,92,92,92,92,92,92,92,92,92,92,92,92,92,92],"relics":["Burning Blood","NeowsBlessing","Strawberry","Kunai","Bronze Scales","Du-Vu Doll","Cursed Key","Pen Nib","War Paint","Thread and Needle","Philosopher\u0027s Stone","Girya"],"card_choices":[{"not_picked":["Pummel","Perfected Strike"],"picked":"Body Slam"},{"not_picked":["Blood for Blood","Clothesline"],"picked":"Metallicize"},{"not_picked":["Spot Weakness","Shrug It Off"],"picked":"Uppercut"},{"not_picked":["Thunderclap","Pummel"],"picked":"Seeing Red"},{"not_picked":["Clash","Burning Pact"],"picked":"Corruption"},{"not_picked":["Twin Strike","Brutality"],"picked":"Infernal Blade"},{"not_picked":["Demon Form","Berserk"],"picked":"Double Tap"},{"not_picked":["Body Slam","Sword Boomerang"],"picked":"Dual Wield"},{"not_picked":["Clash","Perfected Strike"],"picked":"Twin Strike"},{"not_picked":["Anger","Perfected Strike"],"picked":"Intimidate"},{"not_picked":["Thunderclap","Cleave"],"picked":"Burning Pact"},{"not_picked":["Clothesline","Armaments"],"picked":"Shrug It Off"},{"not_picked":["Headbutt","Perfected Strike"],"picked":"Warcry"},{"not_picked":["Offering","Feed"],"picked":"Reaper"},{"not_picked":["Twin Strike","Dual Wield"],"picked":"Uppercut"},{"not_picked":["Burning Pact","Armaments"],"picked":"Infernal Blade"},{"not_picked":["Hemokinesis","Twin Strike"],"picked":"Dual Wield"}],"player_experience":31297,"potions_floor_usage":[16,16,36,38,39,39],"damage_taken":[{"damage":0,"enemies":"Small Slimes","floor":1,"turns":1},{"damage":0,"enemies":"Cultist","floor":2,"turns":1},{"damage":0,"enemies":"3 Sentries","floor":7,"turns":1},{"damage":8,"enemies":"Blue Slaver","floor":10,"turns":5},{"damage":7,"enemies":"Looter","floor":12,"turns":3},{"damage":30,"enemies":"Lagavulin Event","floor":14,"turns":8},{"damage":66,"enemies":"Hexaghost","floor":16,"turns":10},{"damage":28,"enemies":"Spheric Guardian","floor":18,"turns":5},{"damage":26,"enemies":"3 Byrds","floor":19,"turns":4},{"damage":32,"enemies":"Snake Plant","floor":21,"turns":4},{"damage":35,"enemies":"Slavers","floor":24,"turns":7},{"damage":21,"enemies":"3 Cultists","floor":25,"turns":5},{"damage":0,"enemies":"Centurion and Healer","floor":31,"turns":5},{"damage":60,"enemies":"Automaton","floor":33,"turns":11},{"damage":32,"enemies":"3 Shapes","floor":35,"turns":3},{"damage":41,"enemies":"Mysterious Sphere","floor":36,"turns":7},{"damage":26,"enemies":"3 Darklings","floor":38,"turns":6},{"damage":45,"enemies":"Sphere and 2 Shapes","floor":39,"turns":4}],"event_choices":[{"event_name":"World of Goop","player_choice":"Gather Gold","floor":3,"damage_taken":0},{"event_name":"Scrap Ooze","player_choice":"success","floor":5,"damage_taken":3},{"event_name":"The Cleric","player_choice":"Leave","floor":8,"damage_taken":0},{"event_name":"Big Fish","player_choice":"Donut","floor":13,"damage_taken":0},{"event_name":"Dead Adventurer","player_choice":"Searched \u00273\u0027 times","floor":14,"damage_taken":0},{"event_name":"Addict","player_choice":"Obtained Relic","floor":20,"damage_taken":0},{"event_name":"The Library","player_choice":"Heal","floor":22,"damage_taken":0},{"event_name":"Back to Basics","player_choice":"Simplicity","floor":29,"damage_taken":0},{"event_name":"Mysterious Sphere","player_choice":"Fight","floor":36,"damage_taken":0}],"boss_relics":[{"not_picked":["Mark of Pain","Black Star"],"picked":"Cursed Key"},{"not_picked":["Orrery","Eternal Feather"],"picked":"Philosopher\u0027s Stone"}],"potions_floor_spawned":[1,12,18,21,33,35,38],"seed_played":"-1167084680345330981","killed_by":"Sphere and 2 Shapes","ascension_level":0,"is_trial":false}