{"gold_per_floor":[114,130,130,15,28,28,58,77,77,77,89,116,132,145,145,246,246,171,26,26,26,26,26,26,26,26,26,26,26,26,26,26,26,26,26,26,26,26,26,26,26,26,26,26,26,26],"floor_reached":46,"playtime":2190,"items_purged":[],"score":621,"play_id":"45c4dbcb-4e30-4303-ada9-416c8f09788c","local_time":"20190427192800","is_ascension_mode":true,"campfire_choices":[{"data":"Zap","floor":6.0,"key":"SMITH"},{"data":"Loop","floor":15,"key":"SMITH"},{"floor":23,"key":"REST"},{"floor":27,"key":"REST"},{"floor":32,"key":"REST"},{"floor":40,"key":"REST"},{"data":"Creative AI","floor":42,"key":"SMITH"}],"neow_cost":"NONE","seed_source_timestamp":0,"circlet_count":0,"master_deck":["Strike_B","Strike_B","Defend_B","Defend_B","Defend_B","Zap+1","Dualcast","Go for the Eyes","Self Repair","Ball Lightning","FTL","FTL","Buffer","Genetic Algorithm","Streamline","Doom and Gloom","Darkness","Loop+1","Amplify","Steam+1","Hologram","Sweeping Beam","Steam","Go for the Eyes+1","Stack","Turbo+1","Electrodynamics","Darkness","Creative AI+1","Redo+1","Conserve Battery","Storm+1"],"special_seed":0,"relics":["Cracked Core","NlothsMask","Bottled Tornado","Pantograph","Lantern","Ectoplasm","Bronze Scales","Red Mask","Old Coin","FossilizedHelix","Calipers","Empty Cage","DataDisk"],"potions_floor_usage":[31],"damage_taken":[{"damage":1.0,"enemies":"Cultist","floor":1.0,"turns":3.0},{"damage":0.0,"enemies":"Jaw Worm","floor":2.0,"turns":3.0},{"damage":0.0,"enemies":"2 Louse","floor":5.0,"turns":3.0},{"damage":15.0,"enemies":"Lagavulin","floor":7.0,"turns":7.0},{"damage":3,"enemies":"Exordium Thugs","floor":8,"turns":4},{"damage":14,"enemies":"Gremlin Gang","floor":11,"turns":4},{"damage":18,"enemies":"Gremlin Nob","floor":12,"turns":3},{"damage":0,"enemies":"Looter","floor":13,"turns":2},{"damage":0,"enemies":"3 Louse","floor":14,"turns":3},{"damage":15,"enemies":"The Guardian","floor":16,"turns":8},{"damage":27,"enemies":"2 Thieves","floor":18,"turns":4},{"damage":0,"enemies":"Spheric Guardian","floor":20,"turns":3},{"damage":28,"enemies":"Masked Bandits","floor":21,"turns":4},{"damage":25,"enemies":"3 Cultists","floor":22,"turns":5},{"damage":44,"enemies":"Slavers","floor":24,"turns":6},{"damage":6,"enemies":"Snake Plant","floor":28,"turns":3},{"damage":7,"enemies":"Snecko","floor":29,"turns":6},{"damage":0,"enemies":"Centurion and Healer","floor":30,"turns":6},{"damage":28,"enemies":"Book of Stabbing","floor":31,"turns":5},{"damage":65,"enemies":"Champ","floor":33,"turns":10},{"damage":4,"enemies":"Orb Walker","floor":35,"turns":4},{"damage":16,"enemies":"3 Shapes","floor":36,"turns":4},{"damage":33,"enemies":"Spire Growth","floor":37,"turns":6},{"damage":26,"enemies":"Maw","floor":39,"turns":8},{"damage":0,"enemies":"Transient","floor":41,"turns":5},{"damage":0,"enemies":"3 Darklings","floor":44,"turns":2},{"damage":60,"enemies":"Reptomancer","floor":46,"turns":2}],"seed_played":"7138564977047744956","potions_obtained":[{"floor":2.0,"key":"Dexterity Potion"},{"floor":7,"key":"SmokeBomb"},{"floor":11,"key":"Weak Potion"},{"floor":13,"key":"Strength Potion"},{"floor":31,"key":"Fire Potion"},{"floor":35,"key":"LiquidBronze"}],"is_trial":false,"path_per_floor":["M","M","?","$","M","R","E","M","T","?","M","E","M","M","R","B",null,"M","$","M","?","M","R","E","?","T","R","M","M","M","E","R","B",null,"M","M","M","?","M","R","M","R","T","M","?","E"],"character_chosen":"DEFECT","items_purchased":["Ball Lightning","FTL","Bronze Scales"],"campfire_rested":4,"item_purchase_floors":[4,4,19],"current_hp_per_floor":[74,74,74,74,81,81,73,77,77,77,63,45,45,52,52,69,79,59,59,66,45,27,51,14,14,14,38,39,39,46,25,49,16,66,62,53,27,27,8,32,39,39,39,46,46,0],"gold":26,"neow_bonus":"TEN_PERCENT_HP_BONUS","is_prod":false,"is_daily":false,"chose_seed":false,"campfire_upgraded":3,"win_rate":0,"timestamp":1556418480,"path_taken":["M","?","?","$","M","R","E","M","T","?","M","E","M","?","R","BOSS","M","$","M","?","M","R","E","?","T","R","?","M","M","E","R","BOSS","M","?","M","?","M","R","M","R","T","M","?","E"],"build_version":"2019-01-23","purchased_purges":0,"victory":false,"max_hp_per_floor":[82,82,82,82,82,82,82,82,82,82,82,82,82,82,82,82,82,82,82,82,82,82,82,82,82,82,82,82,82,82,82,82,82,82,82,82,82,82,82,82,82,82,82,82,82,82],"card_choices":[{"not_picked":["Aggregate","Recycle"],"picked":"Go for the Eyes","floor":1.0},{"not_picked":["Turbo","Chill"],"picked":"Self Repair","floor":2.0},{"not_picked":["Redo","Stack"],"picked":"FTL","floor":5.0},{"not_picked":["Conserve Battery","Ball Lightning"],"picked":"Buffer","floor":7},{"not_picked":["Capacitor","Coolheaded"],"picked":"Genetic Algorithm","floor":8},{"not_picked":["Beam Cell","Recycle"],"picked":"Streamline","floor":11},{"not_picked":["Tempest","Reprogram"],"picked":"Doom and Gloom","floor":12},{"not_picked":["Rebound","Static Discharge"],"picked":"Darkness","floor":13},{"not_picked":["Gash","Double Energy"],"picked":"Loop","floor":14},{"not_picked":["Fission","Reboot"],"picked":"Amplify","floor":16},{"not_picked":["Undo","Chaos"],"picked":"Steam+1","floor":18},{"not_picked":["Aggregate","Blizzard+1"],"picked":"Hologram","floor":20},{"not_picked":["Auto Shields","Hologram"],"picked":"Sweeping Beam","floor":21},{"not_picked":["Amplify","Blizzard"],"picked":"Steam","floor":22},{"not_picked":["Compile Driver","Chaos"],"picked":"Go for the Eyes+1","floor":24},{"not_picked":["Sweeping Beam","Force Field"],"picked":"Stack","floor":28},{"not_picked":["Rebound+1","Storm+1"],"picked":"Turbo+1","floor":29},{"not_picked":["Self Repair","Consume"],"picked":"Electrodynamics","floor":30},{"not_picked":["Compile Driver","Lockon"],"picked":"Darkness","floor":31},{"not_picked":["Seek","Hyperbeam"],"picked":"Creative AI","floor":33},{"not_picked":["Fusion+1","Compile Driver"],"picked":"Redo+1","floor":35},{"not_picked":["Compile Driver+1","Cold Snap","Barrage+1"],"picked":"SKIP","floor":36},{"not_picked":["Steam Power","Chaos","Capacitor+1"],"picked":"SKIP","floor":37},{"not_picked":["Hello World+1","Streamline"],"picked":"Conserve Battery","floor":39},{"not_picked":["Beam Cell","Leap"],"picked":"Storm+1","floor":41},{"not_picked":["Beam Cell+1","Auto Shields+1","Force Field+1"],"picked":"SKIP","floor":44}],"player_experience":390214,"relics_obtained":[{"floor":7,"key":"Bottled Tornado"},{"floor":12,"key":"Lantern"},{"floor":21,"key":"Red Mask"},{"floor":24,"key":"Old Coin"},{"floor":26,"key":"FossilizedHelix"},{"floor":31,"key":"Calipers"},{"floor":43,"key":"DataDisk"}],"event_choices":[{"damage_healed":0.0,"max_hp_gain":0.0,"max_hp_loss":0.0,"gold_gain":0.0,"event_name":"FaceTrader","player_choice":"Trade","floor":3.0,"gold_loss":0.0,"damage_taken":0.0,"relics_obtained":["NlothsMask"]},{"damage_healed":0,"gold_gain":0,"player_choice":"Gave Potion","damage_taken":0,"relics_obtained":["Pantograph"],"max_hp_gain":0,"max_hp_loss":0,"event_name":"WeMeetAgain","floor":10,"gold_loss":0},{"damage_healed":0,"gold_gain":0,"player_choice":"Fought Bandits","damage_taken":0,"max_hp_gain":0,"max_hp_loss":0,"event_name":"Masked Bandits","floor":21,"gold_loss":0},{"damage_healed":0,"gold_gain":100,"player_choice":"Pray","damage_taken":0,"max_hp_gain":0,"max_hp_loss":0,"event_name":"Golden Shrine","floor":25,"gold_loss":0},{"cards_removed":["Defend_B"],"damage_healed":0,"gold_gain":0,"player_choice":"Removed Skill","damage_taken":0,"max_hp_gain":0,"max_hp_loss":0,"event_name":"Falling","floor":38,"gold_loss":0},{"damage_healed":0,"gold_gain":222,"player_choice":"Wore Mask","damage_taken":0,"max_hp_gain":0,"max_hp_loss":0,"event_name":"Tomb of Lord Red Mask","floor":45,"gold_loss":0}],"is_beta":false,"boss_relics":[{"not_picked":["White Beast Statue","Nuclear Battery"],"picked":"Ectoplasm"},{"not_picked":["Lizard Tail","Pandora\u0027s Box"],"picked":"Empty Cage"}],"items_purged_floors":[],"is_endless":false,"potions_floor_spawned":[2,7,11,13,20,24,28,30,31,35,37,44],"killed_by":"Reptomancer","ascension_level":6}