{"gold_per_floor":[118,218,237,254,68,100,100,113,113,113,113,113,134,149,149,149],"floor_reached":16,"playtime":661,"items_purged":[],"score":158,"play_id":"4dcafd4e-0e5d-4847-8609-4afa41a3a773","local_time":"20190512220337","is_ascension_mode":true,"campfire_choices":[{"floor":7,"key":"REST"},{"data":"Eviscerate","floor":10,"key":"SMITH"},{"floor":15,"key":"REST"}],"neow_cost":"NONE","seed_source_timestamp":38473917249600,"circlet_count":0,"master_deck":["AscendersBane","Defend_G","Defend_G","Defend_G","Defend_G","Defend_G","Strike_G","Strike_G","Strike_G","Strike_G","Strike_G","Survivor","Neutralize","Eviscerate+1","Prepared","Predator","Mayhem","Dagger Spray","Injury","Flying Knee"],"relics":["HoveringKite","Centennial Puzzle","Happy Flower","Golden Idol"],"potions_floor_usage":[6,14],"damage_taken":[{"damage":8,"enemies":"Small Slimes","floor":1,"turns":5},{"damage":0,"enemies":"Cultist","floor":3,"turns":4},{"damage":0,"enemies":"2 Louse","floor":4,"turns":3},{"damage":22,"enemies":"Lagavulin","floor":6,"turns":6},{"damage":4,"enemies":"Red Slaver","floor":8,"turns":3},{"damage":8,"enemies":"Looter","floor":13,"turns":2},{"damage":7,"enemies":"Large Slime","floor":14,"turns":6},{"damage":59,"enemies":"Hexaghost","floor":16,"turns":11}],"seed_played":"758991312478432027","potions_obtained":[{"floor":1,"key":"EssenceOfSteel"},{"floor":3,"key":"Poison Potion"},{"floor":6,"key":"Fire Potion"},{"floor":12,"key":"SmokeBomb"}],"is_trial":false,"path_per_floor":["M","?","M","M","$","E","R","M","T","R","?","?","M","M","R","B"],"character_chosen":"THE_SILENT","items_purchased":["Mayhem"],"campfire_rested":2,"item_purchase_floors":[5],"current_hp_per_floor":[55,55,55,55,55,33,54,50,50,50,50,50,42,35,56,0],"gold":149,"neow_bonus":"BOSS_RELIC","is_prod":false,"is_daily":false,"chose_seed":false,"campfire_upgraded":1,"win_rate":0,"timestamp":1557691417,"path_taken":["M","?","?","M","$","E","R","M","T","R","?","?","?","M","R","BOSS"],"build_version":"2019-01-23","purchased_purges":0,"victory":false,"max_hp_per_floor":[70,70,70,70,70,70,70,70,70,70,70,70,70,70,70,70],"card_choices":[{"not_picked":["Reflex","Deflect"],"picked":"Eviscerate","floor":1},{"not_picked":["Deadly Poison","Cloak And Dagger"],"picked":"Prepared","floor":3},{"not_picked":["Outmaneuver","Flying Knee"],"picked":"Predator","floor":4},{"not_picked":["PiercingWail","Dagger Throw","Cloak And Dagger"],"picked":"SKIP","floor":6},{"not_picked":["Quick Slash","Reflex"],"picked":"Dagger Spray","floor":8},{"not_picked":["Grand Finale","PiercingWail","Slice"],"picked":"SKIP","floor":13},{"not_picked":["Deflect","Poisoned Stab"],"picked":"Flying Knee","floor":14}],"player_experience":1844732,"relics_obtained":[{"floor":6,"key":"Centennial Puzzle"},{"floor":9,"key":"Happy Flower"}],"event_choices":[{"damage_healed":0,"gold_gain":100,"player_choice":"Gold","damage_taken":0,"max_hp_gain":0,"max_hp_loss":0,"event_name":"Wheel of Change","floor":2,"gold_loss":0},{"damage_healed":0,"gold_gain":0,"player_choice":"Take Wound","damage_taken":0,"relics_obtained":["Golden Idol"],"max_hp_gain":0,"max_hp_loss":0,"event_name":"Golden Idol","floor":11,"gold_loss":0,"cards_obtained":["Injury"]},{"damage_healed":0,"gold_gain":0,"player_choice":"Got Potions","damage_taken":0,"max_hp_gain":0,"max_hp_loss":0,"event_name":"Lab","floor":12,"gold_loss":0}],"is_beta":false,"boss_relics":[],"items_purged_floors":[],"is_endless":false,"potions_floor_spawned":[1,3,6],"killed_by":"Hexaghost","ascension_level":11}