{"gold_per_floor":[117,127,142,69,69,69,84,84,158,83,151,151,190,205,205,336,336,355,355,34,48,48,48,92,92,139,139,178,215,240,270,282,422,434,470,103,103,103,103,103,126,126,126,251,292,292,292,312,312,312],"floor_reached":50,"playtime":2116,"items_purged":["Injury","Regret","Pain"],"score":969,"play_id":"fa69dc54-2e7f-4617-8306-a0e31f1f68a9","local_time":"20190319223316","is_ascension_mode":true,"campfire_choices":[{"data":"Catalyst","floor":6,"key":"SMITH"},{"data":"Catalyst","floor":8,"key":"SMITH"},{"floor":15,"key":"REST"},{"floor":23,"key":"REST"},{"floor":25,"key":"REST"},{"floor":27,"key":"REST"},{"floor":32,"key":"REST"},{"data":"Wraith Form v2","floor":40,"key":"SMITH"},{"data":"Distraction","floor":42,"key":"SMITH"},{"data":"Enlightenment","floor":49,"key":"SMITH"}],"neow_cost":"NONE","seed_source_timestamp":445295292766500,"circlet_count":0,"master_deck":["AscendersBane","Survivor","Neutralize","Catalyst+1","Bane","Deadly Poison","Catalyst+1","Predator","Wraith Form v2+1","Heel Hook","Finisher","Distraction+1","Poisoned Stab","Backstab","Reflex","Crippling Poison","Envenom","Concentrate","Underhanded Strike","Poisoned Stab","Noxious Fumes","Dash","Bouncing Flask","Deadly Poison+1","Corpse Explosion","Parasite","Doubt","Injury","Writhe","Enlightenment+1","The Bomb","Mayhem","Footwork"],"relics":["Ring of the Snake","NeowsBlessing","Golden Idol","Darkstone Periapt","Vajra","Strawberry","Pandora\u0027s Box","Nilry\u0027s Codex","WarpedTongs","Regal Pillow","Snake Skull","MawBank","Calling Bell","Happy Flower","Meat on the Bone","WingedGreaves","Pear","Omamori","Bottled Lightning","Dead Branch","Smiling Mask"],"potions_floor_usage":[7,24,24,28,50,50,50],"damage_taken":[{"damage":0,"enemies":"Cultist","floor":1,"turns":1},{"damage":0,"enemies":"Jaw Worm","floor":2,"turns":1},{"damage":0,"enemies":"Small Slimes","floor":3,"turns":1},{"damage":1,"enemies":"2 Fungi Beasts","floor":7,"turns":4},{"damage":26,"enemies":"Gremlin Nob","floor":13,"turns":4},{"damage":10,"enemies":"Blue Slaver","floor":14,"turns":3},{"damage":28,"enemies":"The Guardian","floor":16,"turns":8},{"damage":20,"enemies":"2 Thieves","floor":18,"turns":5},{"damage":0,"enemies":"Chosen","floor":21,"turns":3},{"damage":50,"enemies":"Gremlin Leader","floor":24,"turns":5},{"damage":12,"enemies":"Book of Stabbing","floor":28,"turns":4},{"damage":24,"enemies":"Sentry and Sphere","floor":29,"turns":4},{"damage":14,"enemies":"Snake Plant","floor":30,"turns":5},{"damage":23,"enemies":"Centurion and Healer","floor":31,"turns":5},{"damage":20,"enemies":"Automaton","floor":33,"turns":4},{"damage":10,"enemies":"Orb Walker","floor":35,"turns":3},{"damage":64,"enemies":"Mind Bloom Boss Battle","floor":44,"turns":4},{"damage":56,"enemies":"Giant Head","floor":45,"turns":6},{"damage":0,"enemies":"3 Shapes","floor":48,"turns":2},{"damage":127,"enemies":"Time Eater","floor":50,"turns":8}],"seed_played":"-7325187876246491280","potions_obtained":[{"floor":2,"key":"Strength Potion"},{"floor":13,"key":"SpeedPotion"},{"floor":14,"key":"Explosive Potion"},{"floor":16,"key":"Strength Potion"},{"floor":24,"key":"Energy Potion"},{"floor":30,"key":"Ancient Potion"},{"floor":33,"key":"SpeedPotion"},{"floor":35,"key":"Poison Potion"}],"is_trial":false,"path_per_floor":["M","M","M","$","?","R","M","R","T","$","?","?","E","M","R","B",null,"M","?","$","M","?","R","E","R","T","R","E","M","M","M","R","B",null,"M","$","$","?","?","R","T","R","T","?","E","?","?","M","R","B"],"character_chosen":"THE_SILENT","items_purchased":["Catalyst","Noxious Fumes","Dash","Bouncing Flask","Pear"],"campfire_rested":5,"item_purchase_floors":[4,20,20,20,36],"current_hp_per_floor":[63,63,63,63,63,63,62,62,62,62,62,68,49,39,63,35,71,51,35,35,35,41,67,17,58,58,89,77,53,39,16,57,37,94,84,94,94,123,113,113,113,113,113,61,17,17,123,123,123,0],"gold":312,"neow_bonus":"THREE_ENEMY_KILL","is_prod":false,"is_daily":false,"chose_seed":false,"campfire_upgraded":5,"win_rate":0,"timestamp":1553031196,"path_taken":["M","M","?","$","?","R","M","R","T","?","?","?","E","M","R","BOSS","M","?","$","M","?","R","E","R","T","R","E","M","?","M","R","BOSS","M","$","$","?","?","R","?","R","T","?","E","?","?","M","R","BOSS"],"build_version":"2019-01-23","purchased_purges":3,"victory":false,"max_hp_per_floor":[70,70,70,70,70,70,70,70,70,70,70,76,83,83,83,83,83,83,83,83,83,89,89,89,89,89,89,89,89,89,89,89,89,107,107,117,117,123,123,123,123,123,123,123,123,123,123,123,123,123],"card_choices":[{"not_picked":["Poisoned Stab","Deflect"],"picked":"Catalyst","floor":1},{"not_picked":["Backstab","Calculated Gamble"],"picked":"Bane","floor":2},{"not_picked":["Heel Hook","Caltrops"],"picked":"Deadly Poison","floor":3},{"not_picked":["Acrobatics","Infinite Blades"],"picked":"Predator","floor":7},{"not_picked":["Terror","Blade Dance","Sucker Punch"],"picked":"SKIP","floor":13},{"not_picked":["Heel Hook","Tactician","Masterful Stab"],"picked":"SKIP","floor":14},{"not_picked":["Malaise","Glass Knife"],"picked":"Wraith Form v2","floor":16},{"not_picked":["Bane","Backflip+1"],"picked":"Poisoned Stab","floor":18},{"not_picked":["Setup","Skewer","Blade Dance"],"picked":"SKIP","floor":21},{"not_picked":["Finisher","Blur+1","Crippling Poison"],"picked":"SKIP","floor":24},{"not_picked":["All Out Attack","Predator+1"],"picked":"Deadly Poison+1","floor":28},{"not_picked":["Blade Dance","Prepared","PiercingWail"],"picked":"SKIP","floor":29},{"not_picked":["Slice","Well Laid Plans","Dodge and Roll+1"],"picked":"SKIP","floor":30},{"not_picked":["Flechettes","Cloak And Dagger","Sucker Punch"],"picked":"SKIP","floor":31},{"not_picked":["Doppelganger","Bullet Time"],"picked":"Corpse Explosion","floor":33},{"not_picked":["Blade Dance+1","Dodge and Roll+1","Skewer"],"picked":"SKIP","floor":35},{"not_picked":["Magnetism","Finesse"],"picked":"Enlightenment","floor":39},{"not_picked":["Violence","Flash of Steel"],"picked":"The Bomb","floor":39},{"not_picked":["Enlightenment","Panacea"],"picked":"Mayhem","floor":39},{"not_picked":["Setup+1","Infinite Blades","Quick Slash"],"picked":"SKIP","floor":45},{"not_picked":["Cloak And Dagger","Skewer+1"],"picked":"Footwork","floor":48}],"player_experience":1548789,"relics_obtained":[{"floor":9,"key":"Darkstone Periapt"},{"floor":13,"key":"Strawberry"},{"floor":19,"key":"Nilry\u0027s Codex"},{"floor":24,"key":"Regal Pillow"},{"floor":26,"key":"Snake Skull"},{"floor":28,"key":"MawBank"},{"floor":34,"key":"Happy Flower"},{"floor":34,"key":"Meat on the Bone"},{"floor":34,"key":"WingedGreaves"},{"floor":41,"key":"Omamori"},{"floor":43,"key":"Bottled Lightning"},{"floor":44,"key":"Dead Branch"},{"floor":45,"key":"Smiling Mask"}],"event_choices":[{"damage_healed":0,"gold_gain":0,"player_choice":"Take Wound","damage_taken":0,"relics_obtained":["Golden Idol"],"max_hp_gain":0,"max_hp_loss":0,"event_name":"Golden Idol","floor":5,"gold_loss":0,"cards_obtained":["Injury"]},{"damage_healed":0,"gold_gain":68,"player_choice":"Gained Gold","damage_taken":0,"max_hp_gain":0,"max_hp_loss":0,"event_name":"Golden Wing","floor":11,"gold_loss":0},{"damage_healed":0,"gold_gain":0,"player_choice":"Box","damage_taken":0,"relics_obtained":["Vajra"],"max_hp_gain":0,"max_hp_loss":0,"event_name":"Big Fish","floor":12,"gold_loss":0,"cards_obtained":["Regret"]},{"damage_healed":0,"gold_gain":0,"player_choice":"Obtained Book","damage_taken":16,"max_hp_gain":0,"max_hp_loss":0,"event_name":"Cursed Tome","floor":19,"gold_loss":0},{"damage_healed":0,"gold_gain":0,"player_choice":"Rummage","damage_taken":0,"relics_obtained":["WarpedTongs"],"max_hp_gain":0,"max_hp_loss":0,"event_name":"Accursed Blacksmith","floor":22,"gold_loss":0,"cards_obtained":["Pain"]},{"damage_healed":29,"gold_gain":0,"player_choice":"Writhe","damage_taken":0,"max_hp_gain":0,"max_hp_loss":0,"event_name":"Winding Halls","floor":38,"gold_loss":0,"cards_obtained":["Writhe"]},{"damage_healed":0,"gold_gain":0,"player_choice":"Memory 3","damage_taken":10,"max_hp_gain":0,"max_hp_loss":0,"event_name":"SensoryStone","floor":39,"gold_loss":0},{"damage_healed":0,"gold_gain":0,"player_choice":"Fight","damage_taken":0,"max_hp_gain":0,"max_hp_loss":0,"event_name":"MindBloom","floor":44,"gold_loss":0},{"damage_healed":0,"gold_gain":0,"player_choice":"Ignored","damage_taken":0,"max_hp_gain":0,"max_hp_loss":0,"event_name":"Tomb of Lord Red Mask","floor":46,"gold_loss":0},{"damage_healed":106,"gold_gain":0,"player_choice":"Full Heal","damage_taken":0,"max_hp_gain":0,"max_hp_loss":0,"event_name":"Wheel of Change","floor":47,"gold_loss":0}],"is_beta":false,"boss_relics":[{"not_picked":["Runic Dome","Runic Pyramid"],"picked":"Pandora\u0027s Box"},{"not_picked":["Velvet Choker","Coffee Dripper"],"picked":"Calling Bell"}],"items_purged_floors":[10,20,36],"is_endless":false,"potions_floor_spawned":[2,13,14,16,18,24,30,33,35],"killed_by":"Time Eater","ascension_level":10}