{"gold_per_floor":[11,30,30,30,44,44,63,63,63,63,76,76,76,76,76,175,175,186,186,81,81,91,91,118,78,78,89,89,101,117,117],"floor_reached":31,"playtime":2710,"items_purged":[],"score":245,"play_id":"0993149c-aa54-4988-abc0-09cf98007030","local_time":"20181126230446","is_ascension_mode":false,"campfire_choices":[{"data":"Infinite Blades","floor":6.0,"key":"SMITH"},{"data":"Dagger Spray","floor":10.0,"key":"SMITH"},{"data":"After Image","floor":13,"key":"SMITH"},{"floor":15,"key":"REST"},{"floor":23,"key":"REST"},{"floor":28,"key":"REST"}],"neow_cost":"NO_GOLD","seed_source_timestamp":337965525186644,"circlet_count":0,"master_deck":["Defend_G","Defend_G","Defend_G","Strike_G","Strike_G","Strike_G","Strike_G","Survivor","Neutralize","After Image+1","Dagger Spray+1","Infinite Blades+1","Escape Plan","Dagger Spray+1","Blade Dance","Well Laid Plans+1","Blade Dance+1","Footwork+1","Noxious Fumes+1","Noxious Fumes+1","Blade Dance"],"special_seed":0,"relics":["Ring of the Snake","Frozen Egg 2","Darkstone Periapt","Empty Cage","Singing Bowl","Letter Opener","Paper Crane"],"potions_floor_usage":[24,24,29,30,31],"damage_taken":[{"damage":0.0,"enemies":"Small Slimes","floor":1.0,"turns":6.0},{"damage":0.0,"enemies":"Jaw Worm","floor":2.0,"turns":4.0},{"damage":2.0,"enemies":"2 Louse","floor":5.0,"turns":2.0},{"damage":2.0,"enemies":"Large Slime","floor":7.0,"turns":6.0},{"damage":0.0,"enemies":"2 Fungi Beasts","floor":11.0,"turns":3.0},{"damage":47,"enemies":"Slime Boss","floor":16,"turns":17},{"damage":24,"enemies":"2 Thieves","floor":18,"turns":5},{"damage":4,"enemies":"Spheric Guardian","floor":22,"turns":5},{"damage":6,"enemies":"Book of Stabbing","floor":24,"turns":7},{"damage":54,"enemies":"Cultist and Chosen","floor":27,"turns":9},{"damage":13,"enemies":"Snake Plant","floor":29,"turns":7},{"damage":10,"enemies":"Centurion and Healer","floor":30,"turns":7},{"damage":16,"enemies":"Snecko","floor":31,"turns":5}],"seed_played":"6970660581118642248","potions_obtained":[{"floor":1.0,"key":"Energy Potion"},{"floor":16,"key":"Poison Potion"},{"floor":27,"key":"AttackPotion"},{"floor":29,"key":"Weak Potion"},{"floor":30,"key":"Dexterity Potion"}],"is_trial":false,"path_per_floor":["M","M","?","?","M","R","M","$","T","R","M","?","R","?","R","B",null,"M","?","$","?","M","R","E","?","T","M","R","M","M","M"],"character_chosen":"THE_SILENT","items_purchased":["Blade Dance","Well Laid Plans+1"],"campfire_rested":3,"item_purchase_floors":[20,20],"current_hp_per_floor":[70,70,70,63,61,61,59,59,59,59,59,59,59,41,62,15,70,46,46,46,46,42,63,59,59,59,5,26,13,3,0],"gold":117,"neow_bonus":"THREE_RARE_CARDS","is_prod":false,"is_daily":false,"chose_seed":false,"campfire_upgraded":3,"win_rate":0.0,"timestamp":1543241086,"path_taken":["M","M","?","?","M","R","M","$","T","R","M","?","R","?","R","BOSS","M","?","$","?","M","R","E","?","T","M","R","?","M","M"],"build_version":"2018-11-15","purchased_purges":0,"victory":false,"max_hp_per_floor":[70,70,70,70,70,70,70,70,70,70,70,70,70,70,70,70,70,70,70,70,70,70,70,72,72,72,72,72,72,72,72],"card_choices":[{"not_picked":["Phantasmal Killer","Envenom"],"picked":"After Image","floor":0.0},{"not_picked":["Distraction","Slice"],"picked":"Dagger Spray","floor":1.0},{"not_picked":["Underhanded Strike","Bane","Dodge and Roll"],"picked":"SKIP","floor":2.0},{"not_picked":["Terror","Prepared"],"picked":"Infinite Blades","floor":5.0},{"not_picked":["Riddle With Holes","Dodge and Roll"],"picked":"Escape Plan","floor":7.0},{"not_picked":["PiercingWail","Die Die Die","Backstab"],"picked":"SKIP","floor":11.0},{"not_picked":["Dagger Throw","Prepared"],"picked":"Dagger Spray+1","floor":18},{"not_picked":["Poisoned Stab","Masterful Stab+1"],"picked":"Footwork+1","floor":22},{"not_picked":["Dagger Throw","Eviscerate","Predator+1"],"picked":"Singing Bowl","floor":24},{"not_picked":["Poisoned Stab+1","Bane"],"picked":"Noxious Fumes+1","floor":27},{"not_picked":["Leg Sweep","Poisoned Stab"],"picked":"Noxious Fumes+1","floor":29},{"not_picked":["Flying Knee","Riddle With Holes"],"picked":"Blade Dance","floor":30}],"player_experience":113884,"relics_obtained":[{"floor":9.0,"key":"Frozen Egg 2"},{"floor":24,"key":"Letter Opener"},{"floor":26,"key":"Paper Crane"}],"event_choices":[{"damage_healed":0.0,"max_hp_gain":0.0,"max_hp_loss":0.0,"gold_gain":0.0,"event_name":"The Cleric","player_choice":"Leave","floor":3.0,"gold_loss":0.0,"damage_taken":0.0},{"cards_removed":["Strike_G"],"damage_healed":0.0,"max_hp_gain":0.0,"max_hp_loss":0.0,"gold_gain":0.0,"event_name":"Golden Wing","player_choice":"Card Removal","floor":4.0,"gold_loss":0.0,"damage_taken":7.0},{"damage_healed":0,"gold_gain":0,"player_choice":"Searched \u00270\u0027 times","damage_taken":0,"max_hp_gain":0,"max_hp_loss":0,"event_name":"Dead Adventurer","floor":12,"gold_loss":0},{"damage_healed":0,"gold_gain":0,"player_choice":"Success","damage_taken":18,"relics_obtained":["Darkstone Periapt"],"max_hp_gain":0,"max_hp_loss":0,"event_name":"Scrap Ooze","floor":14,"gold_loss":0},{"damage_healed":0,"gold_gain":0,"player_choice":"Opened","damage_taken":0,"relics_obtained":["Singing Bowl"],"max_hp_gain":0,"max_hp_loss":0,"event_name":"The Mausoleum","floor":19,"gold_loss":0},{"damage_healed":0,"gold_gain":0,"player_choice":"Read","damage_taken":0,"max_hp_gain":0,"max_hp_loss":0,"event_name":"The Library","floor":21,"gold_loss":0,"cards_obtained":["Blade Dance"]},{"damage_healed":0,"gold_gain":0,"player_choice":"Upgrade","damage_taken":0,"max_hp_gain":0,"max_hp_loss":0,"event_name":"Designer","floor":25,"gold_loss":40,"cards_upgraded":["Blade Dance"]}],"is_beta":false,"boss_relics":[{"not_picked":["Tiny House","Ring of the Serpent"],"picked":"Empty Cage"}],"items_purged_floors":[],"is_endless":false,"potions_floor_spawned":[1,16,27,29,30],"killed_by":"Snecko","ascension_level":0}