{"gold_per_floor":[118,131,144,219,237,269,269,296,322,322,342,342],"floor_reached":12,"playtime":506,"items_purged":[],"score":95,"play_id":"4c6eb711-2878-417b-8cea-af80b82e98b1","local_time":"20190514062857","is_ascension_mode":true,"campfire_choices":[{"floor":7,"key":"REST"},{"floor":10,"key":"REST"}],"neow_cost":"NONE","seed_source_timestamp":149592628602587,"circlet_count":0,"master_deck":["Strike_B","Strike_B","Strike_B","Strike_B","Defend_B","Defend_B","Defend_B","Defend_B","Zap","Dualcast","Cold Snap","Capacitor","Reprogram","Redo","Barrage","Blizzard","Leap"],"relics":["Cracked Core","Gambling Chip","Vajra","Omamori"],"potions_floor_usage":[],"damage_taken":[{"damage":3,"enemies":"2 Louse","floor":1,"turns":3},{"damage":11,"enemies":"Jaw Worm","floor":2,"turns":3},{"damage":0,"enemies":"Cultist","floor":3,"turns":4},{"damage":13,"enemies":"Large Slime","floor":5,"turns":8},{"damage":30,"enemies":"Lagavulin","floor":6,"turns":9},{"damage":32,"enemies":"3 Sentries","floor":8,"turns":8},{"damage":5,"enemies":"Blue Slaver","floor":11,"turns":5},{"damage":28,"enemies":"The Mushroom Lair","floor":12,"turns":3}],"seed_played":"6973441623342636036","potions_obtained":[],"is_trial":false,"path_per_floor":["M","M","M","?","M","E","R","E","T","R","M","?"],"character_chosen":"DEFECT","items_purchased":[],"campfire_rested":2,"item_purchase_floors":[],"current_hp_per_floor":[79,68,68,57,44,14,38,6,6,30,25,0],"gold":342,"neow_bonus":"TEN_PERCENT_HP_BONUS","is_prod":false,"is_daily":false,"chose_seed":false,"campfire_upgraded":0,"win_rate":0,"timestamp":1557829737,"path_taken":["M","M","M","?","M","E","R","E","T","R","M","?"],"build_version":"2019-01-23","purchased_purges":0,"victory":false,"max_hp_per_floor":[82,82,82,82,82,82,82,82,82,82,82,82],"card_choices":[{"not_picked":["Conserve Battery","Steam"],"picked":"Cold Snap","floor":1},{"not_picked":["Redo","Stack"],"picked":"Capacitor","floor":2},{"not_picked":["Double Energy","Hologram"],"picked":"Reprogram","floor":3},{"not_picked":["Streamline","Undo"],"picked":"Redo","floor":5},{"not_picked":["Turbo","Reprogram"],"picked":"Barrage","floor":6},{"not_picked":["Coolheaded","Stack"],"picked":"Blizzard","floor":8},{"not_picked":["Electrodynamics","Hologram"],"picked":"Leap","floor":11}],"player_experience":77862,"relics_obtained":[{"floor":6,"key":"Gambling Chip"},{"floor":8,"key":"Vajra"},{"floor":9,"key":"Omamori"}],"event_choices":[{"damage_healed":0,"gold_gain":75,"player_choice":"Gather Gold","damage_taken":11,"max_hp_gain":0,"max_hp_loss":0,"event_name":"World of Goop","floor":4,"gold_loss":0},{"damage_healed":0,"gold_gain":0,"player_choice":"Fought Mushrooms","damage_taken":0,"max_hp_gain":0,"max_hp_loss":0,"event_name":"Mushrooms","floor":12,"gold_loss":0}],"is_beta":false,"boss_relics":[],"items_purged_floors":[],"is_endless":false,"potions_floor_spawned":[5],"killed_by":"The Mushroom Lair","ascension_level":1}