{"gold_per_floor":[115,33,33,33,33,33,58,58,58,58,72,72,72,91,91,214,214,237,6,0],"floor_reached":20,"playtime":539,"items_purged":[],"score":240,"play_id":"93db184d-5258-4165-9b94-a6f9d78384dc","local_time":"20190318231304","is_ascension_mode":true,"campfire_choices":[{"floor":6,"key":"REST"},{"data":"Static Discharge","floor":8,"key":"SMITH"},{"data":"Turbo","floor":13,"key":"SMITH"},{"data":"Zap","floor":15,"key":"SMITH"}],"neow_cost":"PERCENT_DAMAGE","seed_source_timestamp":362861733426100,"circlet_count":0,"master_deck":["AscendersBane","Strike_B","Strike_B","Strike_B","Strike_B","Defend_B","Defend_B","Defend_B","Defend_B","Zap+1","Dualcast","Cold Snap","Static Discharge+1","Barrage","Turbo+1","Ball Lightning","Multi-Cast","Steam+1","Thunder Strike","Chill"],"relics":["Cracked Core","Bird Faced Urn","Golden Idol","GremlinMask","Bottled Lightning","Art of War","Philosopher\u0027s Stone"],"potions_floor_usage":[16,20,20,20],"damage_taken":[{"damage":4,"enemies":"Jaw Worm","floor":1,"turns":4},{"damage":1,"enemies":"2 Louse","floor":7,"turns":3},{"damage":0,"enemies":"Cultist","floor":11,"turns":4},{"damage":9,"enemies":"3 Louse","floor":14,"turns":3},{"damage":35,"enemies":"Hexaghost","floor":16,"turns":8},{"damage":38,"enemies":"Shell Parasite","floor":18,"turns":5},{"damage":29,"enemies":"2 Thieves","floor":20,"turns":2}],"seed_played":"-5223535809167904150","potions_obtained":[{"floor":7,"key":"Explosive Potion"},{"floor":14,"key":"AttackPotion"},{"floor":16,"key":"Explosive Potion"},{"floor":18,"key":"Weak Potion"}],"is_trial":false,"path_per_floor":["M","$","?","$","?","R","M","R","T","?","M","?","R","M","R","B",null,"M","$","M"],"character_chosen":"DEFECT","items_purchased":["Static Discharge","Thunder Strike","Chill"],"campfire_rested":1,"item_purchase_floors":[2,19,19],"current_hp_per_floor":[46,46,46,46,46,68,67,67,67,67,67,67,67,58,58,25,63,27,27,0],"gold":0,"neow_bonus":"ONE_RARE_RELIC","is_prod":false,"is_daily":false,"chose_seed":false,"campfire_upgraded":3,"win_rate":0,"timestamp":1552947184,"path_taken":["M","$","?","$","?","R","?","R","T","?","M","?","R","M","R","BOSS","M","$","M"],"build_version":"2019-01-23","purchased_purges":0,"victory":false,"max_hp_per_floor":[75,75,75,75,75,75,75,75,75,75,75,75,75,75,75,75,75,75,75,75],"card_choices":[{"not_picked":["Steam","Force Field"],"picked":"Cold Snap","floor":1},{"not_picked":["Rebound","Streamline"],"picked":"Barrage","floor":7},{"not_picked":["Steam","Go for the Eyes"],"picked":"Turbo","floor":11},{"not_picked":["Reprogram","Cold Snap"],"picked":"Ball Lightning","floor":14},{"not_picked":["Rainbow","Meteor Strike"],"picked":"Multi-Cast","floor":16},{"not_picked":["Streamline+1","Sweeping Beam+1"],"picked":"Steam+1","floor":18}],"player_experience":1544857,"relics_obtained":[{"floor":9,"key":"Bottled Lightning"},{"floor":12,"key":"Art of War"}],"event_choices":[{"damage_healed":0,"gold_gain":0,"player_choice":"Take Wound","damage_taken":0,"relics_obtained":["Golden Idol"],"max_hp_gain":0,"max_hp_loss":0,"event_name":"Golden Idol","floor":3,"gold_loss":0,"cards_obtained":["Injury"]},{"damage_healed":0,"gold_gain":0,"player_choice":"Trade","damage_taken":0,"relics_obtained":["GremlinMask"],"max_hp_gain":0,"max_hp_loss":0,"event_name":"FaceTrader","floor":5,"gold_loss":0},{"cards_removed":["Injury"],"damage_healed":0,"gold_gain":0,"player_choice":"Forget","damage_taken":0,"max_hp_gain":0,"max_hp_loss":0,"event_name":"Living Wall","floor":10,"gold_loss":0},{"damage_healed":0,"gold_gain":0,"player_choice":"Relic","damage_taken":0,"max_hp_gain":0,"max_hp_loss":0,"event_name":"Wheel of Change","floor":12,"gold_loss":0}],"is_beta":false,"boss_relics":[{"not_picked":["Coffee Dripper","Runic Dome"],"picked":"Philosopher\u0027s Stone"}],"items_purged_floors":[],"is_endless":false,"potions_floor_spawned":[7,14,16,18],"killed_by":"2 Thieves","ascension_level":10}