{"gold_per_floor":[114,20,95,95,19,19,19,48,48,22,22,41,59,70,70,147,147,160,160,6,22,22,22,22],"floor_reached":24,"playtime":900,"items_purged":["Strike_G"],"score":391,"play_id":"b7f18b12-6253-45a0-80da-b43fd682645f","local_time":"20190506141748","is_ascension_mode":true,"campfire_choices":[{"data":"Bouncing Flask","floor":6,"key":"SMITH"},{"data":"Acrobatics","floor":11,"key":"SMITH"},{"data":"Predator","floor":15,"key":"SMITH"},{"data":"Venomology","floor":23,"key":"SMITH"}],"neow_cost":"NONE","seed_source_timestamp":28642495362844,"circlet_count":0,"master_deck":["AscendersBane","Defend_G","Defend_G","Defend_G","Defend_G","Defend_G","Strike_G","Survivor","Neutralize","Expertise","Bandage Up","Reflex","Bouncing Flask+1","Acrobatics+1","Quick Slash","Predator+1","Footwork","Backflip","Venomology+1","Blur","Distraction","Noxious Fumes","Bouncing Flask+1"],"relics":["Ring of the Snake","NeowsBlessing","Art of War","Omamori","Empty Cage"],"potions_floor_usage":[24,24],"damage_taken":[{"damage":0,"enemies":"Small Slimes","floor":1,"turns":1},{"damage":0,"enemies":"Lagavulin","floor":8,"turns":1},{"damage":0,"enemies":"Cultist","floor":12,"turns":1},{"damage":11,"enemies":"2 Louse","floor":13,"turns":2},{"damage":0,"enemies":"Blue Slaver","floor":14,"turns":4},{"damage":20,"enemies":"The Guardian","floor":16,"turns":10},{"damage":17,"enemies":"3 Byrds","floor":18,"turns":6},{"damage":19,"enemies":"Spheric Guardian","floor":21,"turns":5},{"damage":47,"enemies":"Gremlin Leader","floor":24,"turns":4}],"seed_played":"2208354766770405659","potions_obtained":[{"floor":1,"key":"GhostInAJar"},{"floor":7,"key":"Ancient Potion"}],"is_trial":false,"path_per_floor":["M","$","?","?","$","R","?","E","T","$","R","M","M","M","R","B",null,"M","?","$","M","$","R","E"],"character_chosen":"THE_SILENT","items_purchased":["Bandage Up","Bouncing Flask","Quick Slash","Noxious Fumes"],"campfire_rested":0,"item_purchase_floors":[2,5,10,20],"current_hp_per_floor":[59,59,48,48,48,48,48,52,52,52,52,52,45,49,49,33,58,45,45,45,30,30,30,0],"gold":22,"neow_bonus":"THREE_ENEMY_KILL","is_prod":false,"is_daily":false,"chose_seed":false,"campfire_upgraded":4,"win_rate":0,"timestamp":1557177468,"path_taken":["M","$","?","?","$","R","?","E","T","$","R","?","M","M","R","BOSS","M","?","?","?","$","R","E"],"build_version":"2019-01-23","purchased_purges":1,"victory":false,"max_hp_per_floor":[66,66,66,66,66,66,66,66,66,66,66,66,66,66,66,66,66,66,66,66,66,66,66,66],"card_choices":[{"not_picked":["Cloak And Dagger","Dodge and Roll"],"picked":"Expertise","floor":1},{"not_picked":["Calculated Gamble","PiercingWail"],"picked":"Acrobatics","floor":8},{"not_picked":["Outmaneuver","Dagger Throw"],"picked":"Predator","floor":12},{"not_picked":["Quick Slash","Dagger Throw"],"picked":"Footwork","floor":13},{"not_picked":["Prepared","Sucker Punch"],"picked":"Backflip","floor":14},{"not_picked":["Doppelganger","Bullet Time"],"picked":"Venomology","floor":16},{"not_picked":["Acrobatics","Flying Knee"],"picked":"Blur","floor":18},{"not_picked":["Deflect","Backflip"],"picked":"Bouncing Flask+1","floor":21}],"player_experience":1618043,"relics_obtained":[{"floor":8,"key":"Art of War"},{"floor":9,"key":"Omamori"}],"event_choices":[{"damage_healed":0,"gold_gain":75,"player_choice":"Gather Gold","damage_taken":11,"max_hp_gain":0,"max_hp_loss":0,"event_name":"World of Goop","floor":3,"gold_loss":0},{"damage_healed":0,"gold_gain":0,"cards_transformed":["Strike_G"],"player_choice":"Change","damage_taken":0,"max_hp_gain":0,"max_hp_loss":0,"event_name":"Living Wall","floor":4,"gold_loss":0,"cards_obtained":["Reflex"]},{"damage_healed":0,"gold_gain":0,"player_choice":"Got Potions","damage_taken":0,"max_hp_gain":0,"max_hp_loss":0,"event_name":"Lab","floor":7,"gold_loss":0},{"damage_healed":0,"gold_gain":0,"player_choice":"1 cards matched","damage_taken":0,"max_hp_gain":0,"max_hp_loss":0,"event_name":"Match and Keep!","floor":19,"gold_loss":0,"cards_obtained":["Distraction"]}],"is_beta":false,"boss_relics":[{"not_picked":["Ring of the Serpent","Coffee Dripper"],"picked":"Empty Cage"}],"items_purged_floors":[20],"is_endless":false,"potions_floor_spawned":[1,8,16,21],"killed_by":"Gremlin Leader","ascension_level":16}