{"gold_per_floor":[114,15,27,45,45,45,72,72,72,88,88,88,38,71,71,166,166,184,184,84,99,109,109,144,159,159,159,169,169,181,181,181,281,281,294,294,274,294,304,304,336,144,144,159,159,159,159,176,176,176],"floor_reached":50,"playtime":3213,"items_purged":["Bash","Defend_R"],"score":604,"play_id":"8e44d257-e0d5-417a-8de6-e7d000fcd195","local_time":"20181124213951","is_ascension_mode":true,"campfire_choices":[{"data":"Spot Weakness","floor":6.0,"key":"SMITH"},{"data":"Dual Wield","floor":8.0,"key":"SMITH"},{"data":"1","floor":11.0,"key":"LIFT"},{"data":"2","floor":15.0,"key":"LIFT"},{"floor":23.0,"key":"REST"},{"data":"3","floor":27.0,"key":"LIFT"},{"data":"Heavy Blade","floor":29.0,"key":"SMITH"},{"floor":32.0,"key":"REST"},{"floor":40.0,"key":"REST"},{"floor":45.0,"key":"REST"},{"floor":49.0,"key":"REST"}],"neow_cost":"NONE","seed_source_timestamp":158977540232853,"circlet_count":0,"master_deck":["Strike_R+1","Strike_R+1","Strike_R+1","Strike_R+1","Strike_R+1","Defend_R+1","Defend_R+1","Cleave","Shrug It Off","Seeing Red","Spot Weakness+1","Dual Wield+1","Perfected Strike","Berserk","Shrug It Off","Demon Form","Warcry+1","Heavy Blade+1","Ghostly Armor","Demon Form","Master of Strategy","Perfected Strike","Immolate","Seeing Red+1","Rage+1","Perfected Strike+1"],"special_seed":0,"relics":["Black Blood","Pen Nib","Incense Burner","Girya","Mummified Hand","Thread and Needle","Sozu","Nloth\u0027s Gift","Blue Candle","Letter Opener","MawBank","Brimstone","Bottled Tornado","Matryoshka"],"potions_floor_usage":[50],"damage_taken":[{"damage":11.0,"enemies":"Small Slimes","floor":1.0,"turns":4.0},{"damage":0.0,"enemies":"Jaw Worm","floor":3.0,"turns":3.0},{"damage":1.0,"enemies":"Cultist","floor":4.0,"turns":3.0},{"damage":10.0,"enemies":"Gremlin Nob","floor":7.0,"turns":4.0},{"damage":6.0,"enemies":"Blue Slaver","floor":10.0,"turns":3.0},{"damage":17.0,"enemies":"3 Sentries","floor":14.0,"turns":5.0},{"damage":49.0,"enemies":"Slime Boss","floor":16.0,"turns":9.0},{"damage":13.0,"enemies":"2 Thieves","floor":18.0,"turns":3.0},{"damage":10.0,"enemies":"Shell Parasite","floor":21.0,"turns":3.0},{"damage":20.0,"enemies":"Snecko","floor":22.0,"turns":6.0},{"damage":26.0,"enemies":"Book of Stabbing","floor":24.0,"turns":4.0},{"damage":11.0,"enemies":"Sentry and Sphere","floor":25.0,"turns":6.0},{"damage":15.0,"enemies":"Cultist and Chosen","floor":28.0,"turns":5.0},{"damage":25.0,"enemies":"Centurion and Healer","floor":30.0,"turns":5.0},{"damage":19.0,"enemies":"Automaton","floor":33.0,"turns":6.0},{"damage":30.0,"enemies":"3 Darklings","floor":35.0,"turns":5.0},{"damage":13.0,"enemies":"Orb Walker","floor":38.0,"turns":4.0},{"damage":20.0,"enemies":"Transient","floor":39.0,"turns":5.0},{"damage":30.0,"enemies":"Reptomancer","floor":41.0,"turns":3.0},{"damage":26.0,"enemies":"Maw","floor":44.0,"turns":5.0},{"damage":16.0,"enemies":"4 Shapes","floor":48.0,"turns":1.0},{"damage":80,"enemies":"Awakened One","floor":50,"turns":5}],"seed_played":"-2701469928704183327","potions_obtained":[{"floor":3.0,"key":"Block Potion"},{"floor":4.0,"key":"Energy Potion"}],"is_trial":false,"path_per_floor":["M","$","M","M","?","R","E","R","T","M","R","T","?","E","R","B",null,"M","?","$","M","M","R","E","M","T","R","M","R","M","?","R","B",null,"M","?","?","M","M","R","E","$","T","M","R","?","T","M","R","B"],"character_chosen":"IRONCLAD","items_purchased":["Shrug It Off","Brimstone"],"campfire_rested":5,"item_purchase_floors":[2,42],"current_hp_per_floor":[75,75,80,80,80,80,76,76,76,78,78,78,78,69,69,28,80,73,73,73,69,55,79,59,54,54,54,45,45,26,26,50,37,80,60,60,60,57,47,71,51,51,51,35,59,59,59,53,77,0],"gold":176,"neow_bonus":"RANDOM_COMMON_RELIC","is_prod":false,"is_daily":false,"chose_seed":false,"campfire_upgraded":3,"win_rate":0,"timestamp":1543063191,"path_taken":["M","$","M","M","?","R","E","R","T","M","R","?","?","E","R","BOSS","M","?","$","?","M","R","E","M","T","R","M","R","M","?","R","BOSS","M","?","?","?","M","R","E","$","T","?","R","?","?","M","R","BOSS"],"build_version":"2018-11-15","purchased_purges":2,"victory":false,"max_hp_per_floor":[80,80,80,80,80,80,80,80,80,80,80,80,80,80,80,80,80,80,80,80,80,80,80,80,80,80,80,80,80,80,80,80,80,80,80,80,80,80,80,80,80,80,80,80,80,80,80,80,80,80],"card_choices":[{"not_picked":["Headbutt","Twin Strike"],"picked":"Cleave","floor":1.0},{"not_picked":["Shrug It Off","Anger"],"picked":"Seeing Red","floor":3.0},{"not_picked":["Armaments","Warcry"],"picked":"Spot Weakness","floor":4.0},{"not_picked":["Corruption","Seeing Red"],"picked":"Dual Wield","floor":7.0},{"not_picked":["Flame Barrier","Blood for Blood","Combust"],"picked":"SKIP","floor":10.0},{"not_picked":["Rage","Power Through"],"picked":"Perfected Strike","floor":14.0},{"not_picked":["Dark Embrace","Barricade"],"picked":"Berserk","floor":16.0},{"not_picked":["Cleave","Havoc","Anger+1"],"picked":"SKIP","floor":18.0},{"not_picked":["Rampage","Twin Strike+1","Entrench+1"],"picked":"SKIP","floor":21.0},{"not_picked":["Combust","Anger"],"picked":"Shrug It Off","floor":22.0},{"not_picked":["Corruption","Searing Blow"],"picked":"Demon Form","floor":24.0},{"not_picked":["Clash+1","Corruption"],"picked":"Warcry+1","floor":25.0},{"not_picked":["Sword Boomerang+1","Shrug It Off"],"picked":"Heavy Blade","floor":28.0},{"not_picked":["Brutality","Anger+1"],"picked":"Ghostly Armor","floor":30.0},{"not_picked":["Barricade","Fiend Fire"],"picked":"Demon Form","floor":33.0},{"not_picked":["Wild Strike","Barricade","True Grit"],"picked":"SKIP","floor":35.0},{"not_picked":["Swift Strike","Sadistic Nature"],"picked":"Master of Strategy","floor":36.0},{"not_picked":["Dropkick+1","Ghostly Armor+1"],"picked":"Perfected Strike","floor":38.0},{"not_picked":["Anger","Body Slam+1"],"picked":"Immolate","floor":39.0},{"not_picked":["Twin Strike","Thunderclap+1"],"picked":"Seeing Red+1","floor":41.0},{"not_picked":["Anger","Twin Strike+1"],"picked":"Rage+1","floor":44.0},{"not_picked":["Body Slam+1","Clash"],"picked":"Perfected Strike+1","floor":48.0}],"player_experience":58105,"relics_obtained":[{"floor":7.0,"key":"Blood Vial"},{"floor":9.0,"key":"Girya"},{"floor":12.0,"key":"Mummified Hand"},{"floor":14.0,"key":"Thread and Needle"},{"floor":24.0,"key":"Blue Candle"},{"floor":26.0,"key":"Letter Opener"},{"floor":41.0,"key":"MawBank"},{"floor":43.0,"key":"Bottled Tornado"},{"floor":47.0,"key":"Matryoshka"}],"event_choices":[{"damage_healed":0.0,"max_hp_gain":0.0,"max_hp_loss":0.0,"gold_gain":0.0,"event_name":"Big Fish","player_choice":"Box","floor":5.0,"gold_loss":0.0,"damage_taken":0.0,"relics_obtained":["Incense Burner"],"cards_obtained":["Regret"]},{"cards_removed":["Regret"],"damage_healed":0.0,"max_hp_gain":0.0,"max_hp_loss":0.0,"gold_gain":0.0,"event_name":"The Cleric","player_choice":"Card Removal","floor":13.0,"gold_loss":50.0,"damage_taken":0.0},{"damage_healed":0.0,"max_hp_gain":0.0,"max_hp_loss":0.0,"gold_gain":0.0,"event_name":"N\u0027loth","player_choice":"Traded Relic","floor":19.0,"relics_lost":["Blood Vial"],"gold_loss":0.0,"damage_taken":0.0,"relics_obtained":["Nloth\u0027s Gift"]},{"damage_healed":0.0,"max_hp_gain":0.0,"max_hp_loss":0.0,"gold_gain":0.0,"event_name":"Back to Basics","player_choice":"Simplicity","floor":31.0,"gold_loss":0.0,"damage_taken":0.0,"cards_upgraded":["Strike_R","Strike_R","Strike_R","Strike_R","Strike_R","Defend_R","Defend_R","Defend_R"]},{"damage_healed":0.0,"max_hp_gain":0.0,"max_hp_loss":0.0,"gold_gain":0.0,"event_name":"SensoryStone","player_choice":"Memory 1","floor":36.0,"gold_loss":0.0,"damage_taken":0.0},{"damage_healed":0.0,"max_hp_gain":0.0,"max_hp_loss":0.0,"gold_gain":0.0,"event_name":"The Woman in Blue","player_choice":"Bought 1 Potion","floor":37.0,"gold_loss":0.0,"damage_taken":0.0},{"cards_removed":["Defend_R"],"damage_healed":0.0,"max_hp_gain":0.0,"max_hp_loss":0.0,"gold_gain":0.0,"event_name":"Falling","player_choice":"Removed Skill","floor":46.0,"gold_loss":0.0,"damage_taken":0.0}],"is_beta":false,"boss_relics":[{"not_picked":["Runic Dome","Ectoplasm"],"picked":"Sozu"},{"not_picked":["Runic Cube","Busted Crown"],"picked":"Black Blood"}],"items_purged_floors":[2,20],"is_endless":false,"potions_floor_spawned":[3,4,21,30,33,38,39,41],"killed_by":"Awakened One","ascension_level":3}