{"gold_per_floor":[112,112,112,112,124,124,155,155,155,182,25,25],"floor_reached":12,"playtime":403,"items_purged":["Strike_R"],"score":151,"play_id":"c7b2df84-4adf-4bc2-bef5-9026d982b918","local_time":"20190126004319","is_ascension_mode":true,"campfire_choices":[{"floor":6,"key":"REST"},{"floor":8,"key":"REST"}],"neow_cost":"CURSE","seed_source_timestamp":198220914289900,"circlet_count":0,"master_deck":["AscendersBane","Strike_R","Strike_R","Strike_R+1","Defend_R","Defend_R","Defend_R+1","Defend_R","Bash","Dual Wield","Cleave","Armaments","Impervious"],"relics":["Burning Blood","Vajra","Strawberry","Dead Branch"],"potions_floor_usage":[7,7],"damage_taken":[{"damage":3,"enemies":"2 Louse","floor":1,"turns":3},{"damage":18,"enemies":"Jaw Worm","floor":5,"turns":4},{"damage":37,"enemies":"3 Sentries","floor":7,"turns":8},{"damage":48,"enemies":"Lagavulin","floor":10,"turns":6},{"damage":55,"enemies":"Gremlin Nob","floor":12,"turns":6}],"seed_played":"-6315803955872480955","potions_obtained":[{"floor":1,"key":"FearPotion"},{"floor":5,"key":"Energy Potion"}],"is_trial":false,"path_per_floor":["M","?","?","?","M","R","E","R","T","E","$","E"],"character_chosen":"IRONCLAD","items_purchased":["Impervious"],"campfire_rested":2,"item_purchase_floors":[11],"current_hp_per_floor":[91,91,84,65,53,81,50,78,85,43,43,0],"gold":25,"neow_bonus":"TWENTY_PERCENT_HP_BONUS","is_prod":false,"is_daily":false,"chose_seed":false,"campfire_upgraded":0,"win_rate":0,"timestamp":1548459799,"path_taken":["M","?","?","?","M","R","E","R","T","E","$","E"],"build_version":"2019-01-23","purchased_purges":1,"victory":false,"max_hp_per_floor":[96,96,96,96,96,96,96,96,103,103,103,103],"card_choices":[{"not_picked":["Perfected Strike","Metallicize"],"picked":"Dual Wield","floor":1},{"not_picked":["Twin Strike","Entrench"],"picked":"Cleave","floor":5},{"not_picked":["Sever Soul","Anger"],"picked":"Armaments","floor":7},{"not_picked":["Reckless Charge","Hemokinesis","Combust"],"picked":"SKIP","floor":10}],"player_experience":1302678,"relics_obtained":[{"floor":7,"key":"Vajra"},{"floor":9,"key":"Strawberry"},{"floor":10,"key":"Dead Branch"}],"event_choices":[{"cards_removed":["Clumsy"],"damage_healed":0,"gold_gain":0,"player_choice":"Forget","damage_taken":0,"max_hp_gain":0,"max_hp_loss":0,"event_name":"Living Wall","floor":2,"gold_loss":0},{"cards_removed":["Strike_R"],"damage_healed":0,"gold_gain":0,"player_choice":"Card Removal","damage_taken":7,"max_hp_gain":0,"max_hp_loss":0,"event_name":"Golden Wing","floor":3,"gold_loss":0},{"damage_healed":0,"gold_gain":0,"player_choice":"Entered Light","damage_taken":19,"max_hp_gain":0,"max_hp_loss":0,"event_name":"Shining Light","floor":4,"gold_loss":0,"cards_upgraded":["Strike_R","Defend_R"]}],"is_beta":false,"boss_relics":[],"items_purged_floors":[11],"is_endless":false,"potions_floor_spawned":[1,5],"killed_by":"Gremlin Nob","ascension_level":10}