{"gold_per_floor":[116,116,130,130,145,155,155,155,180,180,191,191,202,7,7,102,102,118,129,44,44,44,78,78,53,53,53,68,79,91,107,107,107],"floor_reached":33,"playtime":3381,"items_purged":["Strike_G"],"score":259,"play_id":"2ceb86cd-d5cf-4fe3-b1af-ca83fe76eebe","local_time":"20190511192527","is_ascension_mode":false,"campfire_choices":[{"data":"Deadly Poison","floor":8,"key":"SMITH"},{"data":"Blur","floor":12,"key":"SMITH"},{"data":"Blur","floor":15,"key":"SMITH"},{"data":"Cloak And Dagger","floor":24,"key":"SMITH"},{"floor":27,"key":"REST"},{"floor":32,"key":"REST"}],"neow_cost":"NONE","seed_source_timestamp":515003946020800,"circlet_count":0,"master_deck":["Defend_G","Defend_G","Defend_G","Defend_G","Defend_G","Strike_G","Strike_G","Survivor","Neutralize","Sucker Punch","Escape Plan","Strike_G","Blur+1","Deadly Poison+1","Malaise","Deflect","Blur+1","Flying Knee","A Thousand Cuts","Dagger Spray+1","Noxious Fumes+1","Cloak And Dagger+1","Deadly Poison","Blade Dance","Acrobatics+1","Cloak And Dagger+1","Blade Dance+1","Backflip","Deadly Poison","Prepared"],"relics":["Ring of the Serpent","Strawberry","Vajra","Anchor","Prayer Wheel","Ninja Scroll","Shuriken"],"potions_floor_usage":[19,30,33],"damage_taken":[{"damage":1,"enemies":"Small Slimes","floor":1,"turns":4},{"damage":0,"enemies":"2 Louse","floor":3,"turns":3},{"damage":0,"enemies":"Cultist","floor":5,"turns":4},{"damage":0,"enemies":"Large Slime","floor":6,"turns":8},{"damage":0,"enemies":"Looter","floor":11,"turns":4},{"damage":8,"enemies":"Gremlin Gang","floor":13,"turns":6},{"damage":14,"enemies":"Hexaghost","floor":16,"turns":15},{"damage":13,"enemies":"Shell Parasite","floor":18,"turns":7},{"damage":6,"enemies":"Spheric Guardian","floor":19,"turns":7},{"damage":12,"enemies":"Book of Stabbing","floor":23,"turns":7},{"damage":2,"enemies":"Snecko","floor":28,"turns":5},{"damage":14,"enemies":"3 Cultists","floor":29,"turns":6},{"damage":7,"enemies":"Snake Plant","floor":30,"turns":5},{"damage":10,"enemies":"Cultist and Chosen","floor":31,"turns":6},{"damage":66,"enemies":"Automaton","floor":33,"turns":7}],"seed_played":"7667005693991069829","potions_obtained":[{"floor":1,"key":"Strength Potion"},{"floor":3,"key":"FearPotion"},{"floor":16,"key":"Fire Potion"},{"floor":18,"key":"SteroidPotion"},{"floor":19,"key":"AttackPotion"}],"is_trial":false,"path_per_floor":["M","?","M","?","M","M","?","R","T","?","M","R","M","$","R","B",null,"M","M","?","T","$","E","R","$","T","R","M","M","M","M","R","B"],"character_chosen":"THE_SILENT","items_purchased":["Blur","Flying Knee","Deadly Poison"],"campfire_rested":2,"item_purchase_floors":[14,14,25],"current_hp_per_floor":[76,81,81,81,81,81,81,81,81,81,81,81,73,73,73,59,82,69,63,63,63,63,51,51,51,51,75,73,59,52,42,66,0],"gold":107,"neow_bonus":"RANDOM_COMMON_RELIC","is_prod":false,"is_daily":false,"chose_seed":false,"campfire_upgraded":4,"win_rate":0.0,"timestamp":1557617127,"path_taken":["M","?","M","?","?","M","?","R","T","?","?","R","M","$","R","BOSS","M","M","?","?","$","E","R","?","T","R","M","M","?","M","R","BOSS"],"build_version":"2019-01-23","purchased_purges":1,"victory":false,"max_hp_per_floor":[77,82,82,82,82,82,82,82,82,82,82,82,82,82,82,82,82,82,82,82,82,82,82,82,82,82,82,82,82,82,82,82,82],"card_choices":[{"not_picked":["Accuracy","Predator"],"picked":"Sucker Punch","floor":1},{"not_picked":["Dagger Spray","Slice"],"picked":"Escape Plan","floor":3},{"not_picked":["PiercingWail","Tactician"],"picked":"Blur","floor":5},{"not_picked":["Terror","Cloak And Dagger"],"picked":"Deadly Poison","floor":6},{"not_picked":["Dodge and Roll","Backflip"],"picked":"Deflect","floor":11},{"not_picked":["Dagger Spray","Leg Sweep","Infinite Blades"],"picked":"SKIP","floor":13},{"not_picked":["Venomology","Die Die Die"],"picked":"A Thousand Cuts","floor":16},{"not_picked":["Prepared","Blade Dance"],"picked":"Dagger Spray+1","floor":18},{"not_picked":["Underhanded Strike","Reflex+1"],"picked":"Noxious Fumes+1","floor":19},{"not_picked":["Masterful Stab","Acrobatics"],"picked":"Cloak And Dagger","floor":23},{"not_picked":["Underhanded Strike+1","Wraith Form v2"],"picked":"Blade Dance","floor":28},{"not_picked":["Outmaneuver","Backflip"],"picked":"Acrobatics+1","floor":28},{"not_picked":["Distraction+1","Underhanded Strike"],"picked":"Cloak And Dagger+1","floor":29},{"not_picked":["Acrobatics","Backstab"],"picked":"Blade Dance+1","floor":29},{"not_picked":["Sucker Punch+1","Outmaneuver"],"picked":"Backflip","floor":30},{"not_picked":["Quick Slash+1","Calculated Gamble","Finisher+1"],"picked":"SKIP","floor":30},{"not_picked":["Underhanded Strike","Burst"],"picked":"Deadly Poison","floor":31},{"not_picked":["Deflect","Blade Dance"],"picked":"Prepared","floor":31}],"player_experience":74071,"relics_obtained":[{"floor":9,"key":"Vajra"},{"floor":21,"key":"Prayer Wheel"},{"floor":23,"key":"Ninja Scroll"},{"floor":26,"key":"Shuriken"}],"event_choices":[{"damage_healed":0,"gold_gain":0,"player_choice":"Donut","damage_taken":0,"max_hp_gain":5,"max_hp_loss":0,"event_name":"Big Fish","floor":2,"gold_loss":0},{"cards_removed":["Strike_G"],"damage_healed":0,"gold_gain":0,"player_choice":"Took Card","damage_taken":0,"max_hp_gain":0,"max_hp_loss":0,"event_name":"NoteForYourself","floor":4,"gold_loss":0,"cards_obtained":["Strike_G"]},{"damage_healed":0,"gold_gain":0,"player_choice":"Ignored","damage_taken":0,"max_hp_gain":0,"max_hp_loss":0,"event_name":"Liars Game","floor":7,"gold_loss":0},{"damage_healed":0,"gold_gain":0,"cards_transformed":["Strike_G"],"player_choice":"Transformed","damage_taken":0,"max_hp_gain":0,"max_hp_loss":0,"event_name":"Transmorgrifier","floor":10,"gold_loss":0,"cards_obtained":["Malaise"]},{"damage_healed":0,"gold_gain":0,"player_choice":"Obtained Relic","damage_taken":0,"relics_obtained":["Anchor"],"max_hp_gain":0,"max_hp_loss":0,"event_name":"Addict","floor":20,"gold_loss":85}],"is_beta":false,"boss_relics":[{"not_picked":["Fusion Hammer","Philosopher\u0027s Stone"],"picked":"Ring of the Serpent"}],"items_purged_floors":[14],"is_endless":false,"potions_floor_spawned":[1,3,16,18,19,28,29],"killed_by":"Automaton","ascension_level":0}