{"gold_per_floor":[365,43,58,77,91,91,108,108,162,162,196,206,206,225,225,299,299,310,310,36,36,84,84,84],"floor_reached":24,"playtime":487,"items_purged":["Strike_B"],"score":392,"play_id":"86026644-4ba4-4851-adac-5959b59f5c4c","local_time":"20190514035349","is_ascension_mode":true,"campfire_choices":[{"data":"Zap","floor":6.0,"key":"SMITH"},{"data":"Turbo","floor":10.0,"key":"SMITH"},{"data":"Dualcast","floor":13.0,"key":"SMITH"},{"floor":15.0,"key":"REST"},{"data":"Apotheosis","floor":23,"key":"SMITH"}],"neow_cost":"TEN_PERCENT_HP_LOSS","seed_source_timestamp":304826409763729,"circlet_count":0,"master_deck":["AscendersBane","Strike_B","Strike_B","Defend_B","Defend_B","Defend_B","Defend_B","Zap+1","Dualcast+1","Double Energy","Ball Lightning","Turbo+1","Compile Driver","Cold Snap","Melter","Creative AI","White Noise","Recycle","Fission","Auto Shields","Apotheosis+1"],"special_seed":0,"relics":["Cracked Core","OrangePellets","Blood Vial","Darkstone Periapt","Inserter"],"potions_floor_usage":[24,24],"damage_taken":[{"damage":1.0,"enemies":"Cultist","floor":1.0,"turns":3.0},{"damage":2.0,"enemies":"Jaw Worm","floor":3.0,"turns":3.0},{"damage":0.0,"enemies":"2 Louse","floor":4.0,"turns":2.0},{"damage":12.0,"enemies":"Exordium Thugs","floor":5.0,"turns":4.0},{"damage":1.0,"enemies":"Looter","floor":7.0,"turns":2.0},{"damage":28.0,"enemies":"Gremlin Nob","floor":11.0,"turns":4.0},{"damage":9.0,"enemies":"2 Fungi Beasts","floor":12.0,"turns":3.0},{"damage":1.0,"enemies":"3 Louse","floor":14.0,"turns":4.0},{"damage":7.0,"enemies":"Slime Boss","floor":16.0,"turns":8.0},{"damage":18.0,"enemies":"Spheric Guardian","floor":18.0,"turns":5.0},{"damage":40,"enemies":"Gremlin Leader","floor":24,"turns":3}],"seed_played":"-4648305217555267343","potions_obtained":[{"floor":4.0,"key":"SkillPotion"},{"floor":5.0,"key":"Swift Potion"},{"floor":12.0,"key":"FearPotion"},{"floor":14.0,"key":"EssenceOfSteel"}],"is_trial":false,"path_per_floor":["M","$","M","M","M","R","M","?","T","R","E","M","R","M","R","B",null,"M","?","$","?","T","R","E"],"character_chosen":"DEFECT","items_purchased":["OrangePellets","Ball Lightning","Turbo","Apotheosis"],"campfire_rested":1,"item_purchase_floors":[2,2,2,20],"current_hp_per_floor":[63,63,61,61,49,49,48,41,41,41,15,8,8,9,28,23,54,38,38,38,38,38,38,0],"gold":84,"neow_bonus":"TWO_FIFTY_GOLD","is_prod":false,"is_daily":false,"chose_seed":false,"campfire_upgraded":4,"win_rate":0,"timestamp":1557777229,"path_taken":["M","$","M","?","M","R","M","?","T","R","E","M","R","M","R","BOSS","M","?","?","?","?","R","E"],"build_version":"2019-01-23","purchased_purges":1,"victory":false,"max_hp_per_floor":[64,64,64,64,64,64,64,64,64,64,64,64,64,64,64,64,64,64,64,64,64,64,64,64],"card_choices":[{"not_picked":["Go for the Eyes","Static Discharge"],"picked":"Double Energy","floor":1.0},{"not_picked":["Beam Cell","Steam Power"],"picked":"Compile Driver","floor":3.0},{"not_picked":["Stack","Turbo","Go for the Eyes"],"picked":"SKIP","floor":4.0},{"not_picked":["Rebound","Blizzard"],"picked":"Cold Snap","floor":5.0},{"not_picked":["Rebound","Aggregate"],"picked":"Melter","floor":7.0},{"not_picked":["Leap","Go for the Eyes"],"picked":"Creative AI","floor":11.0},{"not_picked":["Leap","Compile Driver"],"picked":"White Noise","floor":12.0},{"not_picked":["Coolheaded","Reprogram"],"picked":"Recycle","floor":14.0},{"not_picked":["Hyperbeam","Rainbow"],"picked":"Fission","floor":16.0},{"not_picked":["Rebound","Melter"],"picked":"Auto Shields","floor":18.0}],"player_experience":1671553,"relics_obtained":[{"floor":9.0,"key":"Blood Vial"},{"floor":11.0,"key":"Darkstone Periapt"}],"event_choices":[{"cards_removed":["Strike_B"],"damage_healed":0.0,"max_hp_gain":0.0,"max_hp_loss":0.0,"gold_gain":0.0,"event_name":"Golden Wing","player_choice":"Card Removal","floor":8.0,"gold_loss":0.0,"damage_taken":7.0},{"damage_healed":0.0,"max_hp_gain":0.0,"max_hp_loss":0.0,"gold_gain":0.0,"event_name":"Cursed Tome","player_choice":"Ignored","floor":19.0,"gold_loss":0.0,"damage_taken":0.0}],"is_beta":false,"boss_relics":[{"not_picked":["Tiny House","White Beast Statue"],"picked":"Inserter"}],"items_purged_floors":[20],"is_endless":false,"potions_floor_spawned":[4,5,12,14],"killed_by":"Gremlin Leader","ascension_level":20}