{"gold_per_floor":[111,125,125,138,149,149,167,187,238,258,258,278,23,33,33,136,136,156,173,14,0,0,0,27,3,3,27,2,21,21,21,21,21],"floor_reached":33,"playtime":1561,"items_purged":["Strike_G"],"score":355,"play_id":"de28640e-0dd9-4f04-8020-2fd44429eb20","local_time":"20181103101414","is_ascension_mode":true,"campfire_choices":[{"floor":6,"key":"REST"},{"floor":11,"key":"REST"},{"floor":15,"key":"REST"},{"floor":23,"key":"REST"},{"floor":30,"key":"REST"},{"floor":32,"key":"REST"}],"neow_cost":"NONE","seed_source_timestamp":391473676123500,"circlet_count":0,"master_deck":["Defend_G","Defend_G","Defend_G","Defend_G","Defend_G+1","Strike_G","Strike_G+1","Strike_G","Strike_G","Survivor","Neutralize","Outmaneuver","Prepared","Blade Dance","Catalyst","Masterful Stab","Blade Dance","Bouncing Flask","Blade Dance","Storm of Steel","Deadly Poison+1","PiercingWail+1","Accuracy","Backflip","Slice+1"],"relics":["Busted Crown","PreservedInsect","Membership Card","WristBlade","Lantern","Letter Opener","Bottled Flame","Orichalcum"],"potions_floor_usage":[7,16,16,19,29,29],"damage_taken":[{"damage":0,"enemies":"Small Slimes","floor":1,"turns":5},{"damage":0,"enemies":"Jaw Worm","floor":2,"turns":4},{"damage":0,"enemies":"2 Louse","floor":4,"turns":3},{"damage":23,"enemies":"Gremlin Gang","floor":5,"turns":9},{"damage":19,"enemies":"Exordium Wildlife","floor":7,"turns":7},{"damage":0,"enemies":"3 Louse","floor":8,"turns":4},{"damage":11,"enemies":"Large Slime","floor":10,"turns":8},{"damage":1,"enemies":"Looter","floor":12,"turns":3},{"damage":8,"enemies":"Blue Slaver","floor":14,"turns":3},{"damage":49,"enemies":"Hexaghost","floor":16,"turns":8},{"damage":24,"enemies":"3 Byrds","floor":18,"turns":6},{"damage":22,"enemies":"2 Thieves","floor":19,"turns":4},{"damage":0,"enemies":"Gremlin Leader","floor":24,"turns":5},{"damage":11,"enemies":"Shelled Parasite and Fungi","floor":29,"turns":5},{"damage":78,"enemies":"Collector","floor":33,"turns":6}],"seed_played":"-5032794770029189285","potions_obtained":[{"floor":1,"key":"Strength Potion"},{"floor":5,"key":"Regen Potion"},{"floor":7,"key":"Ancient Potion"},{"floor":8,"key":"FearPotion"},{"floor":18,"key":"Strength Potion"}],"is_trial":false,"path_per_floor":["M","M","?","M","M","R","M","M","T","M","R","M","$","M","R","B",null,"M","M","$","?","?","R","E","$","T","T","$","M","R","?","R"],"character_chosen":"THE_SILENT","items_purchased":["Membership Card","Bouncing Flask","Blade Dance","Accuracy","Backflip","Lantern","Strength Potion","PowerPotion"],"campfire_rested":6,"item_purchase_floors":[13,13,13,20,20,20,25,28],"current_hp_per_floor":[70,70,56,56,33,54,49,49,49,38,59,58,58,50,70,21,58,34,12,12,12,12,33,33,33,33,33,33,22,43,43,64,0],"gold":21,"neow_bonus":"BOSS_RELIC","is_prod":false,"is_daily":false,"chose_seed":false,"campfire_upgraded":0,"win_rate":0,"timestamp":1541236454,"path_taken":["M","M","?","?","M","R","M","M","T","M","R","M","$","M","R","BOSS","M","M","$","?","?","R","E","$","T","?","$","?","R","?","R","BOSS"],"build_version":"2018-10-25v2","purchased_purges":1,"victory":false,"max_hp_per_floor":[70,70,70,70,70,70,70,70,70,70,70,70,70,70,70,70,70,70,70,70,70,70,70,70,70,70,70,70,70,70,70,70,70],"card_choices":[{"not_picked":["Expertise"],"picked":"SKIP","floor":1},{"not_picked":[],"picked":"Outmaneuver","floor":2},{"not_picked":[],"picked":"Prepared","floor":4},{"not_picked":[],"picked":"Blade Dance","floor":5},{"not_picked":["Outmaneuver"],"picked":"SKIP","floor":7},{"not_picked":[],"picked":"Catalyst","floor":8},{"not_picked":[],"picked":"Masterful Stab","floor":10},{"not_picked":[],"picked":"Blade Dance","floor":12},{"not_picked":["Sucker Punch"],"picked":"SKIP","floor":14},{"not_picked":[],"picked":"Storm of Steel","floor":16},{"not_picked":[],"picked":"Deadly Poison+1","floor":18},{"not_picked":[],"picked":"PiercingWail+1","floor":19},{"not_picked":[],"picked":"Slice+1","floor":24},{"not_picked":["Outmaneuver"],"picked":"SKIP","floor":29}],"player_experience":836128,"relics_obtained":[{"floor":9,"key":"PreservedInsect"},{"floor":24,"key":"Letter Opener"},{"floor":26,"key":"Bottled Flame"},{"floor":27,"key":"Orichalcum"}],"event_choices":[{"damage_healed":0,"gold_gain":0,"player_choice":"Entered Light","damage_taken":14,"max_hp_gain":0,"max_hp_loss":0,"event_name":"Shining Light","floor":3,"gold_loss":0,"cards_upgraded":["Defend_G","Strike_G"]},{"damage_healed":0,"gold_gain":0,"player_choice":"Paid Fearfully","damage_taken":0,"max_hp_gain":0,"max_hp_loss":0,"event_name":"Masked Bandits","floor":21,"gold_loss":14},{"damage_healed":0,"gold_gain":0,"player_choice":"Ignored","damage_taken":0,"max_hp_gain":0,"max_hp_loss":0,"event_name":"Vampires","floor":22,"gold_loss":0},{"damage_healed":0,"gold_gain":0,"player_choice":"Ignored","damage_taken":0,"max_hp_gain":0,"max_hp_loss":0,"event_name":"Beggar","floor":31,"gold_loss":0}],"is_beta":false,"boss_relics":[{"not_picked":["HoveringKite","Snecko Eye"],"picked":"WristBlade"}],"items_purged_floors":[20],"is_endless":false,"potions_floor_spawned":[1,5,7,8,18],"killed_by":"Collector","ascension_level":5}