{"gold_per_floor":[113,188,188,65,80,80,119,119,169,184,184,202,50,69,69,200,200,225,16,16,16,37,37],"floor_reached":23,"playtime":976,"items_purged":[],"score":254,"play_id":"b36d56df-b2bc-4112-be78-f8d75ee1b456","local_time":"20181128224155","is_ascension_mode":true,"campfire_choices":[{"data":"Chaos","floor":6,"key":"SMITH"},{"floor":8,"key":"REST"},{"floor":15,"key":"REST"}],"neow_cost":"NONE","seed_source_timestamp":300735325204200,"circlet_count":0,"master_deck":["Strike_B","Strike_B","Strike_B","Strike_B","Defend_B","Defend_B","Defend_B","Defend_B","Zap","Dualcast","Chaos+1","Self Repair","Jack Of All Trades","Storm","Leap","Chill","Double Energy","Creative AI","Meteor Strike+1","Turbo+1","Rebound+1"],"relics":["FrozenCore","Orichalcum","Golden Idol","Molten Egg 2","Juzu Bracelet","GremlinMask","PreservedInsect","Membership Card","Spirit Poop"],"potions_floor_usage":[16,18],"damage_taken":[{"damage":2,"enemies":"2 Louse","floor":1,"turns":2},{"damage":6,"enemies":"Cultist","floor":5,"turns":4},{"damage":43,"enemies":"3 Sentries","floor":7,"turns":10},{"damage":2,"enemies":"Jaw Worm","floor":10,"turns":4},{"damage":5,"enemies":"Exordium Wildlife","floor":12,"turns":4},{"damage":4,"enemies":"Looter","floor":14,"turns":3},{"damage":29,"enemies":"Slime Boss","floor":16,"turns":5},{"damage":0,"enemies":"Chosen","floor":18,"turns":9},{"damage":22,"enemies":"Shell Parasite","floor":22,"turns":7},{"damage":61,"enemies":"Gremlin Leader","floor":23,"turns":3}],"seed_played":"-2407162661178263331","potions_obtained":[{"floor":1,"key":"Dexterity Potion"},{"floor":7,"key":"Strength Potion"},{"floor":10,"key":"Fire Potion"},{"floor":16,"key":"Weak Potion"},{"floor":22,"key":"SpeedPotion"}],"is_trial":false,"path_per_floor":["M","?","?","$","M","R","E","R","T","M","?","M","$","M","R","B",null,"M","$","?","$","M","E"],"character_chosen":"DEFECT","items_purchased":["Self Repair","Jack Of All Trades","PreservedInsect","Membership Card"],"campfire_rested":2,"item_purchase_floors":[4,4,13,19],"current_hp_per_floor":[66,55,55,55,56,56,20,42,42,47,47,42,42,45,67,45,68,75,75,75,75,60,0],"gold":37,"neow_bonus":"RANDOM_COMMON_RELIC","is_prod":false,"is_daily":false,"chose_seed":false,"campfire_upgraded":1,"win_rate":0,"timestamp":1543441315,"path_taken":["M","?","?","$","M","R","E","R","T","M","?","M","$","M","R","BOSS","M","$","?","$","M","E"],"build_version":"2018-11-15","purchased_purges":0,"victory":false,"max_hp_per_floor":[75,75,75,75,75,75,75,75,75,75,75,75,75,75,75,75,75,75,75,75,75,75,75],"card_choices":[{"not_picked":["Lockon","Hello World"],"picked":"Chaos","floor":1},{"not_picked":["Conserve Battery","Beam Cell"],"picked":"Storm","floor":5},{"not_picked":["Go for the Eyes","Steam"],"picked":"Leap","floor":7},{"not_picked":["Hologram","Compile Driver+1"],"picked":"Chill","floor":10},{"not_picked":["Reprogram","Glacier"],"picked":"Double Energy","floor":12},{"not_picked":["Beam Cell+1","Leap"],"picked":"Creative AI","floor":14},{"not_picked":["Biased Cognition","Seek"],"picked":"Meteor Strike+1","floor":16},{"not_picked":["Redo","Beam Cell+1"],"picked":"Turbo+1","floor":18},{"not_picked":["Heatsinks","Go for the Eyes+1"],"picked":"Rebound+1","floor":22}],"player_experience":1034911,"relics_obtained":[{"floor":7,"key":"Molten Egg 2"},{"floor":9,"key":"Juzu Bracelet"}],"event_choices":[{"damage_healed":0,"gold_gain":75,"player_choice":"Gather Gold","damage_taken":11,"max_hp_gain":0,"max_hp_loss":0,"event_name":"World of Goop","floor":2,"gold_loss":0},{"damage_healed":0,"gold_gain":0,"player_choice":"Take Wound","damage_taken":0,"relics_obtained":["Golden Idol"],"max_hp_gain":0,"max_hp_loss":0,"event_name":"Golden Idol","floor":3,"gold_loss":0,"cards_obtained":["Injury"]},{"damage_healed":0,"gold_gain":0,"player_choice":"Trade","damage_taken":0,"relics_obtained":["GremlinMask"],"max_hp_gain":0,"max_hp_loss":0,"event_name":"FaceTrader","floor":11,"gold_loss":0},{"cards_removed":["Injury"],"damage_healed":0,"gold_gain":0,"player_choice":"Offered Curse","damage_taken":0,"relics_obtained":["Spirit Poop"],"max_hp_gain":0,"max_hp_loss":0,"event_name":"Bonfire Elementals","floor":20,"gold_loss":0}],"is_beta":false,"boss_relics":[{"not_picked":["Busted Crown","Philosopher\u0027s Stone"],"picked":"FrozenCore"}],"items_purged_floors":[],"is_endless":false,"potions_floor_spawned":[1,7,10,16,22],"killed_by":"Gremlin Leader","ascension_level":7}