{"gold_per_floor":[113,129,129,129,141,141,167,167,191,216,216,216,227,33,33,132,132,142,142,142,73,90,90,107,23,23,53,53,53],"floor_reached":29,"playtime":1215,"items_purged":["Regret"],"score":399,"play_id":"072f930c-12bc-4368-b19d-f2ced5ee2d69","local_time":"20190320175802","is_ascension_mode":true,"campfire_choices":[{"data":"Noxious Fumes","floor":6,"key":"SMITH"},{"floor":8,"key":"REST"},{"floor":12,"key":"REST"},{"data":"Night Terror","floor":15,"key":"SMITH"},{"floor":23,"key":"REST"},{"floor":28,"key":"REST"}],"neow_cost":"NONE","seed_source_timestamp":16956606240599,"circlet_count":0,"master_deck":["AscendersBane","Defend_G+1","Defend_G","Defend_G+1","Defend_G+1","Defend_G","Survivor","Neutralize","Flying Knee","Noxious Fumes+1","Sucker Punch","Well Laid Plans+1","Night Terror+1","Corpse Explosion","Setup+1","Bite","Bite","Bite","Bite","Bite","Glass Knife","Noxious Fumes+1","Enlightenment","Outmaneuver+1"],"relics":["Ring of the Snake","NeowsBlessing","War Paint","PreservedInsect","Bronze Scales","Incense Burner","Tiny Chest","White Beast Statue","Blue Candle","Du-Vu Doll"],"potions_floor_usage":[4,4,7,20,22,27,27,29],"damage_taken":[{"damage":0,"enemies":"Small Slimes","floor":1,"turns":1},{"damage":0,"enemies":"Cultist","floor":2,"turns":1},{"damage":0,"enemies":"Jaw Worm","floor":5,"turns":1},{"damage":24,"enemies":"3 Sentries","floor":7,"turns":7},{"damage":10,"enemies":"Gremlin Nob","floor":10,"turns":4},{"damage":21,"enemies":"Exordium Wildlife","floor":13,"turns":4},{"damage":7,"enemies":"The Guardian","floor":16,"turns":10},{"damage":5,"enemies":"Chosen","floor":18,"turns":5},{"damage":13,"enemies":"Colosseum Slavers","floor":20,"turns":5},{"damage":23,"enemies":"2 Thieves","floor":22,"turns":5},{"damage":17,"enemies":"Snecko","floor":24,"turns":5},{"damage":22,"enemies":"Book of Stabbing","floor":27,"turns":4},{"damage":63,"enemies":"Gremlin Leader","floor":29,"turns":5}],"seed_played":"6409923202039975895","potions_obtained":[{"floor":2,"key":"Ancient Potion"},{"floor":4,"key":"Fruit Juice"},{"floor":4,"key":"Fruit Juice"},{"floor":4,"key":"SkillPotion"},{"floor":7,"key":"Explosive Potion"},{"floor":13,"key":"EssenceOfSteel"},{"floor":22,"key":"LiquidBronze"},{"floor":24,"key":"Strength Potion"},{"floor":27,"key":"Swift Potion"}],"is_trial":false,"path_per_floor":["M","M","?","?","M","R","E","R","T","E","?","R","M","$","R","B",null,"M","?","?","$","M","R","M","$","T","E","R","E"],"character_chosen":"THE_SILENT","items_purchased":["Tiny Chest","Glass Knife","Enlightenment"],"campfire_rested":4,"item_purchase_floors":[14,21,25],"current_hp_per_floor":[63,63,63,73,73,73,49,73,73,63,47,71,50,50,50,43,71,66,56,49,49,38,54,48,48,48,32,48,0],"gold":53,"neow_bonus":"THREE_ENEMY_KILL","is_prod":false,"is_daily":false,"chose_seed":false,"campfire_upgraded":2,"win_rate":0,"timestamp":1553101082,"path_taken":["M","M","?","?","?","R","E","R","T","E","?","R","M","$","R","BOSS","M","?","?","?","?","R","M","$","T","E","R","E"],"build_version":"2019-01-23","purchased_purges":1,"victory":false,"max_hp_per_floor":[70,70,70,80,80,80,80,80,80,80,80,80,80,80,80,80,80,80,56,56,56,56,56,56,56,56,56,56,56],"card_choices":[{"not_picked":["Poisoned Stab","Bane"],"picked":"Flying Knee","floor":1},{"not_picked":["Dagger Spray","Outmaneuver"],"picked":"Noxious Fumes","floor":2},{"not_picked":["Poisoned Stab","Tactician"],"picked":"Sucker Punch","floor":5},{"not_picked":["Underhanded Strike","Acrobatics","Eviscerate"],"picked":"SKIP","floor":7},{"not_picked":["PiercingWail","Dodge and Roll"],"picked":"Well Laid Plans","floor":10},{"not_picked":["Skewer","Well Laid Plans"],"picked":"Night Terror","floor":13},{"not_picked":["Die Die Die","Phantasmal Killer"],"picked":"Corpse Explosion","floor":16},{"not_picked":["Acrobatics","Flying Knee"],"picked":"Setup+1","floor":18},{"not_picked":["Dodge and Roll","PiercingWail","Tactician"],"picked":"SKIP","floor":22},{"not_picked":["Quick Slash","Slice"],"picked":"Noxious Fumes+1","floor":24},{"not_picked":["Underhanded Strike+1","PiercingWail+1"],"picked":"Outmaneuver+1","floor":27}],"player_experience":1551165,"relics_obtained":[{"floor":7,"key":"PreservedInsect"},{"floor":9,"key":"Bronze Scales"},{"floor":10,"key":"Incense Burner"},{"floor":26,"key":"Blue Candle"},{"floor":27,"key":"Du-Vu Doll"}],"event_choices":[{"damage_healed":0,"gold_gain":0,"player_choice":"Box","damage_taken":0,"relics_obtained":["War Paint"],"max_hp_gain":0,"max_hp_loss":0,"event_name":"Big Fish","floor":3,"gold_loss":0,"cards_obtained":["Regret"]},{"damage_healed":0,"gold_gain":0,"player_choice":"Got Potions","damage_taken":0,"max_hp_gain":0,"max_hp_loss":0,"event_name":"Lab","floor":4,"gold_loss":0},{"damage_healed":0,"gold_gain":0,"player_choice":"Entered Light","damage_taken":16,"max_hp_gain":0,"max_hp_loss":0,"event_name":"Shining Light","floor":11,"gold_loss":0,"cards_upgraded":["Defend_G","Well Laid Plans"]},{"damage_healed":0,"gold_gain":0,"player_choice":"Became a vampire","damage_taken":0,"max_hp_gain":0,"max_hp_loss":24,"event_name":"Vampires","floor":19,"gold_loss":0,"cards_obtained":["Bite","Bite","Bite","Bite","Bite"]},{"damage_healed":0,"gold_gain":0,"player_choice":"Fight","damage_taken":0,"max_hp_gain":0,"max_hp_loss":0,"event_name":"Colosseum","floor":20,"gold_loss":0},{"damage_healed":0,"gold_gain":0,"player_choice":"Fled From Nobs","damage_taken":0,"max_hp_gain":0,"max_hp_loss":0,"event_name":"Colosseum","floor":20,"gold_loss":0}],"is_beta":false,"boss_relics":[{"not_picked":["Fusion Hammer","WristBlade"],"picked":"White Beast Statue"}],"items_purged_floors":[14],"is_endless":false,"potions_floor_spawned":[2,7,13,16,18,20,22,24,27],"killed_by":"Gremlin Leader","ascension_level":10}