{"gold_per_floor":[116,116,136,149,82,117,117,180,227,227,227,227,8,23,23,119,119,131,131,146,158,174,174,174,185,254,42,53,53,70,83,83,186,186,196,206,206,223,223,223,250,250,275,292,292,23,23,51,51,51],"floor_reached":51,"playtime":7313,"items_purged":["Strike_B","Strike_B"],"score":770,"play_id":"ca5a30db-7dba-4329-b371-6ba49fa573ea","local_time":"20190505002844","is_ascension_mode":true,"campfire_choices":[{"floor":7.0,"key":"REST"},{"floor":12.0,"key":"REST"},{"floor":15.0,"key":"RECALL"},{"floor":23.0,"key":"REST"},{"floor":29.0,"key":"REST"},{"floor":32.0,"key":"REST"},{"floor":40.0,"key":"REST"},{"floor":42.0,"key":"REST"},{"floor":45.0,"key":"REST"},{"floor":49,"key":"REST"}],"neow_cost":"NONE","seed_source_timestamp":0,"circlet_count":0,"master_deck":["Strike_B+1","Strike_B+1","Defend_B","Defend_B","Defend_B","Dualcast","Loop","Genetic Algorithm","Compile Driver","White Noise","Ball Lightning","Auto Shields","Conserve Battery","Creative AI","Go for the Eyes","Coolheaded","Ball Lightning+1","Cold Snap+1","Barrage+1","Blizzard+1","White Noise","Hologram+1","Creative AI","Glacier+1","Go for the Eyes+1","Skim+1","FTL+1","Master of Strategy","Skim"],"special_seed":0,"relics":["Cracked Core","Whetstone","Orichalcum","Regal Pillow","Centennial Puzzle","Fusion Hammer","FaceOfCleric","Molten Egg 2","Bronze Scales","Sozu","Ginger","Strawberry","Frozen Egg 2"],"potions_floor_usage":[50],"damage_taken":[{"damage":1.0,"enemies":"Cultist","floor":1.0,"turns":3.0},{"damage":1.0,"enemies":"2 Louse","floor":3.0,"turns":2.0},{"damage":24.0,"enemies":"Small Slimes","floor":4.0,"turns":4.0},{"damage":20.0,"enemies":"3 Sentries","floor":6.0,"turns":8.0},{"damage":28.0,"enemies":"Lagavulin Event","floor":8.0,"turns":5.0},{"damage":0.0,"enemies":"2 Fungi Beasts","floor":14.0,"turns":2.0},{"damage":54.0,"enemies":"Slime Boss","floor":16.0,"turns":9.0},{"damage":10.0,"enemies":"Shell Parasite","floor":18.0,"turns":9.0},{"damage":11.0,"enemies":"3 Byrds","floor":20.0,"turns":4.0},{"damage":34.0,"enemies":"Cultist and Chosen","floor":21.0,"turns":7.0},{"damage":11.0,"enemies":"Snake Plant","floor":22.0,"turns":5.0},{"damage":30.0,"enemies":"Slavers","floor":24.0,"turns":4.0},{"damage":5.0,"enemies":"Centurion and Healer","floor":25.0,"turns":8.0},{"damage":4.0,"enemies":"Chosen and Byrds","floor":28.0,"turns":6.0},{"damage":12.0,"enemies":"Snake Plant","floor":30.0,"turns":4.0},{"damage":16.0,"enemies":"Centurion and Healer","floor":31.0,"turns":8.0},{"damage":49.0,"enemies":"Champ","floor":33.0,"turns":11.0},{"damage":8.0,"enemies":"3 Shapes","floor":35.0,"turns":4.0},{"damage":8.0,"enemies":"3 Darklings","floor":36.0,"turns":6.0},{"damage":42.0,"enemies":"Jaw Worm Horde","floor":38.0,"turns":6.0},{"damage":29.0,"enemies":"Giant Head","floor":41.0,"turns":11.0},{"damage":19.0,"enemies":"Sphere and 2 Shapes","floor":44.0,"turns":5.0},{"damage":11,"enemies":"Reptomancer","floor":48,"turns":7},{"damage":49,"enemies":"Awakened One","floor":50,"turns":14}],"seed_played":"-6174823349915684978","potions_obtained":[{"floor":3.0,"key":"Fire Potion"},{"floor":4.0,"key":"SteroidPotion"},{"floor":20.0,"key":"EntropicBrew"},{"floor":21.0,"key":"Swift Potion"},{"floor":30.0,"key":"FearPotion"},{"floor":33.0,"key":"GamblersBrew"}],"is_trial":false,"path_per_floor":["M","$","M","M","$","E","R","?","T","?","?","R","$","M","R","B",null,"M","?","M","M","M","R","E","M","T","$","M","R","M","M","R","B",null,"M","M","?","M","?","R","E","R","T","M","R","$","?","E","R","B",null],"character_chosen":"DEFECT","items_purchased":["White Noise","Centennial Puzzle","Cold Snap+1","Barrage+1","Bronze Scales","Master of Strategy"],"campfire_rested":9,"item_purchase_floors":[5,13,27,27,27,46],"current_hp_per_floor":[74,74,73,49,49,29,51,23,23,28,28,67,67,67,67,13,80,70,70,60,27,17,56,27,23,23,23,20,60,49,34,75,27,89,82,75,75,34,34,76,48,90,97,79,101,101,101,91,102,54],"gold":51,"neow_bonus":"REMOVE_CARD","is_prod":false,"is_daily":false,"chose_seed":false,"campfire_upgraded":0,"win_rate":0,"timestamp":1557008924,"path_taken":["M","$","?","M","?","E","R","?","T","?","?","R","$","M","R","BOSS","M","?","M","M","M","R","E","M","T","?","M","R","M","M","R","BOSS","M","M","?","M","?","R","E","R","T","M","R","$","?","E","R","BOSS"],"build_version":"2019-01-23","purchased_purges":2,"victory":true,"max_hp_per_floor":[75,75,75,75,75,75,75,75,75,80,80,80,80,80,80,80,80,80,80,81,82,83,83,84,85,85,85,86,86,87,88,88,89,89,90,91,91,92,92,92,93,93,100,101,101,101,101,102,102,103],"card_choices":[{"not_picked":["Barrage","Turbo"],"picked":"Loop","floor":1.0},{"not_picked":["Reinforced Body","Redo"],"picked":"Genetic Algorithm","floor":3.0},{"not_picked":["Beam Cell","Melter"],"picked":"Compile Driver","floor":4.0},{"not_picked":["Conserve Battery","Storm"],"picked":"Ball Lightning","floor":6.0},{"not_picked":["Hello World","Leap"],"picked":"Auto Shields","floor":8.0},{"not_picked":["Static Discharge","Beam Cell"],"picked":"Conserve Battery","floor":14.0},{"not_picked":["Biased Cognition","All For One"],"picked":"Creative AI","floor":16.0},{"not_picked":["Genetic Algorithm","Hologram"],"picked":"Go for the Eyes","floor":18.0},{"not_picked":["Chaos","Turbo","Melter+1"],"picked":"SKIP","floor":20.0},{"not_picked":["Leap","Consume"],"picked":"Coolheaded","floor":21.0},{"not_picked":["Scrape+1","Turbo"],"picked":"Ball Lightning","floor":22.0},{"not_picked":["Doom and Gloom","Scrape"],"picked":"Ball Lightning+1","floor":25.0},{"not_picked":["Fusion","Sweeping Beam+1"],"picked":"Blizzard+1","floor":28.0},{"not_picked":["Leap","Hologram"],"picked":"White Noise","floor":30.0},{"not_picked":["Darkness","Rebound+1"],"picked":"Hologram+1","floor":31.0},{"not_picked":["Multi-Cast","Hyperbeam+1"],"picked":"Creative AI","floor":33.0},{"not_picked":["Cold Snap+1","Barrage+1"],"picked":"Glacier+1","floor":35.0},{"not_picked":["Sweeping Beam+1","Conserve Battery","Reinforced Body"],"picked":"SKIP","floor":36.0},{"not_picked":["Conserve Battery","Sweeping Beam+1"],"picked":"Go for the Eyes+1","floor":38.0},{"not_picked":["Genetic Algorithm+1","Go for the Eyes+1"],"picked":"Skim+1","floor":41.0},{"not_picked":["Fission","Beam Cell+1"],"picked":"FTL+1","floor":44.0},{"not_picked":["Static Discharge+1","Turbo","Gash+1"],"picked":"SKIP","floor":48}],"player_experience":54483,"relics_obtained":[{"floor":6.0,"key":"Whetstone"},{"floor":8.0,"key":"Orichalcum"},{"floor":9.0,"key":"Regal Pillow"},{"floor":26.0,"key":"Molten Egg 2"},{"floor":41.0,"key":"Ginger"},{"floor":43.0,"key":"Strawberry"},{"floor":48,"key":"Frozen Egg 2"}],"event_choices":[{"damage_healed":0.0,"max_hp_gain":0.0,"max_hp_loss":0.0,"gold_gain":30.0,"event_name":"Dead Adventurer","player_choice":"Searched \u00272\u0027 times","floor":8.0,"gold_loss":0.0,"damage_taken":0.0},{"damage_healed":0.0,"max_hp_gain":5.0,"max_hp_loss":0.0,"gold_gain":0.0,"event_name":"Big Fish","player_choice":"Donut","floor":10.0,"gold_loss":0.0,"damage_taken":0.0},{"damage_healed":0.0,"max_hp_gain":0.0,"max_hp_loss":0.0,"gold_gain":0.0,"event_name":"Shining Light","player_choice":"Ignored","floor":11.0,"gold_loss":0.0,"damage_taken":0.0},{"damage_healed":0.0,"max_hp_gain":0.0,"max_hp_loss":0.0,"gold_gain":0.0,"event_name":"FaceTrader","player_choice":"Trade","floor":19.0,"gold_loss":0.0,"damage_taken":0.0,"relics_obtained":["FaceOfCleric"]},{"cards_removed":["Ball Lightning"],"damage_healed":0.0,"max_hp_gain":0.0,"max_hp_loss":0.0,"gold_gain":0.0,"event_name":"Falling","player_choice":"Removed Attack","floor":37.0,"gold_loss":0.0,"damage_taken":0.0},{"damage_healed":0.0,"max_hp_gain":0.0,"max_hp_loss":0.0,"gold_gain":0.0,"event_name":"Tomb of Lord Red Mask","player_choice":"Ignored","floor":39.0,"gold_loss":0.0,"damage_taken":0.0},{"damage_healed":0,"gold_gain":0,"cards_transformed":["Zap"],"player_choice":"Transformed","damage_taken":0,"max_hp_gain":0,"max_hp_loss":0,"event_name":"Transmorgrifier","floor":47,"gold_loss":0,"cards_obtained":["Skim"]}],"is_beta":false,"boss_relics":[{"not_picked":["Orrery","Black Star"],"picked":"Fusion Hammer"},{"not_picked":["Tiny House","Lizard Tail"],"picked":"Sozu"}],"items_purged_floors":[13,46],"is_endless":false,"potions_floor_spawned":[3,4,20,21,24,30,33,35,41],"ascension_level":2}