{"gold_per_floor":[115,115,58,77,89,89,118,131,205,219,232,232],"floor_reached":12,"playtime":439,"items_purged":[],"score":107,"play_id":"88c30870-a88a-4879-9ded-f56d64a708cd","local_time":"20190514063630","is_ascension_mode":false,"campfire_choices":[{"data":"Dualcast","floor":6,"key":"SMITH"}],"neow_cost":"NONE","seed_source_timestamp":150113994115711,"circlet_count":0,"master_deck":["Strike_B","Strike_B","Strike_B","Strike_B","Defend_B","Defend_B","Defend_B","Defend_B","Zap","Dualcast+1","Recycle","Conserve Battery","Redo","Doom and Gloom","Reprogram","Conserve Battery"],"relics":["Cracked Core","Mango","Potion Belt","Frozen Egg 2"],"potions_floor_usage":[],"damage_taken":[{"damage":1,"enemies":"Jaw Worm","floor":1,"turns":4},{"damage":1,"enemies":"Small Slimes","floor":4,"turns":3},{"damage":6,"enemies":"Cultist","floor":5,"turns":4},{"damage":73,"enemies":"Gremlin Nob","floor":7,"turns":7},{"damage":2,"enemies":"2 Fungi Beasts","floor":8,"turns":4},{"damage":6,"enemies":"Exordium Thugs","floor":10,"turns":4},{"damage":0,"enemies":"Exordium Wildlife","floor":11,"turns":2},{"damage":12,"enemies":"Blue Slaver","floor":12,"turns":2}],"seed_played":"2487979595724069239","potions_obtained":[{"floor":8,"key":"LiquidBronze"},{"floor":10,"key":"Poison Potion"}],"is_trial":false,"path_per_floor":["M","?","?","M","M","R","E","M","T","M","M","M"],"character_chosen":"DEFECT","items_purchased":[],"campfire_rested":0,"item_purchase_floors":[],"current_hp_per_floor":[81,86,100,99,93,93,20,18,18,12,12,0],"gold":232,"neow_bonus":"TEN_PERCENT_HP_BONUS","is_prod":false,"is_daily":false,"chose_seed":false,"campfire_upgraded":1,"win_rate":0,"timestamp":1557830190,"path_taken":["M","?","?","M","M","R","E","?","T","M","M","M"],"build_version":"2019-01-23","purchased_purges":0,"victory":false,"max_hp_per_floor":[82,87,101,101,101,101,101,101,101,101,101,101],"card_choices":[{"not_picked":["Beam Cell","Steam","Skim"],"picked":"SKIP","floor":1},{"not_picked":["Hologram","Streamline"],"picked":"Recycle","floor":4},{"not_picked":["Gash","Thunder Strike"],"picked":"Conserve Battery","floor":5},{"not_picked":["Beam Cell","Leap"],"picked":"Redo","floor":7},{"not_picked":["Reinforced Body","Heatsinks"],"picked":"Doom and Gloom","floor":8},{"not_picked":["Tempest","Lockon"],"picked":"Reprogram","floor":10},{"not_picked":["Sweeping Beam","Hologram"],"picked":"Conserve Battery","floor":11}],"player_experience":78368,"relics_obtained":[{"floor":7,"key":"Potion Belt"},{"floor":9,"key":"Frozen Egg 2"}],"event_choices":[{"damage_healed":0,"gold_gain":0,"player_choice":"Donut","damage_taken":0,"max_hp_gain":5,"max_hp_loss":0,"event_name":"Big Fish","floor":2,"gold_loss":0},{"damage_healed":0,"gold_gain":0,"player_choice":"Paid Gold","damage_taken":0,"relics_obtained":["Mango"],"max_hp_gain":0,"max_hp_loss":0,"event_name":"WeMeetAgain","floor":3,"gold_loss":57}],"is_beta":false,"boss_relics":[],"items_purged_floors":[],"is_endless":false,"potions_floor_spawned":[8,10],"killed_by":"Blue Slaver","ascension_level":0}