{"gold_per_floor":[117,134,153,164,164,200,200,215,266,286,302,325,338,338,338,459,459,479,63,43,62,62,97,30,30,76,76,76,76,76,1,1,130,130,155,155,203,219,168,168,88,101,101,101,119,119],"floor_reached":46,"playtime":2064,"items_purged":["Writhe"],"score":490,"play_id":"fd03161e-ea12-4eba-894f-dd31e974f161","local_time":"20181129004941","is_ascension_mode":false,"campfire_choices":[{"floor":15.0,"key":"REST"},{"floor":27.0,"key":"REST"},{"data":"Wraith Form v2","floor":29.0,"key":"SMITH"},{"data":"Envenom","floor":32.0,"key":"SMITH"},{"floor":40.0,"key":"REST"}],"neow_cost":"NONE","seed_source_timestamp":517500672295846,"circlet_count":0,"master_deck":["Defend_G","Defend_G","Defend_G","Defend_G","Defend_G","Strike_G","Strike_G","Strike_G","Strike_G","Strike_G","Survivor","Neutralize","Deadly Poison","Blade Dance","Blade Dance","Wraith Form v2+1","Deadly Poison","Deadly Poison","Deadly Poison","Crippling Poison","Blade Dance","Deadly Poison","Adrenaline","Dagger Throw+1","Envenom+1","Deadly Poison","Caltrops","Necronomicurse","Bullet Time","Cloak And Dagger+1","Prepared+1","Cloak And Dagger","Acrobatics","Footwork","Escape Plan"],"special_seed":0,"relics":["Orrery","Golden Idol","Orichalcum","Pen Nib","Runic Pyramid","Bag of Marbles","Toy Ornithopter","Ninja Scroll","Necronomicon","Bronze Scales","Omamori","HoveringKite","Ancient Tea Set","Happy Flower","WarpedTongs"],"potions_floor_usage":[45,45],"damage_taken":[{"damage":4.0,"enemies":"Small Slimes","floor":1.0,"turns":4.0},{"damage":0.0,"enemies":"2 Louse","floor":2.0,"turns":3.0},{"damage":0.0,"enemies":"Jaw Worm","floor":3.0,"turns":3.0},{"damage":8.0,"enemies":"Exordium Thugs","floor":4.0,"turns":5.0},{"damage":20.0,"enemies":"Lagavulin","floor":6.0,"turns":7.0},{"damage":7.0,"enemies":"Blue Slaver","floor":8.0,"turns":3.0},{"damage":6.0,"enemies":"2 Fungi Beasts","floor":10.0,"turns":3.0},{"damage":6.0,"enemies":"Large Slime","floor":11.0,"turns":6.0},{"damage":3.0,"enemies":"Exordium Wildlife","floor":12.0,"turns":4.0},{"damage":0.0,"enemies":"3 Louse","floor":13.0,"turns":3.0},{"damage":18.0,"enemies":"The Guardian","floor":16.0,"turns":8.0},{"damage":14.0,"enemies":"Spheric Guardian","floor":18.0,"turns":4.0},{"damage":4.0,"enemies":"Shell Parasite","floor":21.0,"turns":4.0},{"damage":1.0,"enemies":"Gremlin Leader","floor":23.0,"turns":6.0},{"damage":54.0,"enemies":"Collector","floor":33.0,"turns":8.0},{"damage":46.0,"enemies":"3 Darklings","floor":35.0,"turns":7.0},{"damage":8.0,"enemies":"Orb Walker","floor":38.0,"turns":3.0},{"damage":18.0,"enemies":"4 Shapes","floor":42.0,"turns":7.0},{"damage":30,"enemies":"Spire Growth","floor":45,"turns":4},{"damage":27,"enemies":"Writhing Mass","floor":46,"turns":4}],"seed_played":"-2863670447371866943","potions_obtained":[{"floor":1.0,"key":"Dexterity Potion"},{"floor":4.0,"key":"GhostInAJar"},{"floor":10.0,"key":"GhostInAJar"},{"floor":16.0,"key":"SteroidPotion"},{"floor":20.0,"key":"FairyPotion"},{"floor":38.0,"key":"Regen Potion"}],"is_trial":false,"path_per_floor":["M","M","M","M","?","E","?","M","T","M","M","M","M","?","R","B",null,"M","$","?","M","$","E","$","?","T","R","$","R","?","$","R","B",null,"M","?","T","M","$","R","$","M","T","?","M","M"],"character_chosen":"THE_SILENT","items_purchased":["Envenom","Bag of Marbles","Toy Ornithopter","Caltrops","Cloak And Dagger","Acrobatics","Footwork"],"campfire_rested":3,"item_purchase_floors":[19,19,19,24,39,41,41],"current_hp_per_floor":[66,66,66,58,58,38,31,24,24,18,12,9,9,9,30,12,70,56,56,56,52,52,56,56,40,40,61,61,61,61,61,61,7,70,24,24,24,16,16,37,37,19,19,19,13,0],"gold":119,"neow_bonus":"BOSS_RELIC","is_prod":false,"is_daily":false,"chose_seed":false,"campfire_upgraded":2,"win_rate":0,"timestamp":1543420181,"path_taken":["M","M","M","M","?","E","?","M","T","M","M","M","M","?","R","BOSS","M","$","?","M","$","E","?","?","T","R","?","R","?","?","R","BOSS","M","?","?","M","$","R","$","M","T","?","M","M"],"build_version":"2018-11-15","purchased_purges":1,"victory":false,"max_hp_per_floor":[70,70,70,70,70,70,70,70,70,70,70,70,70,70,70,70,70,70,70,70,70,70,70,70,70,70,70,70,70,70,70,70,70,70,70,70,70,70,70,70,70,70,70,70,70,70],"card_choices":[{"not_picked":["Backflip","Prepared"],"picked":"Deadly Poison","floor":0.0},{"not_picked":["Dagger Throw","Prepared"],"picked":"Blade Dance","floor":0.0},{"not_picked":["Flying Knee","Dagger Spray"],"picked":"Blade Dance","floor":0.0},{"not_picked":["Flying Knee","Acrobatics"],"picked":"Wraith Form v2","floor":0.0},{"not_picked":["Dagger Throw","Bane","Sucker Punch"],"picked":"SKIP","floor":1.0},{"not_picked":["Slice","Poisoned Stab"],"picked":"Deadly Poison","floor":2.0},{"not_picked":["Masterful Stab","Outmaneuver","Prepared"],"picked":"SKIP","floor":3.0},{"not_picked":["Deflect","Acrobatics","Underhanded Strike"],"picked":"SKIP","floor":4.0},{"not_picked":["Dagger Spray","Dodge and Roll"],"picked":"Deadly Poison","floor":6.0},{"not_picked":["Flying Knee","Burst"],"picked":"Deadly Poison","floor":8.0},{"not_picked":["Flechettes","Riddle With Holes"],"picked":"Crippling Poison","floor":10.0},{"not_picked":["Leg Sweep","Slice","Predator"],"picked":"SKIP","floor":11.0},{"not_picked":["All Out Attack","Deflect"],"picked":"Blade Dance","floor":12.0},{"not_picked":["Slice","Flying Knee"],"picked":"Deadly Poison","floor":13.0},{"not_picked":["Burst","Bullet Time"],"picked":"Adrenaline","floor":16.0},{"not_picked":["Flying Knee","Deflect"],"picked":"Dagger Throw+1","floor":18.0},{"not_picked":["Heel Hook","Leg Sweep"],"picked":"Deadly Poison","floor":21.0},{"not_picked":["Quick Slash+1","Slice+1"],"picked":"Outmaneuver+1","floor":23.0},{"not_picked":["Die Die Die","Wraith Form v2"],"picked":"Bullet Time","floor":33.0},{"not_picked":["Terror","Prepared+1"],"picked":"Cloak And Dagger+1","floor":35.0},{"not_picked":["Eviscerate+1","Deflect"],"picked":"Prepared+1","floor":38.0},{"not_picked":["Bane","Dagger Throw+1","Sucker Punch+1"],"picked":"SKIP","floor":42.0},{"not_picked":["Dagger Throw","Poisoned Stab+1"],"picked":"Escape Plan","floor":45}],"player_experience":159130,"relics_obtained":[{"floor":6.0,"key":"Orichalcum"},{"floor":9.0,"key":"Pen Nib"},{"floor":23.0,"key":"Ninja Scroll"},{"floor":25.0,"key":"Necronomicon"},{"floor":26.0,"key":"Bronze Scales"},{"floor":37.0,"key":"Ancient Tea Set"},{"floor":43.0,"key":"Happy Flower"}],"event_choices":[{"damage_healed":0.0,"max_hp_gain":0.0,"max_hp_loss":0.0,"gold_gain":0.0,"event_name":"Golden Idol","player_choice":"Take Wound","floor":5.0,"gold_loss":0.0,"damage_taken":0.0,"relics_obtained":["Golden Idol"],"cards_obtained":["Injury"]},{"cards_removed":["Injury"],"damage_healed":0.0,"max_hp_gain":0.0,"max_hp_loss":0.0,"gold_gain":0.0,"event_name":"Golden Wing","player_choice":"Card Removal","floor":7.0,"gold_loss":0.0,"damage_taken":7.0},{"damage_healed":0.0,"max_hp_gain":0.0,"max_hp_loss":0.0,"gold_gain":0.0,"event_name":"Liars Game","player_choice":"Ignored","floor":14.0,"gold_loss":0.0,"damage_taken":0.0},{"damage_healed":0.0,"max_hp_gain":0.0,"max_hp_loss":0.0,"gold_gain":0.0,"event_name":"The Woman in Blue","player_choice":"Bought 1 Potion","floor":20.0,"gold_loss":0.0,"damage_taken":0.0},{"damage_healed":0.0,"max_hp_gain":0.0,"max_hp_loss":0.0,"gold_gain":0.0,"event_name":"Cursed Tome","player_choice":"Obtained Book","floor":25.0,"gold_loss":0.0,"damage_taken":16.0},{"damage_healed":0.0,"max_hp_gain":0.0,"max_hp_loss":0.0,"gold_gain":0.0,"event_name":"The Mausoleum","player_choice":"Opened","floor":30.0,"gold_loss":0.0,"damage_taken":0.0,"relics_obtained":["Omamori"],"cards_obtained":["Writhe"]},{"cards_removed":["Outmaneuver"],"damage_healed":0.0,"max_hp_gain":0.0,"max_hp_loss":0.0,"gold_gain":0.0,"event_name":"Falling","player_choice":"Removed Skill","floor":36.0,"gold_loss":0.0,"damage_taken":0.0},{"damage_healed":0.0,"max_hp_gain":0.0,"max_hp_loss":0.0,"gold_gain":0.0,"event_name":"Accursed Blacksmith","player_choice":"Rummage","floor":44.0,"gold_loss":0.0,"damage_taken":0.0,"relics_obtained":["WarpedTongs"],"cards_obtained":["Pain"]}],"is_beta":false,"boss_relics":[{"not_picked":["Black Star","White Beast Statue"],"picked":"Runic Pyramid"},{"not_picked":["Lizard Tail","Eternal Feather"],"picked":"HoveringKite"}],"items_purged_floors":[31],"is_endless":false,"potions_floor_spawned":[1,4,10,16,38,42],"killed_by":"Writhing Mass","ascension_level":0}