{"gold_per_floor":[119,119,184,184,109,109,109,19,96,3,15,31,31],"floor_reached":13,"playtime":607,"items_purged":[],"score":135,"play_id":"a556e0d4-3fda-46db-b8e5-8861245fd9a3","local_time":"20190510153941","is_ascension_mode":true,"campfire_choices":[{"data":"Backstab","floor":6,"key":"SMITH"}],"neow_cost":"PERCENT_DAMAGE","seed_source_timestamp":37192635200207,"circlet_count":0,"master_deck":["AscendersBane","Defend_G","Defend_G","Defend_G","Defend_G","Defend_G","Strike_G+1","Survivor","Neutralize","Die Die Die","Backstab+1","Bouncing Flask+1","Deflect","Footwork","PiercingWail+1","Accuracy","Acrobatics+1","Dagger Throw"],"relics":["Ring of the Snake","WingedGreaves","Toxic Egg 2"],"potions_floor_usage":[1],"damage_taken":[{"damage":0,"enemies":"Jaw Worm","floor":1,"turns":4},{"damage":0,"enemies":"Small Slimes","floor":11,"turns":1},{"damage":0,"enemies":"2 Louse","floor":12,"turns":2}],"seed_played":"-3580247969986284073","potions_obtained":[{"floor":1,"key":"Fruit Juice"},{"floor":12,"key":"Energy Potion"}],"is_trial":false,"path_per_floor":["M","?","?","?","?","R","?","$","T","$","M","M","R"],"character_chosen":"THE_SILENT","items_purchased":["Footwork","PiercingWail+1","Accuracy"],"campfire_rested":0,"item_purchase_floors":[8,10,10],"current_hp_per_floor":[49,38,38,17,17,17,17,17,17,17,17,17,17],"gold":31,"neow_bonus":"TRANSFORM_TWO_CARDS","is_prod":false,"is_daily":false,"chose_seed":false,"campfire_upgraded":1,"win_rate":0,"timestamp":1557527981,"path_taken":["M","?","?","?","?","R","?","$","T","$","M","?","R"],"build_version":"2019-01-23","purchased_purges":0,"victory":false,"max_hp_per_floor":[71,71,71,71,71,71,71,71,71,71,71,71,71],"card_choices":[{"not_picked":["Expertise","Bane"],"picked":"Bouncing Flask","floor":1},{"not_picked":["Flechettes","Setup+1"],"picked":"Acrobatics+1","floor":11},{"not_picked":["Eviscerate","Slice"],"picked":"Dagger Throw","floor":12}],"player_experience":1686923,"relics_obtained":[{"floor":9,"key":"Toxic Egg 2"}],"event_choices":[{"damage_healed":0,"gold_gain":0,"player_choice":"Success","damage_taken":11,"relics_obtained":["WingedGreaves"],"max_hp_gain":0,"max_hp_loss":0,"event_name":"Scrap Ooze","floor":2,"gold_loss":0},{"damage_healed":0,"gold_gain":65,"player_choice":"Gained Gold","damage_taken":0,"max_hp_gain":0,"max_hp_loss":0,"event_name":"Golden Wing","floor":3,"gold_loss":0},{"damage_healed":0,"gold_gain":0,"player_choice":"Entered Light","damage_taken":21,"max_hp_gain":0,"max_hp_loss":0,"event_name":"Shining Light","floor":4,"gold_loss":0,"cards_upgraded":["Strike_G","Bouncing Flask"]},{"cards_removed":["Strike_G"],"damage_healed":0,"gold_gain":0,"player_choice":"Card Removal","damage_taken":0,"max_hp_gain":0,"max_hp_loss":0,"event_name":"The Cleric","floor":5,"gold_loss":75},{"damage_healed":0,"gold_gain":0,"cards_transformed":["Strike_G"],"player_choice":"Transformed","damage_taken":0,"max_hp_gain":0,"max_hp_loss":0,"event_name":"Transmorgrifier","floor":7,"gold_loss":0,"cards_obtained":["Deflect"]}],"is_beta":false,"boss_relics":[],"items_purged_floors":[],"is_endless":false,"potions_floor_spawned":[1,12],"ascension_level":18}