{"gold_per_floor":[13,30,30,30,45,45,8,44,67,83,258,272,286,304,304,428,428,446,446,466,466],"floor_reached":21,"playtime":1215,"items_purged":[],"score":265,"play_id":"00fedc97-43b6-4dfa-b9a9-2bade24f0e17","local_time":"20190111224935","is_ascension_mode":true,"campfire_choices":[{"floor":6,"key":"REST"},{"floor":15,"key":"REST"}],"neow_cost":"NO_GOLD","seed_source_timestamp":158467486742500,"circlet_count":0,"master_deck":["Strike_R","Strike_R","Strike_R","Defend_R","Defend_R","Defend_R","Defend_R","Bash","Rupture","Fire Breathing","Clash","Shockwave+1","Injury","Whirlwind","Dropkick","Demon Form","Metallicize","Doubt","Clash","Shockwave","Offering","True Grit+1","Dropkick","Body Slam+1"],"relics":["Burning Blood","Golden Idol","Bronze Scales","Anchor","White Beast Statue"],"potions_floor_usage":[10,13,16,16,18,21,21],"damage_taken":[{"damage":21,"enemies":"Jaw Worm","floor":1,"turns":4},{"damage":9,"enemies":"Small Slimes","floor":2,"turns":5},{"damage":11,"enemies":"Cultist","floor":5,"turns":5},{"damage":36,"enemies":"Gremlin Nob","floor":8,"turns":5},{"damage":6,"enemies":"Red Slaver","floor":10,"turns":4},{"damage":11,"enemies":"Large Slime","floor":12,"turns":5},{"damage":9,"enemies":"Exordium Wildlife","floor":13,"turns":4},{"damage":13,"enemies":"Red Slaver","floor":14,"turns":6},{"damage":61,"enemies":"The Guardian","floor":16,"turns":12},{"damage":8,"enemies":"3 Byrds","floor":18,"turns":4},{"damage":51,"enemies":"Chosen","floor":20,"turns":9},{"damage":22,"enemies":"Snecko","floor":21,"turns":4}],"seed_played":"-8852997590416086807","potions_obtained":[{"floor":2,"key":"Regen Potion"},{"floor":5,"key":"Explosive Potion"},{"floor":12,"key":"PowerPotion"},{"floor":13,"key":"GamblersBrew"},{"floor":16,"key":"SteroidPotion"},{"floor":18,"key":"Fruit Juice"},{"floor":20,"key":"Block Potion"}],"is_trial":false,"path_per_floor":["M","M","?","?","M","R","$","E","T","M","?","M","M","M","R","B",null,"M","?","M","M"],"character_chosen":"IRONCLAD","items_purchased":["Dropkick"],"campfire_rested":2,"item_purchase_floors":[7],"current_hp_per_floor":[57,54,54,54,49,73,73,43,43,57,57,52,49,42,66,11,63,66,66,21,0],"gold":466,"neow_bonus":"TRANSFORM_TWO_CARDS","is_prod":false,"is_daily":false,"chose_seed":false,"campfire_upgraded":0,"win_rate":0,"timestamp":1547243375,"path_taken":["M","M","?","?","?","R","?","E","T","M","?","M","M","M","R","BOSS","M","?","?","M"],"build_version":"2019-01-10","purchased_purges":0,"victory":false,"max_hp_per_floor":[80,80,80,80,80,80,80,80,80,80,80,80,80,80,80,80,80,85,85,85,85],"card_choices":[{"not_picked":["Shrug It Off","Second Wind"],"picked":"Clash","floor":1},{"not_picked":["Iron Wave","Shrug It Off"],"picked":"Shockwave","floor":2},{"not_picked":["Sword Boomerang","Thunderclap"],"picked":"Whirlwind","floor":5},{"not_picked":["Feel No Pain","Warcry"],"picked":"Demon Form","floor":8},{"not_picked":["Ghostly Armor","Havoc"],"picked":"Metallicize","floor":10},{"not_picked":["Shrug It Off","Perfected Strike"],"picked":"Clash","floor":12},{"not_picked":["Cleave","Clash"],"picked":"Shockwave","floor":13},{"not_picked":["Havoc","Rampage","Entrench"],"picked":"SKIP","floor":14},{"not_picked":["Berserk","Brutality"],"picked":"Offering","floor":16},{"not_picked":["Warcry","Intimidate"],"picked":"True Grit+1","floor":18},{"not_picked":["Heavy Blade","Rupture+1"],"picked":"Body Slam+1","floor":20}],"player_experience":1095896,"relics_obtained":[{"floor":8,"key":"Bronze Scales"},{"floor":9,"key":"Anchor"}],"event_choices":[{"damage_healed":0,"gold_gain":0,"player_choice":"Take Wound","damage_taken":0,"relics_obtained":["Golden Idol"],"max_hp_gain":0,"max_hp_loss":0,"event_name":"Golden Idol","floor":3,"gold_loss":0,"cards_obtained":["Injury"]},{"damage_healed":0,"gold_gain":0,"player_choice":"Upgraded","damage_taken":0,"max_hp_gain":0,"max_hp_loss":0,"event_name":"Upgrade Shrine","floor":4,"gold_loss":0,"cards_upgraded":["Shockwave"]},{"damage_healed":0,"gold_gain":175,"player_choice":"AGREE","damage_taken":0,"max_hp_gain":0,"max_hp_loss":0,"event_name":"Liars Game","floor":11,"gold_loss":0,"cards_obtained":["Doubt"]},{"damage_healed":0,"gold_gain":0,"player_choice":"Copied","damage_taken":0,"max_hp_gain":0,"max_hp_loss":0,"event_name":"Duplicator","floor":19,"gold_loss":0,"cards_obtained":["Dropkick"]}],"is_beta":false,"boss_relics":[{"not_picked":["Empty Cage","Pandora\u0027s Box"],"picked":"White Beast Statue"}],"items_purged_floors":[],"is_endless":false,"potions_floor_spawned":[2,5,12,13,16,18,20],"killed_by":"Snecko","ascension_level":9}