{"gold_per_floor":[111,386,404,414,131,131,131,147,226,226,259,259,288,299,299,404,404,385,83,83,98,8,24,24],"floor_reached":24,"playtime":1363,"items_purged":["Regret","Normality"],"score":206,"play_id":"ea0e7870-24e3-40c7-b8bb-96ba37f2fd0a","local_time":"20181024231544","is_ascension_mode":false,"campfire_choices":[{"data":"True Grit","floor":6,"key":"SMITH"},{"data":"Cleave","floor":10,"key":"SMITH"},{"floor":12,"key":"REST"},{"data":"Combust","floor":15,"key":"SMITH"}],"neow_cost":"NONE","seed_source_timestamp":7535910508100,"circlet_count":0,"master_deck":["Strike_R","Strike_R","Strike_R","Strike_R","Strike_R","Defend_R+1","Defend_R","Defend_R","Defend_R","Bash","Panacea","Battle Trance","True Grit+1","Feel No Pain","Cleave+1","Combust+1","Metallicize","Dark Embrace","Writhe"],"relics":["Burning Blood","Chemical X","Ancient Tea Set","Mummified Hand","Regal Pillow","Singing Bowl","Calling Bell","Omamori","Gremlin Horn","Shovel","PrismaticShard","Smiling Mask"],"potions_floor_usage":[11,13,14,23,23],"damage_taken":[{"damage":5,"enemies":"Jaw Worm","floor":1,"turns":5},{"damage":6,"enemies":"Cultist","floor":3,"turns":4},{"damage":2,"enemies":"2 Louse","floor":4,"turns":3},{"damage":15,"enemies":"Large Slime","floor":8,"turns":12},{"damage":38,"enemies":"Lagavulin","floor":11,"turns":8},{"damage":16,"enemies":"3 Sentries","floor":13,"turns":4},{"damage":2,"enemies":"Exordium Thugs","floor":14,"turns":3},{"damage":52,"enemies":"Hexaghost","floor":16,"turns":13},{"damage":32,"enemies":"2 Thieves","floor":18,"turns":4},{"damage":32,"enemies":"3 Byrds","floor":21,"turns":6},{"damage":30,"enemies":"Snake Plant","floor":23,"turns":7},{"damage":20,"enemies":"Shelled Parasite and Fungi","floor":24,"turns":3}],"seed_played":"-6496374849011566461","potions_obtained":[{"floor":3,"key":"Weak Potion"},{"floor":11,"key":"SkillPotion"},{"floor":13,"key":"Block Potion"},{"floor":16,"key":"BloodPotion"},{"floor":21,"key":"Energy Potion"}],"is_trial":false,"path_per_floor":["M","?","M","M","$","R","?","M","T","R","E","R","E","M","R","B",null,"M","$","?","M","?","M"],"character_chosen":"IRONCLAD","items_purchased":["Chemical X","PrismaticShard"],"campfire_rested":1,"item_purchase_floors":[5,19],"current_hp_per_floor":[80,80,80,80,80,80,73,64,64,64,32,71,61,67,67,21,82,58,58,58,34,34,20,0],"gold":24,"neow_bonus":"RANDOM_COLORLESS","is_prod":false,"is_daily":false,"chose_seed":false,"campfire_upgraded":3,"win_rate":0,"timestamp":1540415744,"path_taken":["M","?","M","M","$","R","?","M","T","R","E","R","E","M","R","BOSS","M","$","?","M","?","M","M"],"build_version":"2018-10-18","purchased_purges":2,"victory":false,"max_hp_per_floor":[80,80,80,80,80,80,80,80,80,80,80,80,80,82,82,82,82,84,84,84,86,86,88,88],"card_choices":[{"not_picked":["Sword Boomerang","Shrug It Off"],"picked":"Battle Trance","floor":1},{"not_picked":["Armaments","Clothesline"],"picked":"True Grit","floor":3},{"not_picked":["Carnage","Wild Strike"],"picked":"Feel No Pain","floor":4},{"not_picked":["Pommel Strike","Hemokinesis"],"picked":"Cleave","floor":8},{"not_picked":["Warcry","Armaments"],"picked":"Combust","floor":11},{"not_picked":["Twin Strike","Barricade"],"picked":"Metallicize","floor":13},{"not_picked":["Cleave","Sword Boomerang","Second Wind"],"picked":"Singing Bowl","floor":14},{"not_picked":["Impervious","Immolate"],"picked":"Dark Embrace","floor":16},{"not_picked":["Battle Trance","Inflame","Sword Boomerang"],"picked":"Singing Bowl","floor":18},{"not_picked":["Bane","Impatience","Masterful Stab+1"],"picked":"Singing Bowl","floor":21},{"not_picked":["PiercingWail","Blizzard","Underhanded Strike"],"picked":"Singing Bowl","floor":23}],"player_experience":763622,"relics_obtained":[{"floor":9,"key":"Mummified Hand"},{"floor":11,"key":"Regal Pillow"},{"floor":13,"key":"Singing Bowl"},{"floor":17,"key":"Omamori"},{"floor":17,"key":"Gremlin Horn"},{"floor":17,"key":"Shovel"}],"event_choices":[{"damage_healed":0,"gold_gain":275,"player_choice":"Desecrate","damage_taken":0,"max_hp_gain":0,"max_hp_loss":0,"event_name":"Golden Shrine","floor":2,"gold_loss":0,"cards_obtained":["Regret"]},{"damage_healed":0,"gold_gain":0,"player_choice":"Success","damage_taken":7,"relics_obtained":["Ancient Tea Set"],"max_hp_gain":0,"max_hp_loss":0,"event_name":"Scrap Ooze","floor":7,"gold_loss":0},{"damage_healed":0,"gold_gain":0,"player_choice":"Stole Relic","damage_taken":0,"relics_obtained":["Smiling Mask"],"max_hp_gain":0,"max_hp_loss":0,"event_name":"Addict","floor":20,"gold_loss":0,"cards_obtained":["Shame"]},{"cards_removed":["Doubt"],"damage_healed":0,"gold_gain":0,"player_choice":"Upgrade and Remove","damage_taken":0,"max_hp_gain":0,"max_hp_loss":0,"event_name":"Designer","floor":22,"gold_loss":90,"cards_upgraded":["Defend_R"]}],"is_beta":false,"boss_relics":[{"not_picked":["Busted Crown","Runic Pyramid"],"picked":"Calling Bell"}],"items_purged_floors":[5,19],"is_endless":false,"potions_floor_spawned":[3,11,13,16,21],"killed_by":"Shelled Parasite and Fungi","ascension_level":0}