{"gold_per_floor":[109,119,23,23,173,173,173,203,230,230,263,275,287,318,330,418,430,457,469,481,493,22,22,22,33,33,33,45,45],"floor_reached":29,"playtime":1498,"items_purged":["Doubt"],"score":479,"play_id":"2349a87a-e5b4-496a-9870-18736fd577ce","local_time":"20190511213817","is_ascension_mode":true,"campfire_choices":[{"data":"Noxious Fumes","floor":6,"key":"SMITH"},{"data":"Dagger Spray","floor":10,"key":"SMITH"},{"floor":12,"key":"REST"},{"floor":15,"key":"REST"},{"data":"A Thousand Cuts","floor":23,"key":"SMITH"}],"neow_cost":"NONE","seed_source_timestamp":40536389592399,"circlet_count":0,"master_deck":["AscendersBane","Defend_G+1","Defend_G+1","Defend_G+1","Defend_G+1","Defend_G+1","Strike_G+1","Strike_G+1","Strike_G+1","Strike_G+1","Survivor","Neutralize","Backflip","Dagger Spray+1","Noxious Fumes+1","Cloak And Dagger+1","Well Laid Plans","A Thousand Cuts","PiercingWail","A Thousand Cuts+1","Prepared+1","Enlightenment","Footwork","Dagger Spray","A Thousand Cuts","Dash","Terror"],"relics":["Ring of the Snake","NeowsBlessing","Question Card","Omamori","MawBank","Sundial","Runic Pyramid","Vajra","Paper Crane","Dream Catcher"],"potions_floor_usage":[18],"damage_taken":[{"damage":0,"enemies":"Jaw Worm","floor":1,"turns":1},{"damage":0,"enemies":"Small Slimes","floor":2,"turns":2},{"damage":0,"enemies":"3 Sentries","floor":8,"turns":2},{"damage":27,"enemies":"Lagavulin","floor":11,"turns":10},{"damage":0,"enemies":"2 Louse","floor":14,"turns":3},{"damage":25,"enemies":"Slime Boss","floor":16,"turns":11},{"damage":12,"enemies":"Shell Parasite","floor":18,"turns":8},{"damage":10,"enemies":"Chosen","floor":25,"turns":6},{"damage":9,"enemies":"Centurion and Healer","floor":28,"turns":7},{"damage":29,"enemies":"Shelled Parasite and Fungi","floor":29,"turns":6}],"seed_played":"7415090139802279438","potions_obtained":[{"floor":14,"key":"Weak Potion"},{"floor":16,"key":"Ancient Potion"}],"is_trial":false,"path_per_floor":["M","M","$","?","?","R","?","E","T","R","E","R","T","M","R","B",null,"M","?","$","?","$","R","?","M","T","?","M","M"],"character_chosen":"THE_SILENT","items_purchased":["Noxious Fumes","Cloak And Dagger","Enlightenment","Vajra","Footwork","Dagger Spray"],"campfire_rested":2,"item_purchase_floors":[3,3,22,22,22,22],"current_hp_per_floor":[59,59,59,52,52,52,32,32,32,32,5,24,24,24,43,18,54,42,42,42,42,42,42,42,32,32,32,23,0],"gold":45,"neow_bonus":"THREE_ENEMY_KILL","is_prod":false,"is_daily":false,"chose_seed":false,"campfire_upgraded":3,"win_rate":0,"timestamp":1557635897,"path_taken":["M","M","$","?","?","R","?","E","T","R","E","R","?","M","R","BOSS","M","?","$","?","$","R","?","M","T","?","M","?"],"build_version":"2019-01-23","purchased_purges":1,"victory":false,"max_hp_per_floor":[66,66,66,66,66,66,66,66,66,66,66,66,66,66,66,66,66,66,66,66,66,66,66,66,66,66,66,66,66],"card_choices":[{"not_picked":["Deflect","Blur"],"picked":"Backflip","floor":1},{"not_picked":["Poisoned Stab","Prepared"],"picked":"Dagger Spray","floor":2},{"not_picked":["Quick Slash","Setup"],"picked":"Well Laid Plans","floor":8},{"not_picked":["Cloak And Dagger","Eviscerate","Flechettes"],"picked":"A Thousand Cuts","floor":11},{"not_picked":["Sucker Punch","Outmaneuver","Prepared"],"picked":"PiercingWail","floor":14},{"not_picked":["Night Terror","Phantasmal Killer","Bullet Time"],"picked":"A Thousand Cuts","floor":16},{"not_picked":["Bane","Acrobatics","Escape Plan"],"picked":"Prepared+1","floor":18},{"not_picked":["Flying Knee","Poisoned Stab+1","Deadly Poison"],"picked":"Dash","floor":25},{"not_picked":["Acrobatics","Masterful Stab","Poisoned Stab"],"picked":"Terror","floor":28}],"player_experience":1688855,"relics_obtained":[{"floor":8,"key":"Question Card"},{"floor":9,"key":"Omamori"},{"floor":11,"key":"MawBank"},{"floor":13,"key":"Sundial"},{"floor":26,"key":"Paper Crane"}],"event_choices":[{"cards_removed":["Strike_G"],"damage_healed":0,"gold_gain":0,"player_choice":"Card Removal","damage_taken":7,"max_hp_gain":0,"max_hp_loss":0,"event_name":"Golden Wing","floor":4,"gold_loss":0},{"damage_healed":0,"gold_gain":150,"player_choice":"AGREE","damage_taken":0,"max_hp_gain":0,"max_hp_loss":0,"event_name":"Liars Game","floor":5,"gold_loss":0,"cards_obtained":["Doubt"]},{"damage_healed":0,"gold_gain":0,"player_choice":"Entered Light","damage_taken":20,"max_hp_gain":0,"max_hp_loss":0,"event_name":"Shining Light","floor":7,"gold_loss":0,"cards_upgraded":["Defend_G","Cloak And Dagger"]},{"damage_healed":0,"gold_gain":0,"player_choice":"Ignored","damage_taken":0,"max_hp_gain":0,"max_hp_loss":0,"event_name":"Ghosts","floor":19,"gold_loss":0},{"damage_healed":0,"gold_gain":0,"player_choice":"Simplicity","damage_taken":0,"max_hp_gain":0,"max_hp_loss":0,"event_name":"Back to Basics","floor":21,"gold_loss":0,"cards_upgraded":["Defend_G","Defend_G","Defend_G","Defend_G","Strike_G","Strike_G","Strike_G","Strike_G"]},{"damage_healed":0,"gold_gain":0,"player_choice":"Read","damage_taken":0,"max_hp_gain":0,"max_hp_loss":0,"event_name":"The Library","floor":24,"gold_loss":0,"cards_obtained":["A Thousand Cuts"]},{"damage_healed":0,"gold_gain":0,"player_choice":"Opened","damage_taken":0,"relics_obtained":["Dream Catcher"],"max_hp_gain":0,"max_hp_loss":0,"event_name":"The Mausoleum","floor":27,"gold_loss":0,"cards_obtained":["Writhe"]}],"is_beta":false,"boss_relics":[{"not_picked":["Velvet Choker","Eternal Feather"],"picked":"Runic Pyramid"}],"items_purged_floors":[22],"is_endless":false,"potions_floor_spawned":[14,16],"killed_by":"Shelled Parasite and Fungi","ascension_level":18}