{"gold_per_floor":[115,75,4,18,18,45,45,71,95,111,61,76,76,151,151,255,255,273,302,302,217,232,265,277,277,302,302,8,26,26,52,52,154,154,168,24,24,24,24,24,34,50,74,74],"floor_reached":44,"playtime":2130,"items_purged":["Strike_R"],"score":452,"play_id":"0cd85bad-b70e-417e-bca1-9d3b6aaf42f3","local_time":"20181025000657","is_ascension_mode":false,"campfire_choices":[{"floor":7,"key":"REST"},{"data":"Rampage","floor":13,"key":"SMITH"},{"data":"Uppercut","floor":15,"key":"SMITH"},{"data":"Inflame","floor":25,"key":"SMITH"},{"data":"J.A.X.","floor":30,"key":"SMITH"},{"data":"Heavy Blade","floor":32,"key":"SMITH"},{"data":"Double Tap","floor":40,"key":"SMITH"}],"neow_cost":"CURSE","seed_source_timestamp":9841693937700,"circlet_count":0,"master_deck":["Strike_R+1","Strike_R+1","Strike_R+1","Strike_R+1","Defend_R+1","Defend_R+1","Defend_R+1","Defend_R+1","Bash","Corruption","Clash","Clash","Rampage+1","Uppercut+1","Brutality","Headbutt","Inflame+1","Heavy Blade+1","Headbutt+1","J.A.X.+1","Sadistic Nature","Double Tap+1","Discovery+1","Dual Wield+1","Clash+1"],"relics":["Burning Blood","Pocketwatch","Ancient Tea Set","Pen Nib","Smiling Mask","Cursed Key","Red Mask","Omamori","Darkstone Periapt","Lantern","Membership Card","Mercury Hourglass","Eternal Feather","Brimstone","GremlinMask","War Paint"],"potions_floor_usage":[6,6,6,12,19,23,23,29,42,44],"damage_taken":[{"damage":5,"enemies":"Jaw Worm","floor":1,"turns":5},{"damage":0,"enemies":"Cultist","floor":4,"turns":4},{"damage":27,"enemies":"Lagavulin","floor":6,"turns":7},{"damage":11,"enemies":"Gremlin Nob","floor":8,"turns":3},{"damage":0,"enemies":"2 Louse","floor":10,"turns":2},{"damage":6,"enemies":"Exordium Wildlife","floor":12,"turns":4},{"damage":38,"enemies":"Slime Boss","floor":16,"turns":9},{"damage":7,"enemies":"Chosen","floor":18,"turns":3},{"damage":5,"enemies":"Masked Bandits","floor":19,"turns":3},{"damage":4,"enemies":"3 Byrds","floor":22,"turns":5},{"damage":9,"enemies":"Slavers","floor":23,"turns":5},{"damage":16,"enemies":"Snake Plant","floor":24,"turns":3},{"damage":12,"enemies":"Snecko","floor":29,"turns":4},{"damage":12,"enemies":"Book of Stabbing","floor":31,"turns":4},{"damage":28,"enemies":"Collector","floor":33,"turns":5},{"damage":7,"enemies":"3 Darklings","floor":35,"turns":5},{"damage":26,"enemies":"Orb Walker","floor":41,"turns":3},{"damage":12,"enemies":"3 Darklings","floor":42,"turns":3},{"damage":55,"enemies":"Nemesis","floor":44,"turns":2}],"seed_played":"-2738290794737699258","potions_obtained":[{"floor":2,"key":"Ancient Potion"},{"floor":2,"key":"AttackPotion"},{"floor":2,"key":"EssenceOfSteel"},{"floor":8,"key":"Block Potion"},{"floor":10,"key":"Energy Potion"},{"floor":16,"key":"Explosive Potion"},{"floor":18,"key":"LiquidBronze"},{"floor":22,"key":"BloodPotion"},{"floor":24,"key":"Explosive Potion"},{"floor":41,"key":"AttackPotion"}],"is_trial":false,"path_per_floor":["M","?","$","M","?","E","R","E","T","M","$","M","R","?","R","B",null,"M","?","?","?","M","E","M","R","T","?","$","M","R","E","R","B",null,"M","$","?","?","?","R","M","M","T"],"character_chosen":"IRONCLAD","items_purchased":["Corruption","Membership Card","Sadistic Nature","Brimstone","Discovery"],"campfire_rested":1,"item_purchase_floors":[3,28,28,36,36],"current_hp_per_floor":[80,80,80,80,77,56,77,72,72,77,77,77,77,66,66,34,77,76,77,77,77,77,74,64,64,64,64,64,65,65,59,59,37,77,76,76,76,76,76,77,57,51,51,0],"gold":74,"neow_bonus":"ONE_RARE_RELIC","is_prod":false,"is_daily":false,"chose_seed":false,"campfire_upgraded":6,"win_rate":0,"timestamp":1540418817,"path_taken":["M","?","$","M","?","E","R","E","T","M","?","M","R","?","R","BOSS","M","?","?","?","M","E","M","R","T","?","$","M","R","E","R","BOSS","M","$","?","?","?","R","M","M","T","E"],"build_version":"2018-10-18","purchased_purges":1,"victory":false,"max_hp_per_floor":[80,80,80,80,77,77,77,77,77,77,77,77,77,77,77,77,77,77,77,77,77,77,77,77,77,77,77,77,77,77,77,77,77,77,77,77,77,77,77,77,77,77,77,77],"card_choices":[{"not_picked":["Carnage","Wild Strike"],"picked":"Warcry","floor":1},{"not_picked":["Shockwave","Combust"],"picked":"Clash","floor":4},{"not_picked":["Hemokinesis","Metallicize"],"picked":"Clash","floor":6},{"not_picked":["Warcry","Sword Boomerang","Burning Pact"],"picked":"SKIP","floor":8},{"not_picked":["Iron Wave","True Grit"],"picked":"Rampage","floor":10},{"not_picked":["Burning Pact","Combust"],"picked":"Uppercut","floor":12},{"not_picked":["Dark Embrace","Fiend Fire"],"picked":"Brutality","floor":16},{"not_picked":["Hemokinesis","Perfected Strike+1"],"picked":"Headbutt","floor":18},{"not_picked":["Shrug It Off","Body Slam"],"picked":"Inflame","floor":19},{"not_picked":["Flame Barrier","Pommel Strike+1"],"picked":"Heavy Blade","floor":22},{"not_picked":["Dark Embrace","Perfected Strike","Feel No Pain"],"picked":"SKIP","floor":23},{"not_picked":["Sword Boomerang","Havoc"],"picked":"Headbutt+1","floor":24},{"not_picked":["Dropkick+1","Thunderclap","Perfected Strike"],"picked":"SKIP","floor":29},{"not_picked":["Cleave","Barricade","Carnage"],"picked":"SKIP","floor":31},{"not_picked":["Offering","Fiend Fire"],"picked":"Double Tap","floor":33},{"not_picked":["Havoc+1","Uppercut+1","Hemokinesis+1"],"picked":"SKIP","floor":35},{"not_picked":["Hemokinesis+1","Flex"],"picked":"Clash+1","floor":41},{"not_picked":["Heavy Blade","Sever Soul+1","Rampage"],"picked":"SKIP","floor":42}],"player_experience":765904,"relics_obtained":[{"floor":6,"key":"Ancient Tea Set"},{"floor":8,"key":"Pen Nib"},{"floor":9,"key":"Smiling Mask"},{"floor":19,"key":"Red Mask"},{"floor":23,"key":"Darkstone Periapt"},{"floor":26,"key":"Lantern"},{"floor":31,"key":"Mercury Hourglass"},{"floor":43,"key":"War Paint"}],"event_choices":[{"damage_healed":0,"gold_gain":0,"player_choice":"Bought 3 Potions","damage_taken":0,"max_hp_gain":0,"max_hp_loss":0,"event_name":"The Woman in Blue","floor":2,"gold_loss":0},{"cards_removed":["Parasite"],"damage_healed":0,"gold_gain":0,"player_choice":"Forget","damage_taken":0,"max_hp_gain":0,"max_hp_loss":0,"event_name":"Living Wall","floor":5,"gold_loss":0},{"damage_healed":0,"gold_gain":75,"player_choice":"Gather Gold","damage_taken":11,"max_hp_gain":0,"max_hp_loss":0,"event_name":"World of Goop","floor":14,"gold_loss":0},{"damage_healed":0,"gold_gain":0,"player_choice":"Fought Bandits","damage_taken":0,"max_hp_gain":0,"max_hp_loss":0,"event_name":"Masked Bandits","floor":19,"gold_loss":0},{"damage_healed":0,"gold_gain":0,"player_choice":"Simplicity","damage_taken":0,"max_hp_gain":0,"max_hp_loss":0,"event_name":"Back to Basics","floor":20,"gold_loss":0,"cards_upgraded":["Strike_R","Strike_R","Strike_R","Strike_R","Defend_R","Defend_R","Defend_R","Defend_R"]},{"damage_healed":0,"gold_gain":0,"player_choice":"Obtained Relic","damage_taken":0,"relics_obtained":["Omamori"],"max_hp_gain":0,"max_hp_loss":0,"event_name":"Addict","floor":21,"gold_loss":85},{"damage_healed":0,"gold_gain":0,"player_choice":"Obtain J.A.X.","damage_taken":0,"max_hp_gain":0,"max_hp_loss":0,"event_name":"Drug Dealer","floor":27,"gold_loss":0,"cards_obtained":["J.A.X."]},{"damage_healed":0,"gold_gain":0,"cards_transformed":["Warcry"],"player_choice":"Transformed","damage_taken":0,"max_hp_gain":0,"max_hp_loss":0,"event_name":"Transmorgrifier","floor":37,"gold_loss":0,"cards_obtained":["Dual Wield"]},{"damage_healed":0,"gold_gain":0,"player_choice":"Forge","damage_taken":0,"max_hp_gain":0,"max_hp_loss":0,"event_name":"Accursed Blacksmith","floor":38,"gold_loss":0,"cards_upgraded":["Dual Wield"]},{"damage_healed":0,"gold_gain":0,"player_choice":"Trade","damage_taken":0,"relics_obtained":["GremlinMask"],"max_hp_gain":0,"max_hp_loss":0,"event_name":"FaceTrader","floor":39,"gold_loss":0}],"is_beta":false,"boss_relics":[{"not_picked":["Ectoplasm","Runic Cube"],"picked":"Cursed Key"},{"not_picked":["Runic Dome","Tiny House"],"picked":"Eternal Feather"}],"items_purged_floors":[11],"is_endless":false,"potions_floor_spawned":[8,10,16,18,22,24,41],"killed_by":"Nemesis","ascension_level":0}