{"gold_per_floor":[119,119,394,411,90,90,115,127,177,177,193,227,227,240,240,315,315,333,333,432,25,25,39,39,68,68,68,68,102,102,119,119,195,195,215,228,40,40,54,54,85,0,49,49,84,84,137,162,162,162],"floor_reached":51,"playtime":2568,"items_purged":["Regret","Decay"],"score":1591,"play_id":"dd40ba34-7687-4996-9cb9-6368069fa456","local_time":"20190512192622","is_ascension_mode":true,"campfire_choices":[{"data":"Cleave","floor":6,"key":"SMITH"},{"data":"Bash","floor":10,"key":"SMITH"},{"data":"Clash","floor":13,"key":"SMITH"},{"floor":15,"key":"REST"},{"floor":24,"key":"REST"},{"data":"Whirlwind","floor":27,"key":"SMITH"},{"data":"Ghostly","floor":30,"key":"SMITH"},{"data":"Rage","floor":32,"key":"SMITH"},{"floor":49,"key":"REST"}],"neow_cost":"NONE","seed_source_timestamp":27118348007800,"circlet_count":0,"master_deck":["AscendersBane","Bash+1","Cleave+1","Clash+1","Inflame+1","Feel No Pain+1","Berserk+1","Battle Trance","Shrug It Off","Demon Form+1","Battle Trance","Evolve+1","Dropkick","Uppercut","Flex","Whirlwind+1","Inflame+1","Ghostly+1","Ghostly","Ghostly","Ghostly","Ghostly","Rage+1","Feed","Sword Boomerang","Mayhem+1","Rage","Master of Strategy","Writhe","Body Slam"],"relics":["Burning Blood","NeowsBlessing","Strawberry","Frozen Egg 2","PreservedInsect","Happy Flower","Lantern","Pandora\u0027s Box","Orichalcum","Question Card","Shuriken","Pear","Gremlin Horn","Lizard Tail","Bottled Flame","Red Mask","Juzu Bracelet","Darkstone Periapt","Ice Cream","Ginger"],"potions_floor_usage":[8,11,25,29,45,47,50,50],"damage_taken":[{"damage":0,"enemies":"Cultist","floor":1,"turns":1},{"damage":0,"enemies":"Small Slimes","floor":4,"turns":1},{"damage":0,"enemies":"3 Sentries","floor":7,"turns":2},{"damage":0,"enemies":"Jaw Worm","floor":8,"turns":2},{"damage":8,"enemies":"Looter","floor":11,"turns":3},{"damage":20,"enemies":"Lagavulin","floor":12,"turns":3},{"damage":11,"enemies":"Blue Slaver","floor":14,"turns":3},{"damage":58,"enemies":"The Guardian","floor":16,"turns":9},{"damage":48,"enemies":"3 Byrds","floor":18,"turns":5},{"damage":0,"enemies":"Chosen","floor":23,"turns":5},{"damage":0,"enemies":"Slavers","floor":25,"turns":5},{"damage":0,"enemies":"Gremlin Leader","floor":29,"turns":5},{"damage":0,"enemies":"Snake Plant","floor":31,"turns":5},{"damage":22,"enemies":"Champ","floor":33,"turns":8},{"damage":0,"enemies":"Orb Walker","floor":35,"turns":5},{"damage":0,"enemies":"3 Darklings","floor":36,"turns":5},{"damage":0,"enemies":"Spire Growth","floor":39,"turns":5},{"damage":0,"enemies":"Reptomancer","floor":41,"turns":5},{"damage":0,"enemies":"Giant Head","floor":45,"turns":6},{"damage":24,"enemies":"2 Orb Walkers","floor":47,"turns":7},{"damage":0,"enemies":"Nemesis","floor":48,"turns":7},{"damage":99,"enemies":"Awakened One","floor":50,"turns":11}],"seed_played":"-2101564464859306744","potions_obtained":[{"floor":1,"key":"Weak Potion"},{"floor":4,"key":"Block Potion"},{"floor":11,"key":"GamblersBrew"},{"floor":16,"key":"GamblersBrew"},{"floor":18,"key":"AttackPotion"},{"floor":25,"key":"EssenceOfSteel"},{"floor":35,"key":"PowerPotion"},{"floor":41,"key":"Swift Potion"},{"floor":47,"key":"Weak Potion"},{"floor":48,"key":"Dexterity Potion"}],"is_trial":false,"path_per_floor":["M","?","?","M","$","R","E","M","T","R","M","E","R","M","R","B",null,"M","?","?","$","?","M","R","E","T","R","T","E","R","M","R","B",null,"M","M","$","?","M","?","E","?","T","?","E","$","?","E","R","B",null],"character_chosen":"IRONCLAD","items_purchased":["Frozen Egg 2","Orichalcum","Whirlwind","Inflame+1","Mayhem+1"],"campfire_rested":3,"item_purchase_floors":[5,21,21,21,37],"current_hp_per_floor":[74,56,56,62,62,62,68,74,74,74,72,58,58,53,77,25,68,26,26,26,26,26,32,41,41,41,41,51,51,51,51,51,35,47,51,51,51,51,51,51,51,51,51,51,54,54,39,45,57,7],"gold":162,"neow_bonus":"THREE_ENEMY_KILL","is_prod":false,"is_daily":false,"chose_seed":false,"campfire_upgraded":6,"win_rate":0,"timestamp":1557681982,"path_taken":["M","?","?","M","$","R","E","M","T","R","M","E","R","?","R","BOSS","M","?","?","$","?","M","R","E","T","R","?","E","R","M","R","BOSS","M","M","$","?","M","?","E","?","T","?","E","$","?","E","R","BOSS"],"build_version":"2019-01-23","purchased_purges":2,"victory":true,"max_hp_per_floor":[75,82,82,82,82,82,82,82,82,82,82,82,82,82,82,82,82,82,82,82,82,41,41,41,41,41,41,51,51,51,51,51,51,51,51,51,51,51,51,51,51,51,51,51,54,54,57,57,57,60],"card_choices":[{"not_picked":["Hemokinesis","Thunderclap"],"picked":"Cleave","floor":1},{"not_picked":["Shrug It Off","Havoc"],"picked":"Clash","floor":4},{"not_picked":["Cleave","Spot Weakness"],"picked":"Inflame+1","floor":7},{"not_picked":["Perfected Strike","Ghostly Armor","Armaments"],"picked":"SKIP","floor":8},{"not_picked":["Twin Strike","Reckless Charge","True Grit"],"picked":"SKIP","floor":11},{"not_picked":["Anger","Perfected Strike","Uppercut"],"picked":"SKIP","floor":12},{"not_picked":["Thunderclap","Headbutt"],"picked":"Feel No Pain+1","floor":14},{"not_picked":["Barricade+1","Impervious"],"picked":"Berserk+1","floor":16},{"not_picked":["Twin Strike","Havoc","Shrug It Off"],"picked":"SKIP","floor":18},{"not_picked":["Twin Strike","Heavy Blade","Ghostly Armor"],"picked":"SKIP","floor":23},{"not_picked":["Pummel","Wild Strike","Entrench"],"picked":"SKIP","floor":25},{"not_picked":["Shrug It Off","Flex","Carnage","Anger"],"picked":"SKIP","floor":29},{"not_picked":["Thunderclap","Perfected Strike","Ghostly Armor"],"picked":"Rage","floor":31},{"not_picked":["Immolate","Dark Embrace+1","Bludgeon"],"picked":"Feed","floor":33},{"not_picked":["Combust+1","True Grit","Cleave+1"],"picked":"Sword Boomerang","floor":35},{"not_picked":["Headbutt","Anger+1","Flex","Wild Strike"],"picked":"SKIP","floor":36},{"not_picked":["Iron Wave","Clash","Warcry"],"picked":"Rage","floor":39},{"not_picked":["Panache+1","Jack Of All Trades","Deep Breath"],"picked":"Master of Strategy","floor":40},{"not_picked":["Sword Boomerang","Intimidate","Disarm","True Grit"],"picked":"SKIP","floor":41},{"not_picked":["Brutality+1","Havoc","Flex","Feel No Pain+1"],"picked":"SKIP","floor":45},{"not_picked":["Entrench+1","Spot Weakness+1","Clothesline"],"picked":"Body Slam","floor":47},{"not_picked":["Infernal Blade","Disarm","Carnage","Warcry"],"picked":"SKIP","floor":48}],"player_experience":1841379,"relics_obtained":[{"floor":7,"key":"PreservedInsect"},{"floor":9,"key":"Happy Flower"},{"floor":12,"key":"Lantern"},{"floor":25,"key":"Question Card"},{"floor":26,"key":"Shuriken"},{"floor":28,"key":"Pear"},{"floor":29,"key":"Gremlin Horn"},{"floor":41,"key":"Bottled Flame"},{"floor":43,"key":"Juzu Bracelet"},{"floor":45,"key":"Darkstone Periapt"},{"floor":47,"key":"Ice Cream"},{"floor":48,"key":"Ginger"}],"event_choices":[{"damage_healed":0,"gold_gain":0,"player_choice":"Success","damage_taken":25,"relics_obtained":["Strawberry"],"max_hp_gain":0,"max_hp_loss":0,"event_name":"Scrap Ooze","floor":2,"gold_loss":0},{"damage_healed":0,"gold_gain":275,"player_choice":"Desecrate","damage_taken":0,"max_hp_gain":0,"max_hp_loss":0,"event_name":"Golden Shrine","floor":3,"gold_loss":0,"cards_obtained":["Regret"]},{"damage_healed":0,"gold_gain":0,"player_choice":"Smashed Altar","damage_taken":0,"max_hp_gain":0,"max_hp_loss":0,"event_name":"Forgotten Altar","floor":19,"gold_loss":0,"cards_obtained":["Decay"]},{"damage_healed":0,"gold_gain":99,"player_choice":"Stole From Cult","damage_taken":0,"max_hp_gain":0,"max_hp_loss":0,"event_name":"Nest","floor":20,"gold_loss":0},{"damage_healed":0,"gold_gain":0,"player_choice":"Became a Ghost","damage_taken":0,"max_hp_gain":0,"max_hp_loss":41,"event_name":"Ghosts","floor":22,"gold_loss":0,"cards_obtained":["Ghostly","Ghostly","Ghostly","Ghostly","Ghostly"]},{"cards_removed":["Sever Soul"],"damage_healed":0,"gold_gain":0,"player_choice":"Removed Attack","damage_taken":0,"max_hp_gain":0,"max_hp_loss":0,"event_name":"Falling","floor":38,"gold_loss":0},{"damage_healed":0,"gold_gain":0,"player_choice":"Memory 1","damage_taken":0,"max_hp_gain":0,"max_hp_loss":0,"event_name":"SensoryStone","floor":40,"gold_loss":0},{"damage_healed":0,"gold_gain":0,"player_choice":"Paid","damage_taken":0,"relics_obtained":["Red Mask"],"max_hp_gain":0,"max_hp_loss":0,"event_name":"Tomb of Lord Red Mask","floor":42,"gold_loss":85},{"damage_healed":13,"gold_gain":0,"player_choice":"Writhe","damage_taken":0,"max_hp_gain":0,"max_hp_loss":0,"event_name":"Winding Halls","floor":44,"gold_loss":0,"cards_obtained":["Writhe"]},{"damage_healed":0,"gold_gain":0,"player_choice":"Fight","damage_taken":0,"max_hp_gain":0,"max_hp_loss":0,"event_name":"Mysterious Sphere","floor":47,"gold_loss":0}],"is_beta":false,"boss_relics":[{"not_picked":["Sozu","Eternal Feather"],"picked":"Pandora\u0027s Box"},{"not_picked":["Cursed Key","Black Blood"],"picked":"Lizard Tail"}],"items_purged_floors":[5,21],"is_endless":false,"potions_floor_spawned":[1,4,11,16,18,23,25,35,41,47,48],"ascension_level":14}