{"gold_per_floor":[114,114,128,145,21,53,65,27,64,76,107,144,175,207,219,333,395,391,403],"floor_reached":19,"playtime":1287,"items_purged":["Strike_R"],"score":242,"play_id":"54c249c6-d29c-4fbb-a870-9d2dcecd59f5","local_time":"20190429112644","is_ascension_mode":true,"campfire_choices":[{"data":"Inflame","floor":7.0,"key":"SMITH"},{"data":"Iron Wave","floor":15.0,"key":"SMITH"}],"neow_cost":"NONE","seed_source_timestamp":0,"circlet_count":0,"master_deck":["Strike_R","Strike_R","Defend_R","Defend_R","Defend_R","Defend_R","Bash","Shockwave","Iron Wave+1","Inflame+1","True Grit","Evolve","Clothesline","Searing Blow","Inflame+1","Feel No Pain","Demon Form","Battle Trance","Headbutt+1"],"special_seed":0,"relics":["Burning Blood","MawBank","PreservedInsect","Bird Faced Urn","Tiny House"],"potions_floor_usage":[],"damage_taken":[{"damage":9.0,"enemies":"Jaw Worm","floor":1.0,"turns":5.0},{"damage":0.0,"enemies":"Cultist","floor":3.0,"turns":5.0},{"damage":6.0,"enemies":"2 Louse","floor":4.0,"turns":3.0},{"damage":30.0,"enemies":"Gremlin Nob","floor":6.0,"turns":5.0},{"damage":5.0,"enemies":"Blue Slaver","floor":11.0,"turns":6.0},{"damage":25.0,"enemies":"3 Sentries","floor":12.0,"turns":9.0},{"damage":10.0,"enemies":"Red Slaver","floor":13.0,"turns":5.0},{"damage":17.0,"enemies":"3 Louse","floor":14.0,"turns":7.0},{"damage":44.0,"enemies":"Hexaghost","floor":16.0,"turns":13.0},{"damage":38,"enemies":"2 Thieves","floor":18,"turns":4},{"damage":58,"enemies":"Masked Bandits","floor":19,"turns":3}],"seed_played":"-4114891900337037606","potions_obtained":[{"floor":3.0,"key":"Fire Potion"},{"floor":6.0,"key":"SpeedPotion"},{"floor":11.0,"key":"GamblersBrew"},{"floor":12.0,"key":"BloodPotion"},{"floor":16.0,"key":"SkillPotion"},{"floor":17.0,"key":"Ancient Potion"}],"is_trial":false,"path_per_floor":["M","?","M","M","$","E","R","?","T","$","M","E","M","M","R","B",null,"M","?"],"character_chosen":"IRONCLAD","items_purchased":["True Grit"],"campfire_rested":0,"item_purchase_floors":[5],"current_hp_per_floor":[77,77,83,83,83,59,59,59,59,59,60,41,39,34,34,10,74,46,0],"gold":403,"neow_bonus":"TEN_PERCENT_HP_BONUS","is_prod":false,"is_daily":false,"chose_seed":false,"campfire_upgraded":2,"win_rate":0,"timestamp":1556562404,"path_taken":["M","?","M","M","?","E","R","?","T","?","?","E","M","M","R","BOSS","M","?"],"build_version":"2019-01-23","purchased_purges":1,"victory":false,"max_hp_per_floor":[88,88,88,88,88,88,88,88,88,88,88,88,88,88,88,88,93,93,93],"card_choices":[{"not_picked":["Cleave","Rage"],"picked":"Shockwave","floor":1.0},{"not_picked":["Cleave","Armaments"],"picked":"Iron Wave","floor":3.0},{"not_picked":["Flex","Hemokinesis"],"picked":"Inflame","floor":4.0},{"not_picked":["Offering","Havoc"],"picked":"Evolve","floor":6.0},{"not_picked":["Body Slam","Armaments"],"picked":"Clothesline","floor":11.0},{"not_picked":["Twin Strike","True Grit"],"picked":"Searing Blow","floor":12.0},{"not_picked":["Clash","Havoc"],"picked":"Inflame","floor":13.0},{"not_picked":["Corruption","Heavy Blade"],"picked":"Feel No Pain","floor":14.0},{"not_picked":["Reaper","Fiend Fire"],"picked":"Demon Form","floor":16.0},{"not_picked":["Havoc","Shockwave"],"picked":"Battle Trance","floor":17.0},{"not_picked":["True Grit+1","Pummel"],"picked":"Headbutt+1","floor":18}],"player_experience":403237,"relics_obtained":[{"floor":6.0,"key":"MawBank"},{"floor":9.0,"key":"PreservedInsect"},{"floor":12.0,"key":"Bird Faced Urn"}],"event_choices":[{"cards_removed":["Strike_R"],"damage_healed":0.0,"max_hp_gain":0.0,"max_hp_loss":0.0,"gold_gain":0.0,"event_name":"Bonfire Elementals","player_choice":"Offered Basic","floor":2.0,"gold_loss":0.0,"damage_taken":0.0},{"cards_removed":["Strike_R"],"damage_healed":0.0,"max_hp_gain":0.0,"max_hp_loss":0.0,"gold_gain":0.0,"event_name":"The Cleric","player_choice":"Card Removal","floor":8.0,"gold_loss":50.0,"damage_taken":0.0},{"damage_healed":0,"gold_gain":0,"player_choice":"Fought Bandits","damage_taken":0,"max_hp_gain":0,"max_hp_loss":0,"event_name":"Masked Bandits","floor":19,"gold_loss":0}],"is_beta":false,"boss_relics":[{"not_picked":["Orrery","Runic Cube"],"picked":"Tiny House"}],"items_purged_floors":[5],"is_endless":false,"potions_floor_spawned":[3,6,11,12,16],"killed_by":"Masked Bandits","ascension_level":7}