{"gold_per_floor":[13,30,205,205,224,224,242,252,252,252,327,327,343,356,356,356],"floor_reached":16,"playtime":467,"items_purged":[],"score":155,"play_id":"5a68f1e5-686a-4967-8cc6-3af986f2ba2e","local_time":"20190407130919","is_ascension_mode":true,"campfire_choices":[{"data":"Body Slam","floor":6,"key":"SMITH"},{"floor":10,"key":"REST"},{"data":"Feed","floor":12,"key":"SMITH"},{"floor":15,"key":"REST"}],"neow_cost":"NO_GOLD","seed_source_timestamp":76876486086400,"circlet_count":0,"master_deck":["AscendersBane","Strike_R","Strike_R","Strike_R","Strike_R","Strike_R","Defend_R","Defend_R","Defend_R","Defend_R","Bash","Juggernaut","Body Slam+1","Body Slam","Body Slam","Flex","Feed+1","Blood for Blood"],"relics":["Burning Blood","Juzu Bracelet"],"potions_floor_usage":[14,16],"damage_taken":[{"damage":8,"enemies":"2 Louse","floor":1,"turns":3},{"damage":1,"enemies":"Cultist","floor":2,"turns":4},{"damage":14,"enemies":"Jaw Worm","floor":5,"turns":3},{"damage":23,"enemies":"3 Louse","floor":7,"turns":4},{"damage":7,"enemies":"Looter","floor":8,"turns":4},{"damage":35,"enemies":"Large Slime","floor":13,"turns":6},{"damage":36,"enemies":"Gremlin Gang","floor":14,"turns":5},{"damage":50,"enemies":"Hexaghost","floor":16,"turns":7}],"seed_played":"6472361270056889915","potions_obtained":[{"floor":2,"key":"Regen Potion"},{"floor":5,"key":"SpeedPotion"}],"is_trial":false,"path_per_floor":["M","M","?","?","M","R","M","M","T","R","?","R","M","M","R","B"],"character_chosen":"IRONCLAD","items_purchased":[],"campfire_rested":2,"item_purchase_floors":[],"current_hp_per_floor":[70,75,75,75,67,67,50,49,49,73,62,62,33,19,44,0],"gold":356,"neow_bonus":"THREE_RARE_CARDS","is_prod":false,"is_daily":false,"chose_seed":false,"campfire_upgraded":2,"win_rate":0,"timestamp":1554635359,"path_taken":["M","M","?","?","M","R","M","?","T","R","?","R","M","M","R","BOSS"],"build_version":"2019-01-23","purchased_purges":0,"victory":false,"max_hp_per_floor":[80,80,80,80,80,80,80,80,80,80,80,80,80,84,84,84],"card_choices":[{"not_picked":["Dark Embrace","Berserk"],"picked":"Juggernaut","floor":0},{"not_picked":["Warcry","Heavy Blade"],"picked":"Body Slam","floor":1},{"not_picked":["Dropkick","Perfected Strike"],"picked":"Body Slam","floor":2},{"not_picked":["Ghostly Armor","Feel No Pain"],"picked":"Body Slam","floor":5},{"not_picked":["Clash","Clothesline"],"picked":"Flex","floor":7},{"not_picked":["Corruption","Flex"],"picked":"Feed","floor":8},{"not_picked":["Clothesline","Wild Strike"],"picked":"Blood for Blood","floor":13},{"not_picked":["Warcry","Flex","Feel No Pain"],"picked":"SKIP","floor":14}],"player_experience":1613592,"relics_obtained":[{"floor":9,"key":"Juzu Bracelet"}],"event_choices":[{"damage_healed":0,"gold_gain":175,"player_choice":"AGREE","damage_taken":0,"max_hp_gain":0,"max_hp_loss":0,"event_name":"Liars Game","floor":3,"gold_loss":0,"cards_obtained":["Doubt"]},{"cards_removed":["Doubt"],"damage_healed":0,"gold_gain":0,"player_choice":"Removed Curses","damage_taken":0,"max_hp_gain":0,"max_hp_loss":0,"event_name":"Fountain of Cleansing","floor":4,"gold_loss":0},{"damage_healed":0,"gold_gain":75,"player_choice":"Gather Gold","damage_taken":11,"max_hp_gain":0,"max_hp_loss":0,"event_name":"World of Goop","floor":11,"gold_loss":0}],"is_beta":false,"boss_relics":[],"items_purged_floors":[],"is_endless":false,"potions_floor_spawned":[2,5,13],"killed_by":"Hexaghost","ascension_level":13}