{"gold_per_floor":[110,110,385,385,399,427,427,458,485,496,496,496,514,528,528,528],"floor_reached":16,"playtime":552,"items_purged":[],"score":169,"play_id":"f2b46fa9-8c98-4c12-ba22-e6d55c52c59d","local_time":"20181029215557","is_ascension_mode":true,"campfire_choices":[{"data":"1","floor":7,"key":"LIFT"},{"floor":15,"key":"REST"}],"neow_cost":"NONE","seed_source_timestamp":2586187067200,"circlet_count":0,"master_deck":["Strike_R","Strike_R","Strike_R","Strike_R","Strike_R","Defend_R","Defend_R","Defend_R","Defend_R","Bash","Flex","Regret","Regret","Clash","Pommel Strike","Pummel","Rage","Injury","Sword Boomerang","Rampage"],"relics":["Burning Blood","NeowsBlessing","Regal Pillow","Dodecahedron","Girya","Charon\u0027s Ashes","Orichalcum","Golden Idol"],"potions_floor_usage":[8,16],"damage_taken":[{"damage":0,"enemies":"Small Slimes","floor":1,"turns":1},{"damage":0,"enemies":"2 Louse","floor":5,"turns":1},{"damage":2,"enemies":"Lagavulin","floor":6,"turns":2},{"damage":41,"enemies":"3 Sentries","floor":8,"turns":8},{"damage":8,"enemies":"Jaw Worm","floor":10,"turns":2},{"damage":16,"enemies":"Blue Slaver","floor":13,"turns":3},{"damage":15,"enemies":"Red Slaver","floor":14,"turns":3},{"damage":62,"enemies":"The Guardian","floor":16,"turns":11}],"seed_played":"-3690321934011026144","potions_obtained":[{"floor":6,"key":"Block Potion"},{"floor":14,"key":"Swift Potion"}],"is_trial":false,"path_per_floor":["M","?","?","?","M","E","R","E","T","M","?","?","M","M","R"],"character_chosen":"IRONCLAD","items_purchased":[],"campfire_rested":1,"item_purchase_floors":[],"current_hp_per_floor":[80,80,80,68,74,78,78,43,43,41,41,41,31,22,61,0],"gold":528,"neow_bonus":"THREE_ENEMY_KILL","is_prod":false,"is_daily":false,"chose_seed":false,"campfire_upgraded":0,"win_rate":0,"timestamp":1540846557,"path_taken":["M","?","?","?","M","E","R","E","T","?","?","?","M","M","R","BOSS"],"build_version":"2018-10-25v2","purchased_purges":0,"victory":false,"max_hp_per_floor":[80,80,80,80,80,80,80,80,80,80,80,80,80,80,80,80],"card_choices":[{"not_picked":["Bloodletting","Thunderclap"],"picked":"Flex","floor":1},{"not_picked":["Clothesline","Warcry"],"picked":"Clash","floor":5},{"not_picked":["Wild Strike","Combust"],"picked":"Pommel Strike","floor":6},{"not_picked":["Headbutt","Perfected Strike"],"picked":"Pummel","floor":8},{"not_picked":["Flex","Rupture"],"picked":"Rage","floor":10},{"not_picked":["Shrug It Off","Warcry"],"picked":"Sword Boomerang","floor":13},{"not_picked":["Pommel Strike","Blood for Blood"],"picked":"Rampage","floor":14}],"player_experience":803778,"relics_obtained":[{"floor":6,"key":"Girya"},{"floor":8,"key":"Charon\u0027s Ashes"},{"floor":9,"key":"Orichalcum"}],"event_choices":[{"damage_healed":0,"gold_gain":0,"player_choice":"Box","damage_taken":0,"relics_obtained":["Regal Pillow"],"max_hp_gain":0,"max_hp_loss":0,"event_name":"Big Fish","floor":2,"gold_loss":0,"cards_obtained":["Regret"]},{"damage_healed":0,"gold_gain":275,"player_choice":"Desecrate","damage_taken":0,"max_hp_gain":0,"max_hp_loss":0,"event_name":"Golden Shrine","floor":3,"gold_loss":0,"cards_obtained":["Regret"]},{"damage_healed":0,"gold_gain":0,"player_choice":"Success","damage_taken":12,"relics_obtained":["Dodecahedron"],"max_hp_gain":0,"max_hp_loss":0,"event_name":"Scrap Ooze","floor":4,"gold_loss":0},{"damage_healed":0,"gold_gain":0,"player_choice":"Take Wound","damage_taken":0,"relics_obtained":["Golden Idol"],"max_hp_gain":0,"max_hp_loss":0,"event_name":"Golden Idol","floor":11,"gold_loss":0,"cards_obtained":["Injury"]},{"damage_healed":0,"gold_gain":0,"player_choice":"Ignored","damage_taken":0,"max_hp_gain":0,"max_hp_loss":0,"event_name":"Shining Light","floor":12,"gold_loss":0}],"is_beta":false,"boss_relics":[],"items_purged_floors":[],"is_endless":false,"potions_floor_spawned":[6,14],"killed_by":"The Guardian","ascension_level":5}