{"gold_per_floor":[111,111,124,16,30,44,44,44,44,75,92,105,105,117,117,117],"floor_reached":16,"playtime":728,"items_purged":["Strike_G"],"score":156,"play_id":"d3e41cac-3aa3-47ce-8364-98f1d647dbd9","local_time":"20190308190853","is_ascension_mode":true,"campfire_choices":[{"floor":13,"key":"REST"},{"floor":15,"key":"REST"}],"neow_cost":"NONE","seed_source_timestamp":74477824575200,"circlet_count":0,"master_deck":["AscendersBane","Defend_G","Defend_G","Defend_G","Defend_G","Defend_G","Strike_G","Strike_G","Strike_G","Strike_G","Survivor","Neutralize","Flechettes","Distraction","Caltrops","Masterful Stab","Blur","Regret","Bouncing Flask","PiercingWail","Poisoned Stab"],"relics":["Ring of the Snake","NlothsMask","Bag of Marbles","Gremlin Horn"],"potions_floor_usage":[6,10],"damage_taken":[{"damage":0,"enemies":"Small Slimes","floor":1,"turns":4},{"damage":0,"enemies":"Cultist","floor":3,"turns":5},{"damage":2,"enemies":"2 Louse","floor":5,"turns":4},{"damage":9,"enemies":"Looter","floor":6,"turns":3},{"damage":15,"enemies":"3 Sentries","floor":10,"turns":11},{"damage":33,"enemies":"Gremlin Gang","floor":11,"turns":4},{"damage":1,"enemies":"Blue Slaver","floor":12,"turns":2},{"damage":22,"enemies":"Lots of Slimes","floor":14,"turns":4},{"damage":38,"enemies":"Hexaghost","floor":16,"turns":9}],"seed_played":"2097176947516334703","potions_obtained":[{"floor":3,"key":"Strength Potion"},{"floor":6,"key":"AttackPotion"},{"floor":14,"key":"Explosive Potion"}],"is_trial":false,"path_per_floor":["M","?","M","$","M","M","?","$","T","E","M","M","R","M","R","B"],"character_chosen":"THE_SILENT","items_purchased":["Caltrops"],"campfire_rested":2,"item_purchase_floors":[4],"current_hp_per_floor":[70,70,70,70,68,59,59,59,59,44,11,10,33,11,34,0],"gold":117,"neow_bonus":"TEN_PERCENT_HP_BONUS","is_prod":false,"is_daily":false,"chose_seed":false,"campfire_upgraded":0,"win_rate":0,"timestamp":1552068533,"path_taken":["M","?","?","$","M","M","?","$","T","E","M","M","R","M","R","BOSS"],"build_version":"2019-01-23","purchased_purges":1,"victory":false,"max_hp_per_floor":[77,77,77,77,77,77,77,77,77,77,77,77,77,77,77,77],"card_choices":[{"not_picked":["Slice","Poisoned Stab"],"picked":"Flechettes","floor":1},{"not_picked":["Outmaneuver","Underhanded Strike"],"picked":"Distraction","floor":3},{"not_picked":["Tactician","Prepared"],"picked":"Masterful Stab","floor":5},{"not_picked":["Finisher","Catalyst"],"picked":"Blur","floor":6},{"not_picked":["Poisoned Stab","Bane"],"picked":"Bouncing Flask","floor":10},{"not_picked":["Outmaneuver","Prepared","Dodge and Roll"],"picked":"SKIP","floor":11},{"not_picked":["Acrobatics","Endless Agony"],"picked":"PiercingWail","floor":12},{"not_picked":["Deflect","Deadly Poison"],"picked":"Poisoned Stab","floor":14}],"player_experience":1464495,"relics_obtained":[{"floor":10,"key":"Gremlin Horn"}],"event_choices":[{"damage_healed":0,"gold_gain":0,"player_choice":"Trade","damage_taken":0,"relics_obtained":["NlothsMask"],"max_hp_gain":0,"max_hp_loss":0,"event_name":"FaceTrader","floor":2,"gold_loss":0},{"damage_healed":0,"gold_gain":0,"player_choice":"Box","damage_taken":0,"relics_obtained":["Bag of Marbles"],"max_hp_gain":0,"max_hp_loss":0,"event_name":"Big Fish","floor":7,"gold_loss":0,"cards_obtained":["Regret"]}],"is_beta":false,"boss_relics":[],"items_purged_floors":[4],"is_endless":false,"potions_floor_spawned":[3,6,14],"killed_by":"Hexaghost","ascension_level":10}