{"gold_per_floor":[113,30,43,55,71,71,87,102,102,112,112],"floor_reached":11,"playtime":542,"items_purged":[],"score":86,"play_id":"a759ee12-a71b-4c4e-9590-bd191bf01263","local_time":"20181027152533","is_ascension_mode":true,"campfire_choices":[{"data":"Recycle","floor":6,"key":"SMITH"}],"neow_cost":"TEN_PERCENT_HP_LOSS","seed_source_timestamp":239346930892300,"circlet_count":0,"master_deck":["Strike_B","Strike_B","Strike_B","Strike_B","Defend_B","Defend_B","Defend_B","Defend_B","Zap","Dualcast","Redo","Swift Strike","Recycle","Hologram","Recycle+1","Sunder","Go for the Eyes","Stack"],"relics":["Cracked Core","Incense Burner","Singing Bowl"],"potions_floor_usage":[8,8,8],"damage_taken":[{"damage":0,"enemies":"Cultist","floor":1,"turns":3},{"damage":2,"enemies":"Jaw Worm","floor":3,"turns":3},{"damage":0,"enemies":"2 Louse","floor":4,"turns":3},{"damage":3,"enemies":"Blue Slaver","floor":5,"turns":3},{"damage":31,"enemies":"Lots of Slimes","floor":7,"turns":4},{"damage":6,"enemies":"2 Fungi Beasts","floor":8,"turns":2},{"damage":12,"enemies":"3 Louse","floor":10,"turns":3},{"damage":15,"enemies":"Lagavulin","floor":11,"turns":2}],"seed_played":"5212050583081400766","potions_obtained":[{"floor":4,"key":"FearPotion"},{"floor":5,"key":"Poison Potion"},{"floor":7,"key":"PowerPotion"}],"is_trial":false,"path_per_floor":["M","$","M","M","M","R","M","M","T","M"],"character_chosen":"DEFECT","items_purchased":["Swift Strike"],"campfire_rested":0,"item_purchase_floors":[2],"current_hp_per_floor":[68,68,66,66,63,63,32,26,26,14,0],"gold":112,"neow_bonus":"ONE_RARE_RELIC","is_prod":false,"is_daily":false,"chose_seed":false,"campfire_upgraded":1,"win_rate":0,"timestamp":1540646733,"path_taken":["M","$","?","?","M","R","M","M","T","M","E"],"build_version":"2018-10-25v2","purchased_purges":0,"victory":false,"max_hp_per_floor":[68,68,68,68,68,68,68,68,68,68,68],"card_choices":[{"not_picked":["Rebound","Streamline"],"picked":"Redo","floor":1},{"not_picked":["Ball Lightning","Chill"],"picked":"Recycle","floor":3},{"not_picked":["Rip and Tear","Ball Lightning"],"picked":"Hologram","floor":4},{"not_picked":["Barrage","Go for the Eyes"],"picked":"Recycle","floor":5},{"not_picked":["Fusion","Turbo"],"picked":"Sunder","floor":7},{"not_picked":["Conserve Battery","Streamline"],"picked":"Go for the Eyes","floor":8},{"not_picked":["Static Discharge","Storm"],"picked":"Stack","floor":10}],"player_experience":775460,"relics_obtained":[{"floor":9,"key":"Singing Bowl"}],"event_choices":[],"is_beta":false,"boss_relics":[],"items_purged_floors":[],"is_endless":false,"potions_floor_spawned":[4,5,7],"killed_by":"Lagavulin","ascension_level":5}