{"gold_per_floor":[210,225,73,83,83,117,131,149,149,166,201,201,227,241,241,346,346,363,377,302,75,75,107,107,107],"floor_reached":25,"playtime":3466,"items_purged":["Strike_R"],"score":305,"play_id":"d1968be4-8fad-4c4a-8539-b4492aba0311","local_time":"20190512232822","is_ascension_mode":true,"campfire_choices":[{"data":"Barricade","floor":12.0,"key":"SMITH"},{"floor":15.0,"key":"REST"},{"floor":24,"key":"REST"}],"neow_cost":"NONE","seed_source_timestamp":0,"circlet_count":0,"master_deck":["Strike_R","Strike_R","Strike_R","Defend_R","Defend_R","Defend_R+1","Defend_R","Bash","Pummel","Armaments","Feed","Feel No Pain","Barricade+1","Pommel Strike","Feel No Pain","Flame Barrier+1","Dark Embrace","Shrug It Off","Pummel+1"],"special_seed":0,"relics":["Burning Blood","Pen Nib","Bag of Marbles","Bottled Tornado","Ornamental Fan","Thread and Needle","Black Star","Oddly Smooth Stone","Pear","War Paint"],"potions_floor_usage":[23,23,25],"damage_taken":[{"damage":0.0,"enemies":"Small Slimes","floor":1.0,"turns":3.0},{"damage":0.0,"enemies":"2 Louse","floor":2.0,"turns":3.0},{"damage":1.0,"enemies":"Jaw Worm","floor":4.0,"turns":6.0},{"damage":36.0,"enemies":"Gremlin Nob","floor":6.0,"turns":5.0},{"damage":1.0,"enemies":"3 Louse","floor":7.0,"turns":5.0},{"damage":9.0,"enemies":"Blue Slaver","floor":8.0,"turns":4.0},{"damage":6.0,"enemies":"Red Slaver","floor":10.0,"turns":4.0},{"damage":6.0,"enemies":"3 Sentries","floor":11.0,"turns":13.0},{"damage":25.0,"enemies":"Gremlin Nob","floor":13.0,"turns":4.0},{"damage":0.0,"enemies":"Large Slime","floor":14.0,"turns":9.0},{"damage":17.0,"enemies":"The Guardian","floor":16.0,"turns":15.0},{"damage":7,"enemies":"Spheric Guardian","floor":18,"turns":21},{"damage":20,"enemies":"3 Byrds","floor":19,"turns":5},{"damage":79,"enemies":"Book of Stabbing","floor":23,"turns":11},{"damage":67,"enemies":"Slavers","floor":25,"turns":11}],"seed_played":"-7847774200454183424","potions_obtained":[{"floor":2.0,"key":"Dexterity Potion"},{"floor":6.0,"key":"Poison Potion"},{"floor":10.0,"key":"EssenceOfSteel"},{"floor":16.0,"key":"Fire Potion"},{"floor":18,"key":"SpeedPotion"},{"floor":23,"key":"Fire Potion"}],"is_trial":false,"path_per_floor":["M","M","$","M","?","E","M","M","T","M","E","R","E","M","R","B",null,"M","M","?","$","?","E","R","E"],"character_chosen":"IRONCLAD","items_purchased":["Feed","Feel No Pain","Oddly Smooth Stone"],"campfire_rested":2,"item_purchase_floors":[3,3,21],"current_hp_per_floor":[80,80,80,83,71,41,49,46,46,46,49,49,33,42,70,59,95,98,87,87,87,87,27,61,0],"gold":107,"neow_bonus":"HUNDRED_GOLD","is_prod":false,"is_daily":false,"chose_seed":false,"campfire_upgraded":1,"win_rate":0,"timestamp":1557696502,"path_taken":["M","M","$","M","?","E","M","M","T","M","E","R","E","M","R","BOSS","M","M","?","$","?","E","R","E"],"build_version":"2019-01-23","purchased_purges":1,"victory":false,"max_hp_per_floor":[80,80,80,83,83,83,86,86,86,86,89,89,92,95,95,95,95,99,102,102,102,102,115,115,119],"card_choices":[{"not_picked":["Sword Boomerang","Whirlwind"],"picked":"Pummel","floor":1.0},{"not_picked":["Metallicize","Dual Wield"],"picked":"Armaments","floor":2.0},{"not_picked":["Sword Boomerang","Perfected Strike","Warcry"],"picked":"SKIP","floor":4.0},{"not_picked":["Clothesline","Clash"],"picked":"Barricade","floor":6.0},{"not_picked":["Warcry","Flex"],"picked":"Pommel Strike","floor":7.0},{"not_picked":["Cleave","Perfected Strike","Pommel Strike"],"picked":"SKIP","floor":8.0},{"not_picked":["Clash","Heavy Blade","Searing Blow"],"picked":"SKIP","floor":10.0},{"not_picked":["Iron Wave","Inflame"],"picked":"Feel No Pain","floor":11.0},{"not_picked":["Seeing Red","Perfected Strike"],"picked":"Flame Barrier","floor":13.0},{"not_picked":["Sword Boomerang","Perfected Strike","Warcry"],"picked":"SKIP","floor":14.0},{"not_picked":["Berserk","Barricade"],"picked":"Dark Embrace","floor":16.0},{"not_picked":["Uppercut","Twin Strike"],"picked":"Shrug It Off","floor":18},{"not_picked":["Clothesline","Cleave","Perfected Strike"],"picked":"SKIP","floor":19},{"not_picked":["Thunderclap","Hemokinesis"],"picked":"Pummel+1","floor":23}],"player_experience":77062,"relics_obtained":[{"floor":6.0,"key":"Bag of Marbles"},{"floor":9.0,"key":"Bottled Tornado"},{"floor":11.0,"key":"Ornamental Fan"},{"floor":13.0,"key":"Thread and Needle"},{"floor":23,"key":"Pear"},{"floor":23,"key":"War Paint"}],"event_choices":[{"damage_healed":0.0,"max_hp_gain":0.0,"max_hp_loss":0.0,"gold_gain":0.0,"event_name":"Scrap Ooze","player_choice":"Success","floor":5.0,"gold_loss":0.0,"damage_taken":12.0,"relics_obtained":["Pen Nib"]},{"cards_removed":["Strike_R"],"damage_healed":0,"gold_gain":0,"player_choice":"Gave Gold","damage_taken":0,"max_hp_gain":0,"max_hp_loss":0,"event_name":"Beggar","floor":20,"gold_loss":75},{"damage_healed":0,"gold_gain":0,"player_choice":"Ignored","damage_taken":0,"max_hp_gain":0,"max_hp_loss":0,"event_name":"Ghosts","floor":22,"gold_loss":0}],"is_beta":false,"boss_relics":[{"not_picked":["Black Blood","Runic Cube"],"picked":"Black Star"}],"items_purged_floors":[21],"is_endless":false,"potions_floor_spawned":[2,6,10,16,18,23],"killed_by":"Slavers","ascension_level":1}