{"gold_per_floor":[114,127,127,127,143,175,175,34,64,94,120,120,133,149,149,252,252,237,237,255,255],"floor_reached":21,"playtime":1071,"items_purged":[],"score":255,"play_id":"44ce431a-2090-48a7-a573-b7541f8b0961","local_time":"20181114001140","is_ascension_mode":true,"campfire_choices":[{"data":"Chill","floor":7,"key":"SMITH"},{"floor":12,"key":"REST"},{"data":"Loop","floor":15,"key":"SMITH"}],"neow_cost":"NONE","seed_source_timestamp":607224680781000,"circlet_count":0,"master_deck":["Strike_B","Strike_B","Strike_B","Defend_B","Defend_B","Defend_B","Defend_B","Zap","Dualcast","Defragment","Chill+1","Self Repair","Conserve Battery","Loop+1","Electrodynamics","Sunder","Leap","Melter","Meteor Strike","Chaos","Hologram+1"],"relics":["FrozenCore","NeowsBlessing","Bottled Lightning","Tiny Chest","Emotion Chip","Bag of Marbles","Bottled Flame"],"potions_floor_usage":[6,10,18],"damage_taken":[{"damage":0,"enemies":"Jaw Worm","floor":1,"turns":1},{"damage":0,"enemies":"Cultist","floor":2,"turns":1},{"damage":0,"enemies":"Small Slimes","floor":5,"turns":2},{"damage":17,"enemies":"3 Sentries","floor":6,"turns":12},{"damage":28,"enemies":"Gremlin Nob","floor":10,"turns":4},{"damage":4,"enemies":"Blue Slaver","floor":13,"turns":4},{"damage":3,"enemies":"3 Louse","floor":14,"turns":2},{"damage":38,"enemies":"Slime Boss","floor":16,"turns":5},{"damage":18,"enemies":"2 Thieves","floor":18,"turns":4},{"damage":36,"enemies":"Chosen","floor":20,"turns":6},{"damage":30,"enemies":"Centurion and Healer","floor":21,"turns":6}],"seed_played":"-483632885520756690","potions_obtained":[{"floor":2,"key":"Dexterity Potion"},{"floor":6,"key":"Energy Potion"},{"floor":13,"key":"Regen Potion"},{"floor":18,"key":"GamblersBrew"}],"is_trial":false,"path_per_floor":["M","M","$","?","M","E","R","$","T","E","T","R","M","M","R","B",null,"M","T","M","M"],"character_chosen":"DEFECT","items_purchased":["Electrodynamics"],"campfire_rested":1,"item_purchase_floors":[8],"current_hp_per_floor":[68,68,68,68,75,65,65,65,65,44,44,66,69,66,66,35,65,59,59,30,0],"gold":255,"neow_bonus":"THREE_ENEMY_KILL","is_prod":false,"is_daily":false,"chose_seed":false,"campfire_upgraded":2,"win_rate":0,"timestamp":1542150700,"path_taken":["M","M","$","?","M","E","R","?","T","E","?","R","M","M","R","BOSS","M","?","M","M"],"build_version":"2018-11-08","purchased_purges":0,"victory":false,"max_hp_per_floor":[75,75,75,75,75,75,75,75,75,75,75,75,75,75,75,75,75,75,75,75,75],"card_choices":[{"not_picked":["Rebound","Turbo"],"picked":"Defragment","floor":1},{"not_picked":["Genetic Algorithm","Hologram"],"picked":"Chill","floor":2},{"not_picked":["Cold Snap","Compile Driver"],"picked":"Conserve Battery","floor":5},{"not_picked":["Beam Cell","Hyperbeam"],"picked":"Loop","floor":6},{"not_picked":["Streamline","Compile Driver"],"picked":"Sunder","floor":10},{"not_picked":["Lockon","Beam Cell"],"picked":"Leap","floor":13},{"not_picked":["Go for the Eyes","Steam"],"picked":"Melter","floor":14},{"not_picked":["Electrodynamics","Seek"],"picked":"Meteor Strike","floor":16},{"not_picked":["Tempest","Reprogram+1"],"picked":"Chaos","floor":18},{"not_picked":["FTL","Sweeping Beam"],"picked":"Hologram+1","floor":20}],"player_experience":905770,"relics_obtained":[{"floor":6,"key":"Bottled Lightning"},{"floor":9,"key":"Tiny Chest"},{"floor":10,"key":"Emotion Chip"},{"floor":11,"key":"Bag of Marbles"},{"floor":19,"key":"Bottled Flame"}],"event_choices":[{"damage_healed":0,"gold_gain":0,"cards_transformed":["Strike_B"],"player_choice":"Transformed","damage_taken":0,"max_hp_gain":0,"max_hp_loss":0,"event_name":"Transmorgrifier","floor":4,"gold_loss":0,"cards_obtained":["Self Repair"]}],"is_beta":false,"boss_relics":[{"not_picked":["Philosopher\u0027s Stone","Runic Dome"],"picked":"FrozenCore"}],"items_purged_floors":[],"is_endless":false,"potions_floor_spawned":[2,6,13,18],"killed_by":"Centurion and Healer","ascension_level":7}