{"gold_per_floor":[118,118,1,13,13,44,44,61,88,12,24,35,68,87,87,187,187,202,127,127,127,127,127,143,143],"floor_reached":25,"playtime":700,"items_purged":[],"score":378,"play_id":"697d1ed1-6646-4646-aac7-1f86b82300d8","local_time":"20190423224246","is_ascension_mode":true,"campfire_choices":[{"floor":7,"key":"REST"},{"floor":15,"key":"REST"},{"floor":23,"key":"REST"}],"neow_cost":"NONE","seed_source_timestamp":525102011038700,"circlet_count":0,"master_deck":["AscendersBane","Strike_B","Strike_B+1","Defend_B","Defend_B+1","Defend_B","Defend_B","Zap","Dualcast","Turbo","Redo","Chaos","Lockon+1","Conserve Battery","Lockon+1","Melter+1","Chill","Static Discharge","Electrodynamics","Thunder Strike+1","Turbo"],"relics":["Cracked Core","NeowsBlessing","DataDisk","Molten Egg 2","Boot","Strawberry","Fusion Hammer"],"potions_floor_usage":[13,18],"damage_taken":[{"damage":0,"enemies":"Small Slimes","floor":1,"turns":1},{"damage":0,"enemies":"Jaw Worm","floor":4,"turns":1},{"damage":0,"enemies":"Lagavulin","floor":6,"turns":1},{"damage":0,"enemies":"Cultist","floor":8,"turns":2},{"damage":3,"enemies":"Blue Slaver","floor":11,"turns":3},{"damage":19,"enemies":"3 Louse","floor":12,"turns":3},{"damage":2,"enemies":"3 Sentries","floor":13,"turns":7},{"damage":0,"enemies":"2 Fungi Beasts","floor":14,"turns":3},{"damage":23,"enemies":"The Guardian","floor":16,"turns":8},{"damage":27,"enemies":"2 Thieves","floor":18,"turns":3},{"damage":27,"enemies":"Colosseum Slavers","floor":22,"turns":2},{"damage":17,"enemies":"Shell Parasite","floor":24,"turns":2},{"damage":26,"enemies":"Centurion and Healer","floor":25,"turns":2}],"seed_played":"-856673259869293609","potions_obtained":[{"floor":6,"key":"Ancient Potion"},{"floor":11,"key":"LiquidBronze"},{"floor":13,"key":"Weak Potion"}],"is_trial":false,"path_per_floor":["M","?","$","M","?","E","R","M","T","$","M","M","E","M","R","B",null,"M","?","?","?","?","R","M","M"],"character_chosen":"DEFECT","items_purchased":["Redo","Chaos","Lockon+1"],"campfire_rested":3,"item_purchase_floors":[3,3,10],"current_hp_per_floor":[68,56,56,56,41,41,63,63,63,63,60,41,46,46,70,47,73,46,46,46,46,19,43,26,0],"gold":143,"neow_bonus":"THREE_ENEMY_KILL","is_prod":false,"is_daily":false,"chose_seed":false,"campfire_upgraded":0,"win_rate":0,"timestamp":1556052166,"path_taken":["M","?","$","M","?","E","R","M","T","?","?","M","E","M","R","BOSS","M","?","?","?","?","R","M","M"],"build_version":"2019-01-23","purchased_purges":0,"victory":false,"max_hp_per_floor":[75,75,75,75,75,75,75,75,75,75,75,75,82,82,82,82,82,82,82,82,82,82,82,82,82],"card_choices":[{"not_picked":["Barrage","Compile Driver"],"picked":"Turbo","floor":1},{"not_picked":["Stack","Streamline","Go for the Eyes"],"picked":"SKIP","floor":4},{"not_picked":["Heatsinks","Go for the Eyes"],"picked":"Lockon","floor":6},{"not_picked":["Leap","Aggregate"],"picked":"Conserve Battery","floor":8},{"not_picked":["Genetic Algorithm","Skim"],"picked":"Melter+1","floor":11},{"not_picked":["Sweeping Beam+1","Leap"],"picked":"Chill","floor":12},{"not_picked":["Turbo","Scrape+1"],"picked":"Static Discharge","floor":13},{"not_picked":["Ball Lightning+1","Coolheaded"],"picked":"Electrodynamics","floor":14},{"not_picked":["Biased Cognition","Echo Form"],"picked":"Thunder Strike+1","floor":16},{"not_picked":["Barrage+1","Steam","Coolheaded"],"picked":"SKIP","floor":18},{"not_picked":["Stack","Leap"],"picked":"Turbo","floor":24}],"player_experience":1744276,"relics_obtained":[{"floor":6,"key":"Molten Egg 2"},{"floor":9,"key":"Boot"},{"floor":13,"key":"Strawberry"}],"event_choices":[{"damage_healed":0,"gold_gain":0,"player_choice":"Success","damage_taken":12,"relics_obtained":["DataDisk"],"max_hp_gain":0,"max_hp_loss":0,"event_name":"Scrap Ooze","floor":2,"gold_loss":0},{"damage_healed":0,"gold_gain":0,"player_choice":"Entered Light","damage_taken":15,"max_hp_gain":0,"max_hp_loss":0,"event_name":"Shining Light","floor":5,"gold_loss":0,"cards_upgraded":["Defend_B","Strike_B"]},{"cards_removed":["Strike_B"],"damage_healed":0,"gold_gain":0,"player_choice":"Gave Gold","damage_taken":0,"max_hp_gain":0,"max_hp_loss":0,"event_name":"Beggar","floor":19,"gold_loss":75},{"damage_healed":0,"gold_gain":0,"player_choice":"Ignored","damage_taken":0,"max_hp_gain":0,"max_hp_loss":0,"event_name":"Vampires","floor":20,"gold_loss":0},{"cards_removed":["Strike_B"],"damage_healed":0,"gold_gain":0,"player_choice":"Elegance","damage_taken":0,"max_hp_gain":0,"max_hp_loss":0,"event_name":"Back to Basics","floor":21,"gold_loss":0},{"damage_healed":0,"gold_gain":0,"player_choice":"Fight","damage_taken":0,"max_hp_gain":0,"max_hp_loss":0,"event_name":"Colosseum","floor":22,"gold_loss":0},{"damage_healed":0,"gold_gain":0,"player_choice":"Fled From Nobs","damage_taken":0,"max_hp_gain":0,"max_hp_loss":0,"event_name":"Colosseum","floor":22,"gold_loss":0}],"is_beta":false,"boss_relics":[{"not_picked":["Sozu","Runic Dome"],"picked":"Fusion Hammer"}],"items_purged_floors":[],"is_endless":false,"potions_floor_spawned":[6,11,13,22],"killed_by":"Centurion and Healer","ascension_level":12}