{"gold_per_floor":[19,35,54,54,65,65,30,30,30,30,42,55,55,68,68,68],"floor_reached":16,"playtime":510,"items_purged":[],"score":150,"play_id":"0208846a-690b-44e8-9c5f-10fec8702b4d","local_time":"20190505031527","is_ascension_mode":true,"campfire_choices":[{"floor":6,"key":"REST"},{"data":"Multi-Cast","floor":8,"key":"SMITH"},{"floor":13,"key":"REST"},{"floor":15,"key":"REST"}],"neow_cost":"NO_GOLD","seed_source_timestamp":110076550354000,"circlet_count":0,"master_deck":["AscendersBane","Strike_B","Strike_B","Strike_B","Strike_B","Defend_B","Defend_B","Defend_B","Defend_B","Zap","Dualcast","Multi-Cast+1","Self Repair","Heatsinks","Rainbow"],"relics":["Cracked Core","Darkstone Periapt"],"potions_floor_usage":[12,16,16],"damage_taken":[{"damage":6,"enemies":"Cultist","floor":1,"turns":3},{"damage":8,"enemies":"Small Slimes","floor":2,"turns":4},{"damage":13,"enemies":"2 Louse","floor":3,"turns":3},{"damage":40,"enemies":"Exordium Wildlife","floor":5,"turns":7},{"damage":9,"enemies":"Red Slaver","floor":11,"turns":6},{"damage":40,"enemies":"Gremlin Gang","floor":12,"turns":5},{"damage":39,"enemies":"Exordium Wildlife","floor":14,"turns":6},{"damage":32,"enemies":"Hexaghost","floor":16,"turns":9}],"seed_played":"-2599476360063618851","potions_obtained":[{"floor":1,"key":"EssenceOfSteel"},{"floor":5,"key":"Poison Potion"},{"floor":14,"key":"Dexterity Potion"}],"is_trial":false,"path_per_floor":["M","M","M","?","M","R","?","R","T","$","M","M","R","M","R","B"],"character_chosen":"DEFECT","items_purchased":[],"campfire_rested":3,"item_purchase_floors":[],"current_hp_per_floor":[62,61,55,55,22,44,62,62,62,62,60,20,42,10,32,0],"gold":68,"neow_bonus":"THREE_RARE_CARDS","is_prod":false,"is_daily":false,"chose_seed":false,"campfire_upgraded":1,"win_rate":0,"timestamp":1557018927,"path_taken":["M","?","?","?","M","R","?","R","T","?","M","M","R","M","R","BOSS"],"build_version":"2019-01-23","purchased_purges":0,"victory":false,"max_hp_per_floor":[75,75,75,75,75,75,75,75,75,75,75,75,75,75,75,75],"card_choices":[{"not_picked":["Hyperbeam","Electrodynamics"],"picked":"Multi-Cast","floor":0},{"not_picked":["Beam Cell","Barrage"],"picked":"Self Repair","floor":1},{"not_picked":["Rebound","Cold Snap","Barrage"],"picked":"SKIP","floor":2},{"not_picked":["Skim","Coolheaded","Rebound"],"picked":"SKIP","floor":3},{"not_picked":["Compile Driver","Capacitor"],"picked":"Heatsinks","floor":5},{"not_picked":["Aggregate","Coolheaded","Sweeping Beam"],"picked":"SKIP","floor":11},{"not_picked":["Rip and Tear","Stack","Steam"],"picked":"SKIP","floor":12},{"not_picked":["Barrage","Darkness"],"picked":"Rainbow","floor":14}],"player_experience":1812794,"relics_obtained":[{"floor":9,"key":"Darkstone Periapt"}],"event_choices":[{"damage_healed":0,"gold_gain":0,"player_choice":"Ignored","damage_taken":0,"max_hp_gain":0,"max_hp_loss":0,"event_name":"Golden Wing","floor":4,"gold_loss":0},{"damage_healed":18,"gold_gain":0,"player_choice":"Healed","damage_taken":0,"max_hp_gain":0,"max_hp_loss":0,"event_name":"The Cleric","floor":7,"gold_loss":35}],"is_beta":false,"boss_relics":[],"items_purged_floors":[],"is_endless":false,"potions_floor_spawned":[1,5,14],"killed_by":"Hexaghost","ascension_level":12}