{"gold_per_floor":[117,136,136,136,149,183,199,199,199,234,85,85,100,133,133,229,229,245,261,278,293,313,313,324,324,324,424,444,444,478,478,478,575,575,595,606,27,127,127,157,157,167,167,181,181,181,181,196,196,196],"floor_reached":51,"playtime":2604,"items_purged":["Strike_B"],"score":779,"play_id":"d36bc31e-0515-4db0-b046-7004351ef527","local_time":"20190514045403","is_ascension_mode":true,"campfire_choices":[{"data":"Dualcast","floor":8,"key":"SMITH"},{"floor":15,"key":"REST"},{"data":"Loop","floor":23,"key":"SMITH"},{"data":"Zap","floor":25,"key":"SMITH"},{"data":"Reinforced Body","floor":29,"key":"SMITH"},{"data":"Seek","floor":32,"key":"SMITH"},{"floor":41,"key":"REST"},{"data":"Biased Cognition","floor":45,"key":"SMITH"},{"floor":49,"key":"REST"}],"neow_cost":"NONE","seed_source_timestamp":141784560410600,"circlet_count":0,"master_deck":["Strike_B","Defend_B","Defend_B","Defend_B","Defend_B","Zap+1","Dualcast+1","Ball Lightning","Cold Snap","Ball Lightning","Steam","Steam","Glacier","Seek+1","Go for the Eyes","Compile Driver","Electrodynamics","Hologram","Sweeping Beam","Conserve Battery+1","Loop+1","Leap+1","Self Repair","Reinforced Body+1","Melter+1","Biased Cognition+1","Capacitor","Consume+1","Purity","Barrage+1","Force Field"],"relics":["Cracked Core","Meat on the Bone","Thread and Needle","Dodecahedron","Lantern","Happy Flower","Pen Nib","Runic Pyramid","Sundial","Juzu Bracelet","FaceOfCleric","Inserter","Symbiotic Virus","Orichalcum","Du-Vu Doll","Bird Faced Urn","Frozen Egg 2"],"potions_floor_usage":[24,30],"damage_taken":[{"damage":0,"enemies":"2 Louse","floor":1,"turns":3},{"damage":0,"enemies":"Jaw Worm","floor":2,"turns":3},{"damage":0,"enemies":"Small Slimes","floor":5,"turns":2},{"damage":18,"enemies":"Lagavulin","floor":6,"turns":5},{"damage":0,"enemies":"Red Slaver","floor":7,"turns":2},{"damage":19,"enemies":"Gremlin Nob","floor":10,"turns":4},{"damage":0,"enemies":"Looter","floor":13,"turns":3},{"damage":0,"enemies":"3 Sentries","floor":14,"turns":7},{"damage":21,"enemies":"Hexaghost","floor":16,"turns":12},{"damage":0,"enemies":"Spheric Guardian","floor":18,"turns":3},{"damage":0,"enemies":"Shell Parasite","floor":19,"turns":4},{"damage":0,"enemies":"Snecko","floor":20,"turns":6},{"damage":0,"enemies":"Cultist and Chosen","floor":21,"turns":6},{"damage":4,"enemies":"Chosen and Byrds","floor":22,"turns":4},{"damage":9,"enemies":"Sentry and Sphere","floor":24,"turns":5},{"damage":0,"enemies":"Cultist and Chosen","floor":28,"turns":6},{"damage":7,"enemies":"Book of Stabbing","floor":30,"turns":7},{"damage":43,"enemies":"Collector","floor":33,"turns":12},{"damage":0,"enemies":"Orb Walker","floor":35,"turns":4},{"damage":0,"enemies":"3 Darklings","floor":36,"turns":4},{"damage":15,"enemies":"Mind Bloom Boss Battle","floor":38,"turns":7},{"damage":45,"enemies":"Reptomancer","floor":40,"turns":4},{"damage":11,"enemies":"4 Shapes","floor":42,"turns":4},{"damage":2,"enemies":"Maw","floor":44,"turns":8},{"damage":46,"enemies":"Transient","floor":48,"turns":5},{"damage":25,"enemies":"Time Eater","floor":50,"turns":13}],"seed_played":"-7550287849455629854","potions_obtained":[{"floor":1,"key":"FocusPotion"},{"floor":2,"key":"AttackPotion"},{"floor":5,"key":"LiquidBronze"},{"floor":19,"key":"Energy Potion"},{"floor":28,"key":"FearPotion"},{"floor":30,"key":"Ancient Potion"}],"is_trial":false,"path_per_floor":["M","M","?","?","M","E","M","R","T","E","$","?","M","E","R","B",null,"M","M","M","M","M","R","M","R","T","?","M","R","E","?","R","B",null,"M","M","$","?","?","E","R","M","T","M","R","?","?","M","R","B",null],"character_chosen":"DEFECT","items_purchased":["Happy Flower","Symbiotic Virus","Orichalcum","FairyPotion"],"campfire_rested":3,"item_purchase_floors":[11,37,37,37],"current_hp_per_floor":[75,75,68,65,65,47,47,47,47,40,40,40,40,40,62,41,75,75,75,75,75,71,71,62,62,62,62,69,69,69,69,69,46,76,77,78,78,71,71,39,63,57,57,73,73,73,73,46,69,62],"gold":196,"neow_bonus":"THREE_CARDS","is_prod":false,"is_daily":false,"chose_seed":false,"campfire_upgraded":6,"win_rate":0,"timestamp":1557824043,"path_taken":["M","M","?","?","M","E","M","R","T","E","$","?","M","E","R","BOSS","M","M","M","M","M","R","M","R","T","?","?","R","E","?","R","BOSS","M","M","$","?","?","E","R","M","T","M","R","?","?","M","R","BOSS"],"build_version":"2019-01-23","purchased_purges":1,"victory":true,"max_hp_per_floor":[75,75,75,75,75,75,75,75,75,75,75,75,75,75,75,75,75,75,75,75,75,75,75,75,75,75,75,75,75,75,75,75,76,76,77,78,78,79,79,80,80,81,81,82,82,78,78,79,79,80],"card_choices":[{"not_picked":["Turbo","Steam"],"picked":"Ball Lightning","floor":0},{"not_picked":["Chaos","Heatsinks"],"picked":"Cold Snap","floor":1},{"not_picked":["Doom and Gloom","Leap"],"picked":"Ball Lightning","floor":2},{"not_picked":["Barrage","Tempest"],"picked":"Steam","floor":5},{"not_picked":["Chill","Doom and Gloom"],"picked":"Go for the Eyes","floor":6},{"not_picked":["Lockon","Barrage"],"picked":"Steam","floor":7},{"not_picked":["Steam","Redo"],"picked":"Glacier","floor":10},{"not_picked":["Barrage","Steam"],"picked":"Go for the Eyes","floor":13},{"not_picked":["Meteor Strike","Blizzard"],"picked":"Compile Driver","floor":14},{"not_picked":["Machine Learning","All For One"],"picked":"Electrodynamics","floor":16},{"not_picked":["Static Discharge","Sweeping Beam"],"picked":"Hologram","floor":18},{"not_picked":["Go for the Eyes","Gash"],"picked":"Sweeping Beam","floor":19},{"not_picked":["Heatsinks+1","Compile Driver+1"],"picked":"Conserve Battery+1","floor":20},{"not_picked":["Redo+1","Ball Lightning"],"picked":"Loop","floor":21},{"not_picked":["Thunder Strike","Redo"],"picked":"Leap+1","floor":22},{"not_picked":["Coolheaded+1","Rip and Tear"],"picked":"Self Repair","floor":24},{"not_picked":["Cold Snap+1","Stack"],"picked":"Reinforced Body","floor":28},{"not_picked":["Buffer","Barrage"],"picked":"Melter+1","floor":30},{"not_picked":["Amplify","Multi-Cast"],"picked":"Biased Cognition","floor":33},{"not_picked":["Compile Driver","Streamline+1"],"picked":"Capacitor","floor":35},{"not_picked":["Beam Cell","Sweeping Beam","Conserve Battery"],"picked":"SKIP","floor":36},{"not_picked":["Tempest+1","Scrape+1"],"picked":"Consume+1","floor":38},{"not_picked":["Mayhem","Apotheosis"],"picked":"Purity","floor":39},{"not_picked":["Fusion+1","Capacitor"],"picked":"Barrage+1","floor":40},{"not_picked":["Gash","Coolheaded+1"],"picked":"Force Field","floor":42},{"not_picked":["Steam","Aggregate","Redo"],"picked":"SKIP","floor":44},{"not_picked":["Sweeping Beam","Coolheaded+1","Gash"],"picked":"SKIP","floor":48}],"player_experience":71144,"relics_obtained":[{"floor":6,"key":"Thread and Needle"},{"floor":9,"key":"Dodecahedron"},{"floor":10,"key":"Lantern"},{"floor":14,"key":"Pen Nib"},{"floor":26,"key":"Sundial"},{"floor":30,"key":"Juzu Bracelet"},{"floor":38,"key":"Du-Vu Doll"},{"floor":40,"key":"Bird Faced Urn"},{"floor":43,"key":"Frozen Egg 2"}],"event_choices":[{"cards_removed":["Strike_B"],"damage_healed":0,"gold_gain":0,"player_choice":"Card Removal","damage_taken":7,"max_hp_gain":0,"max_hp_loss":0,"event_name":"Golden Wing","floor":3,"gold_loss":0},{"damage_healed":0,"gold_gain":0,"player_choice":"Success","damage_taken":3,"relics_obtained":["Meat on the Bone"],"max_hp_gain":0,"max_hp_loss":0,"event_name":"Scrap Ooze","floor":4,"gold_loss":0},{"damage_healed":0,"gold_gain":0,"cards_transformed":["Strike_B"],"player_choice":"Change","damage_taken":0,"max_hp_gain":0,"max_hp_loss":0,"event_name":"Living Wall","floor":12,"gold_loss":0,"cards_obtained":["Seek"]},{"damage_healed":0,"gold_gain":100,"player_choice":"Pray","damage_taken":0,"max_hp_gain":0,"max_hp_loss":0,"event_name":"Golden Shrine","floor":27,"gold_loss":0},{"damage_healed":0,"gold_gain":0,"player_choice":"Trade","damage_taken":0,"relics_obtained":["FaceOfCleric"],"max_hp_gain":0,"max_hp_loss":0,"event_name":"FaceTrader","floor":31,"gold_loss":0},{"damage_healed":0,"gold_gain":0,"player_choice":"Fight","damage_taken":0,"max_hp_gain":0,"max_hp_loss":0,"event_name":"MindBloom","floor":38,"gold_loss":0},{"damage_healed":0,"gold_gain":0,"player_choice":"Memory 1","damage_taken":0,"max_hp_gain":0,"max_hp_loss":0,"event_name":"SensoryStone","floor":39,"gold_loss":0},{"damage_healed":0,"gold_gain":0,"player_choice":"Max HP","damage_taken":0,"max_hp_gain":0,"max_hp_loss":4,"event_name":"Winding Halls","floor":46,"gold_loss":0},{"cards_removed":["Go for the Eyes"],"damage_healed":0,"gold_gain":0,"player_choice":"Removed Attack","damage_taken":0,"max_hp_gain":0,"max_hp_loss":0,"event_name":"Falling","floor":47,"gold_loss":0}],"is_beta":false,"boss_relics":[{"not_picked":["Runic Dome","Lizard Tail"],"picked":"Runic Pyramid"},{"not_picked":["Orrery","Cursed Key"],"picked":"Inserter"}],"items_purged_floors":[37],"is_endless":false,"potions_floor_spawned":[1,2,5,13,19,22,28,30,36,40,48],"ascension_level":1}