{"gold_per_floor":[109,125,125,139,159,184,214,226,263,288,300,322,362,429,441,558,570,553,584,303,303,403,403,435,435,435,445,471,471,471,481,481,582,582,593,573,585,602,14,14,14,14,14,14,31,42,42,55,55,55],"floor_reached":51,"playtime":8371,"items_purged":["Strike_G"],"score":731,"play_id":"7a899c80-fbf9-40fe-b91d-66209f7b505c","local_time":"20181128202848","is_ascension_mode":true,"campfire_choices":[{"floor":8,"key":"REST"},{"floor":11,"key":"REST"},{"floor":15,"key":"REST"},{"floor":23,"key":"REST"},{"floor":25,"key":"REST"},{"floor":30,"key":"REST"},{"data":"Envenom","floor":32,"key":"SMITH"},{"floor":40,"key":"REST"},{"data":"Envenom","floor":42,"key":"SMITH"},{"data":"Catalyst","floor":47,"key":"SMITH"},{"data":"Infinite Blades","floor":49,"key":"SMITH"}],"neow_cost":"NONE","seed_source_timestamp":495746432526282,"circlet_count":0,"master_deck":["Survivor","Neutralize","Cloak And Dagger","Well Laid Plans","Blade Dance","Cloak And Dagger","Dagger Throw","Dagger Spray","Blade Dance","Blur","Accuracy","After Image","Footwork","Terror","Cloak And Dagger+1","Blade Dance","Underhanded Strike","Dash","Envenom+1","Noxious Fumes","Envenom+1","Bouncing Flask","Bane","Riddle With Holes","Deadly Poison","Tactician","Deadly Poison","Outmaneuver","Acrobatics","Distraction+1","Deadly Poison+1","Crippling Poison","Catalyst+1","Infinite Blades+1","Cloak And Dagger","Accuracy","Acrobatics+1","Cloak And Dagger+1","Underhanded Strike+1"],"relics":["Lizard Tail","MawBank","Dream Catcher","Odd Mushroom","Tiny Chest","Eternal Feather","Omamori","Necronomicon","Orichalcum","Snake Skull","Nunchaku","Pandora\u0027s Box","Anchor","Mummified Hand","Dodecahedron"],"potions_floor_usage":[3,14,24,24,24,28,50,50],"damage_taken":[{"damage":0,"enemies":"Jaw Worm","floor":1,"turns":6},{"damage":0,"enemies":"Cultist","floor":2,"turns":4},{"damage":0,"enemies":"2 Louse","floor":4,"turns":3},{"damage":4,"enemies":"Blue Slaver","floor":5,"turns":5},{"damage":45,"enemies":"Gremlin Nob","floor":6,"turns":6},{"damage":1,"enemies":"Looter","floor":7,"turns":4},{"damage":0,"enemies":"Red Slaver","floor":10,"turns":4},{"damage":0,"enemies":"3 Louse","floor":12,"turns":4},{"damage":22,"enemies":"The Mushroom Lair","floor":13,"turns":5},{"damage":16,"enemies":"3 Sentries","floor":14,"turns":9},{"damage":52,"enemies":"Slime Boss","floor":16,"turns":11},{"damage":31,"enemies":"2 Thieves","floor":18,"turns":5},{"damage":5,"enemies":"3 Byrds","floor":19,"turns":6},{"damage":34,"enemies":"Book of Stabbing","floor":24,"turns":7},{"damage":35,"enemies":"Snake Plant","floor":27,"turns":8},{"damage":43,"enemies":"Slavers","floor":28,"turns":7},{"damage":4,"enemies":"Chosen and Byrds","floor":31,"turns":6},{"damage":11,"enemies":"Champ","floor":33,"turns":10},{"damage":14,"enemies":"3 Shapes","floor":35,"turns":4},{"damage":8,"enemies":"Orb Walker","floor":37,"turns":3},{"damage":17,"enemies":"Transient","floor":38,"turns":5},{"damage":28,"enemies":"Writhing Mass","floor":45,"turns":4},{"damage":3,"enemies":"3 Darklings","floor":46,"turns":4},{"damage":21,"enemies":"Sphere and 2 Shapes","floor":48,"turns":6},{"damage":64,"enemies":"Awakened One","floor":50,"turns":10}],"seed_played":"5885306045047251502","potions_obtained":[{"floor":1,"key":"Ancient Potion"},{"floor":3,"key":"Fruit Juice"},{"floor":3,"key":"GhostInAJar"},{"floor":3,"key":"Ancient Potion"},{"floor":5,"key":"SpeedPotion"},{"floor":7,"key":"PowerPotion"},{"floor":14,"key":"LiquidBronze"},{"floor":18,"key":"SteroidPotion"},{"floor":27,"key":"Explosive Potion"},{"floor":33,"key":"GhostInAJar"},{"floor":36,"key":"GhostInAJar"},{"floor":37,"key":"SpeedPotion"},{"floor":48,"key":"FairyPotion"}],"is_trial":false,"path_per_floor":["M","M","?","M","M","E","M","R","T","M","R","M","?","E","R","B",null,"M","M","$","?","?","R","E","R","T","M","E","?","R","M","R","B",null,"M","?","M","M","$","R","?","R","T","$","M","M","R","M","R","B",null],"character_chosen":"THE_SILENT","items_purchased":["Omamori","Terror","Catalyst","Anchor","Mummified Hand","Infinite Blades","Cloak And Dagger"],"campfire_rested":7,"item_purchase_floors":[20,20,39,39,39,39,39],"current_hp_per_floor":[70,70,75,75,71,26,25,47,47,47,69,69,47,31,53,1,75,44,39,39,23,23,57,23,57,57,22,25,25,62,58,73,62,75,61,61,53,36,36,75,75,75,75,75,47,44,65,44,65,1],"gold":55,"neow_bonus":"BOSS_RELIC","is_prod":false,"is_daily":false,"chose_seed":false,"campfire_upgraded":4,"win_rate":0,"timestamp":1543404528,"path_taken":["M","M","?","?","M","E","M","R","T","M","R","?","?","E","R","BOSS","M","M","$","?","?","R","E","R","T","?","E","?","R","M","R","BOSS","M","?","M","?","$","R","?","R","T","$","M","M","R","M","R","BOSS"],"build_version":"2018-11-15","purchased_purges":1,"victory":true,"max_hp_per_floor":[70,70,75,75,75,75,75,75,75,75,75,75,75,75,75,75,75,75,75,75,75,75,75,75,75,75,75,75,75,75,75,75,75,75,75,75,75,75,75,75,75,75,75,75,75,75,75,75,75,75],"card_choices":[{"not_picked":["Terror","Acrobatics"],"picked":"Cloak And Dagger","floor":1},{"not_picked":["Backflip","Outmaneuver"],"picked":"Well Laid Plans","floor":2},{"not_picked":["Dagger Throw","Backstab","Backflip"],"picked":"SKIP","floor":4},{"not_picked":["Skewer","Deadly Poison"],"picked":"Blade Dance","floor":5},{"not_picked":["Phantasmal Killer","Riddle With Holes","Eviscerate"],"picked":"SKIP","floor":6},{"not_picked":["Flying Knee","Backflip"],"picked":"Cloak And Dagger","floor":7},{"not_picked":["Predator","Sucker Punch"],"picked":"Dagger Throw","floor":10},{"not_picked":["Poisoned Stab","Calculated Gamble"],"picked":"Dagger Spray","floor":12},{"not_picked":["Poisoned Stab","Expertise"],"picked":"Blade Dance","floor":13},{"not_picked":["Skewer","Wraith Form v2"],"picked":"Blur","floor":14},{"not_picked":["Leg Sweep","Cloak And Dagger"],"picked":"Accuracy","floor":15},{"not_picked":["Die Die Die","A Thousand Cuts"],"picked":"After Image","floor":16},{"not_picked":["Masterful Stab","Slice","Acrobatics"],"picked":"SKIP","floor":18},{"not_picked":["Skewer","Backflip"],"picked":"Footwork","floor":19},{"not_picked":["Quick Slash+1","Bane","Eviscerate+1"],"picked":"SKIP","floor":24},{"not_picked":["Storm of Steel","All Out Attack"],"picked":"Cloak And Dagger+1","floor":25},{"not_picked":["Choke","Bane+1"],"picked":"Blade Dance","floor":27},{"not_picked":["Backflip","Bane"],"picked":"Underhanded Strike","floor":28},{"not_picked":["All Out Attack+1","Slice"],"picked":"Envenom","floor":30},{"not_picked":["Deflect+1","Bouncing Flask+1"],"picked":"Noxious Fumes","floor":31},{"not_picked":["Storm of Steel","After Image"],"picked":"Envenom","floor":33},{"not_picked":["Leg Sweep+1","Expertise"],"picked":"Distraction+1","floor":35},{"not_picked":["Backflip","Flying Knee+1"],"picked":"Deadly Poison+1","floor":37},{"not_picked":["Leg Sweep+1","Poisoned Stab"],"picked":"Crippling Poison","floor":38},{"not_picked":["Reflex","Outmaneuver"],"picked":"Accuracy","floor":40},{"not_picked":["Well Laid Plans+1","Poisoned Stab"],"picked":"Acrobatics+1","floor":45},{"not_picked":["Flechettes+1","Noxious Fumes"],"picked":"Cloak And Dagger+1","floor":46},{"not_picked":["Outmaneuver","PiercingWail+1"],"picked":"Underhanded Strike+1","floor":48}],"player_experience":147094,"relics_obtained":[{"floor":6,"key":"MawBank"},{"floor":9,"key":"Dream Catcher"},{"floor":13,"key":"Odd Mushroom"},{"floor":14,"key":"Tiny Chest"},{"floor":21,"key":"Necronomicon"},{"floor":24,"key":"Orichalcum"},{"floor":26,"key":"Snake Skull"},{"floor":28,"key":"Nunchaku"},{"floor":43,"key":"Dodecahedron"}],"event_choices":[{"damage_healed":0,"gold_gain":0,"player_choice":"Got Potions","damage_taken":0,"max_hp_gain":0,"max_hp_loss":0,"event_name":"Lab","floor":3,"gold_loss":0},{"damage_healed":0,"gold_gain":0,"player_choice":"Fought Mushrooms","damage_taken":0,"max_hp_gain":0,"max_hp_loss":0,"event_name":"Mushrooms","floor":13,"gold_loss":0},{"damage_healed":0,"gold_gain":0,"player_choice":"Obtained Book","damage_taken":16,"max_hp_gain":0,"max_hp_loss":0,"event_name":"Cursed Tome","floor":21,"gold_loss":0},{"damage_healed":0,"gold_gain":100,"player_choice":"Pray","damage_taken":0,"max_hp_gain":0,"max_hp_loss":0,"event_name":"Golden Shrine","floor":22,"gold_loss":0},{"damage_healed":0,"gold_gain":0,"player_choice":"Read","damage_taken":0,"max_hp_gain":0,"max_hp_loss":0,"event_name":"The Library","floor":29,"gold_loss":0,"cards_obtained":["Dash"]},{"damage_healed":0,"gold_gain":0,"player_choice":"Bought 1 Potion","damage_taken":0,"max_hp_gain":0,"max_hp_loss":0,"event_name":"The Woman in Blue","floor":36,"gold_loss":0},{"cards_removed":["Sucker Punch"],"damage_healed":5,"gold_gain":0,"player_choice":"Offered Common","damage_taken":0,"max_hp_gain":0,"max_hp_loss":0,"event_name":"Bonfire Elementals","floor":41,"gold_loss":0},{"cards_removed":["Sucker Punch"],"damage_healed":5,"gold_gain":0,"player_choice":"Offered Special","damage_taken":0,"max_hp_gain":0,"max_hp_loss":0,"event_name":"Bonfire Elementals","floor":41,"gold_loss":0}],"is_beta":false,"boss_relics":[{"not_picked":["White Beast Statue","Tiny House"],"picked":"Eternal Feather"},{"not_picked":["Snecko Eye","Empty Cage"],"picked":"Pandora\u0027s Box"}],"items_purged_floors":[20],"is_endless":false,"potions_floor_spawned":[1,5,7,12,14,18,27,33,37,46,48],"ascension_level":1}