{"path_per_floor":["M","?","$","M","?","R","E","M","T","?","E","R","M","M","R","B",null,"M","?","?","M","?","R","E"],"character_chosen":"THE_SILENT","items_purchased":[],"gold_per_floor":[110,185,110,120,120,120,149,169,239,239,274,274,287,300,300,396,396,411,411,411,424,424,424,459],"floor_reached":25,"campfire_rested":3,"playtime":1480,"current_hp_per_floor":[77,66,66,66,54,54,26,26,26,26,17,40,40,40,63,24,77,74,74,66,41,25,48,10],"items_purged":["Strike_G"],"gold":459,"score":240,"play_id":"574412eb-1331-404c-b95a-cc833c92a862","is_prod":false,"is_daily":false,"is_ascension_mode":true,"campfire_upgraded":0,"path_taken":["M","?","$","?","?","R","E","M","T","?","E","R","M","M","R","BOSS","M","?","?","?","?","R","E","M"],"build_version":"2018-02-22-PROD2","purchased_purges":1,"victory":false,"master_deck":["Survivor","Neutralize","Bouncing Flask","Crippling Poison","Catalyst","Outmaneuver","Deflect","Bane","A Thousand Cuts","Choke","Choke","Flying Knee","Bane","Reflex","Acrobatics","Expertise","Predator","Outmaneuver","Quick Slash+1","Footwork+1","Necronomicurse","Footwork"],"max_hp_per_floor":[77,77,77,77,77,77,77,77,77,77,77,77,77,77,77,77,77,77,77,77,77,77,77,77],"relics":["Ring of the Snake","Girya","Centennial Puzzle","Ninja Scroll","Smiling Mask","Pandora\u0027s Box","Necronomicon","Darkstone Periapt"],"card_choices":[{"not_picked":["Deadly Poison","Quick Slash"],"picked":"Bouncing Flask"},{"not_picked":["Bane","Cloak And Dagger"],"picked":"Choke"},{"not_picked":["Cloak And Dagger","Bane"],"picked":"Crippling Poison"},{"not_picked":["Setup","Poisoned Stab"],"picked":"Catalyst"},{"not_picked":["Storm of Steel","Calculated Gamble"],"picked":"Outmaneuver"},{"not_picked":["Deadly Poison","Dagger Spray"],"picked":"Deflect"},{"not_picked":["Deadly Poison","Masterful Stab"],"picked":"Bane"},{"not_picked":["Phantasmal Killer","Wraith Form"],"picked":"A Thousand Cuts"},{"not_picked":["Outmaneuver","Underhanded Strike"],"picked":"Quick Slash"},{"not_picked":["PiercingWail","Backflip"],"picked":"Footwork"},{"not_picked":["Dagger Spray","Outmaneuver"],"picked":"Footwork"}],"player_experience":116808,"potions_floor_usage":[16,24,25,25,25],"damage_taken":[{"damage":0,"enemies":"Small Slimes","floor":1,"turns":6},{"damage":0,"enemies":"2 Louse","floor":4,"turns":3},{"damage":28,"enemies":"Gremlin Nob","floor":7,"turns":4},{"damage":0,"enemies":"Cultist","floor":8,"turns":3},{"damage":9,"enemies":"Lagavulin","floor":11,"turns":6},{"damage":0,"enemies":"Blue Slaver","floor":13,"turns":1},{"damage":0,"enemies":"2 Fungi Beasts","floor":14,"turns":3},{"damage":39,"enemies":"Slime Boss","floor":16,"turns":11},{"damage":3,"enemies":"Spheric Guardian","floor":18,"turns":3},{"damage":25,"enemies":"3 Byrds","floor":21,"turns":5},{"damage":38,"enemies":"Slavers","floor":24,"turns":6},{"damage":11,"enemies":"3 Cultists","floor":25,"turns":4}],"event_choices":[{"event_name":"World of Goop","player_choice":"Gather Gold","floor":2,"damage_taken":0},{"event_name":"Scrap Ooze","player_choice":"success","floor":5,"damage_taken":12},{"event_name":"Dead Adventurer","player_choice":"Searched \u00270\u0027 times","floor":10,"damage_taken":0},{"event_name":"Back to Basics","player_choice":"Elegance","floor":19,"damage_taken":0},{"event_name":"Knowing Skull","player_choice":"","floor":20,"damage_taken":0},{"event_name":"Cursed Tome","player_choice":"Obtained Book","floor":22,"damage_taken":0}],"boss_relics":[{"not_picked":["The Specimen","Lizard Tail"],"picked":"Pandora\u0027s Box"}],"potions_floor_spawned":[4,13,14,21,24],"seed_played":"-5781356017097510823","killed_by":"3 Cultists","ascension_level":1,"is_trial":false}