{"gold_per_floor":[217,230,79,79,79,79,79,4,4,4,4,36,36,36,36,138,138,158,158,83,100,0,0,0],"floor_reached":24,"playtime":774,"items_purged":["Regret","Decay"],"score":282,"play_id":"52d72f45-1922-4320-ac9c-be7a86e13c7b","local_time":"20190113123026","is_ascension_mode":true,"campfire_choices":[{"data":"Bash","floor":6,"key":"SMITH"},{"floor":10,"key":"REST"},{"data":"Cleave","floor":13,"key":"SMITH"},{"data":"Spot Weakness","floor":15,"key":"SMITH"},{"floor":23,"key":"REST"}],"neow_cost":"NONE","seed_source_timestamp":294559941234100,"circlet_count":0,"master_deck":["AscendersBane","Strike_R","Strike_R","Strike_R","Strike_R","Strike_R","Defend_R","Defend_R","Defend_R","Defend_R","Bash+1","Battle Trance","Spot Weakness+1","Cleave+1","Juggernaut","Parasite","Thunderclap","RitualDagger","Feel No Pain"],"relics":["Burning Blood","Orichalcum","Gambling Chip","Self Forming Clay","Art of War","Toxic Egg 2","Calipers","Calling Bell","Oddly Smooth Stone","Matryoshka","Ginger"],"potions_floor_usage":[12,18,24],"damage_taken":[{"damage":19,"enemies":"Jaw Worm","floor":1,"turns":6},{"damage":3,"enemies":"Small Slimes","floor":2,"turns":3},{"damage":17,"enemies":"Gremlin Nob","floor":12,"turns":4},{"damage":47,"enemies":"Slime Boss","floor":16,"turns":8},{"damage":33,"enemies":"Spheric Guardian","floor":18,"turns":6},{"damage":29,"enemies":"Shell Parasite","floor":21,"turns":6},{"damage":39,"enemies":"Snake Plant","floor":24,"turns":4}],"seed_played":"-670547695827246980","potions_obtained":[{"floor":2,"key":"Explosive Potion"},{"floor":12,"key":"Dexterity Potion"},{"floor":18,"key":"SpeedPotion"}],"is_trial":false,"path_per_floor":["M","M","$","?","?","R","$","$","T","R","$","E","R","T","R","B",null,"M","?","?","M","$","R","M"],"character_chosen":"IRONCLAD","items_purchased":["Orichalcum"],"campfire_rested":2,"item_purchase_floors":[3],"current_hp_per_floor":[59,62,62,62,59,59,59,59,59,80,80,69,69,69,69,28,67,40,34,34,11,11,35,0],"gold":0,"neow_bonus":"HUNDRED_GOLD","is_prod":false,"is_daily":false,"chose_seed":false,"campfire_upgraded":3,"win_rate":0,"timestamp":1547379026,"path_taken":["M","M","$","?","?","R","?","$","T","R","$","E","R","?","R","BOSS","M","?","?","M","$","R","M"],"build_version":"2019-01-10","purchased_purges":2,"victory":false,"max_hp_per_floor":[80,80,80,80,80,80,80,80,80,80,80,80,80,80,80,80,80,80,80,80,80,80,80,80],"card_choices":[{"not_picked":["Iron Wave","Pommel Strike"],"picked":"Battle Trance","floor":1},{"not_picked":["Fire Breathing","Clothesline"],"picked":"Spot Weakness","floor":2},{"not_picked":["Warcry","Hemokinesis"],"picked":"Cleave","floor":12},{"not_picked":["Berserk","Fiend Fire"],"picked":"Juggernaut","floor":16},{"not_picked":["Sword Boomerang","Havoc+1"],"picked":"Thunderclap","floor":18},{"not_picked":["Anger+1","Perfected Strike"],"picked":"Feel No Pain","floor":21}],"player_experience":1107347,"relics_obtained":[{"floor":9,"key":"Art of War"},{"floor":12,"key":"Toxic Egg 2"},{"floor":14,"key":"Calipers"},{"floor":17,"key":"Oddly Smooth Stone"},{"floor":17,"key":"Matryoshka"},{"floor":17,"key":"Ginger"}],"event_choices":[{"damage_healed":0,"gold_gain":0,"player_choice":"Box","damage_taken":0,"relics_obtained":["Gambling Chip"],"max_hp_gain":0,"max_hp_loss":0,"event_name":"Big Fish","floor":4,"gold_loss":0,"cards_obtained":["Regret"]},{"damage_healed":0,"gold_gain":0,"player_choice":"Success","damage_taken":3,"relics_obtained":["Self Forming Clay"],"max_hp_gain":0,"max_hp_loss":0,"event_name":"Scrap Ooze","floor":5,"gold_loss":0},{"damage_healed":0,"gold_gain":0,"player_choice":"Joined the Cult","damage_taken":6,"max_hp_gain":0,"max_hp_loss":0,"event_name":"Nest","floor":19,"gold_loss":0,"cards_obtained":["RitualDagger"]},{"cards_removed":["Decay"],"damage_healed":0,"gold_gain":0,"player_choice":"Gave Gold","damage_taken":0,"max_hp_gain":0,"max_hp_loss":0,"event_name":"Beggar","floor":20,"gold_loss":75}],"is_beta":false,"boss_relics":[{"not_picked":["Mark of Pain","Orrery"],"picked":"Calling Bell"}],"items_purged_floors":[8,22],"is_endless":false,"potions_floor_spawned":[2,12,18],"killed_by":"Snake Plant","ascension_level":10}