{"gold_per_floor":[119,43,43,43,43,43,59,59,59,59,93,160,185,185],"floor_reached":14,"playtime":434,"items_purged":[],"score":116,"play_id":"053bec7c-3be3-4153-a04e-5e5335b1cc47","local_time":"20181103013323","is_ascension_mode":true,"campfire_choices":[{"floor":6,"key":"REST"},{"data":"Consume","floor":8,"key":"SMITH"}],"neow_cost":"NONE","seed_source_timestamp":361350603773300,"circlet_count":0,"master_deck":["Strike_B","Strike_B","Strike_B","Defend_B","Defend_B","Defend_B","Defend_B","Zap","Dualcast","Sweeping Beam","Melter","Injury","Consume+1","All For One","Creative AI","Beam Cell"],"relics":["Inserter","Kunai","Golden Idol","Sundial","Gremlin Horn"],"potions_floor_usage":[11,14],"damage_taken":[{"damage":6,"enemies":"Cultist","floor":1,"turns":3},{"damage":1,"enemies":"2 Louse","floor":7,"turns":2},{"damage":41,"enemies":"Lagavulin","floor":11,"turns":8},{"damage":14,"enemies":"Jaw Worm","floor":13,"turns":4},{"damage":20,"enemies":"Large Slime","floor":14,"turns":6}],"seed_played":"-5245682292630403485","potions_obtained":[{"floor":7,"key":"FearPotion"},{"floor":13,"key":"AttackPotion"}],"is_trial":false,"path_per_floor":["M","$","T","?","?","R","M","R","T","?","E","?","M"],"character_chosen":"DEFECT","items_purchased":["Melter"],"campfire_rested":1,"item_purchase_floors":[2],"current_hp_per_floor":[62,62,62,62,62,75,74,74,74,74,33,33,19,0],"gold":185,"neow_bonus":"BOSS_RELIC","is_prod":false,"is_daily":false,"chose_seed":false,"campfire_upgraded":1,"win_rate":0,"timestamp":1541205203,"path_taken":["M","$","?","?","?","R","M","R","T","?","E","?","M","M"],"build_version":"2018-10-25v2","purchased_purges":0,"victory":false,"max_hp_per_floor":[75,75,75,75,75,75,75,75,75,75,75,75,75,75],"card_choices":[{"not_picked":["Rebound","Barrage"],"picked":"Sweeping Beam","floor":1},{"not_picked":["FTL","Sweeping Beam"],"picked":"Consume","floor":7},{"not_picked":["Static Discharge","Undo"],"picked":"Creative AI","floor":11},{"not_picked":["Steam Power","Aggregate"],"picked":"Beam Cell","floor":13}],"player_experience":835694,"relics_obtained":[{"floor":3,"key":"Kunai"},{"floor":9,"key":"Sundial"},{"floor":11,"key":"Gremlin Horn"}],"event_choices":[{"damage_healed":0,"gold_gain":0,"player_choice":"Take Wound","damage_taken":0,"relics_obtained":["Golden Idol"],"max_hp_gain":0,"max_hp_loss":0,"event_name":"Golden Idol","floor":4,"gold_loss":0,"cards_obtained":["Injury"]},{"damage_healed":0,"gold_gain":0,"player_choice":"Ignored","damage_taken":0,"max_hp_gain":0,"max_hp_loss":0,"event_name":"Shining Light","floor":5,"gold_loss":0},{"damage_healed":0,"gold_gain":0,"cards_transformed":["Strike_B"],"player_choice":"Change","damage_taken":0,"max_hp_gain":0,"max_hp_loss":0,"event_name":"Living Wall","floor":10,"gold_loss":0,"cards_obtained":["All For One"]},{"damage_healed":0,"gold_gain":67,"player_choice":"Gained Gold","damage_taken":0,"max_hp_gain":0,"max_hp_loss":0,"event_name":"Golden Wing","floor":12,"gold_loss":0}],"is_beta":false,"boss_relics":[],"items_purged_floors":[],"is_endless":false,"potions_floor_spawned":[7,13],"killed_by":"Large Slime","ascension_level":7}