{"gold_per_floor":[109,126,27,27,27,61,61,61,61,74,84,103,132,148,148,252,252,263,263,289,301],"floor_reached":21,"playtime":4067,"items_purged":["Strike_R"],"score":191,"play_id":"fff4a206-e7f8-4b43-b9e4-ab1df7dfc395","local_time":"20190506211742","is_ascension_mode":false,"campfire_choices":[{"data":"Bash","floor":8,"key":"SMITH"},{"data":"Strike_R","floor":15,"key":"PURGE"}],"neow_cost":"NONE","seed_source_timestamp":413758288799040,"circlet_count":0,"master_deck":["Strike_R","Strike_R","Defend_R","Defend_R+1","Defend_R","Defend_R+1","Bash+1","Flex","Iron Wave","Wild Strike","Body Slam","Pommel Strike","Pommel Strike","Barricade","Shame","Regret","Clumsy","Clothesline+1","Shrug It Off+1"],"relics":["Burning Blood","Pocketwatch","Peace Pipe","Boot","Calling Bell","Omamori","Matryoshka","FossilizedHelix","MawBank"],"potions_floor_usage":[13,14,16,21],"damage_taken":[{"damage":11,"enemies":"Jaw Worm","floor":1,"turns":4},{"damage":0,"enemies":"Small Slimes","floor":2,"turns":3},{"damage":44,"enemies":"3 Sentries","floor":6,"turns":16},{"damage":0,"enemies":"Cultist","floor":10,"turns":3},{"damage":1,"enemies":"3 Louse","floor":11,"turns":3},{"damage":2,"enemies":"Looter","floor":12,"turns":3},{"damage":18,"enemies":"Gremlin Nob","floor":13,"turns":3},{"damage":0,"enemies":"Red Slaver","floor":14,"turns":3},{"damage":62,"enemies":"The Guardian","floor":16,"turns":13},{"damage":51,"enemies":"Spheric Guardian","floor":18,"turns":8},{"damage":5,"enemies":"Chosen","floor":20,"turns":4},{"damage":55,"enemies":"Sentry and Sphere","floor":21,"turns":7}],"seed_played":"-5908928478899823718","potions_obtained":[{"floor":1,"key":"BloodPotion"},{"floor":11,"key":"Explosive Potion"},{"floor":13,"key":"Regen Potion"},{"floor":14,"key":"Regen Potion"}],"is_trial":false,"path_per_floor":["M","M","$","?","?","E","?","R","T","M","M","M","E","M","R","B",null,"M","?","M","M"],"character_chosen":"IRONCLAD","items_purchased":["Flex"],"campfire_rested":0,"item_purchase_floors":[3],"current_hp_per_floor":[83,88,88,88,70,32,61,61,61,67,72,76,64,79,79,38,88,43,43,44,0],"gold":301,"neow_bonus":"TEN_PERCENT_HP_BONUS","is_prod":false,"is_daily":false,"chose_seed":false,"campfire_upgraded":1,"win_rate":0,"timestamp":1557191862,"path_taken":["M","M","$","?","?","E","?","R","T","M","M","M","E","M","R","BOSS","M","?","M","M"],"build_version":"2019-01-23","purchased_purges":1,"victory":false,"max_hp_per_floor":[88,88,88,88,88,88,88,88,88,88,88,88,88,88,88,88,88,88,88,88,88],"card_choices":[{"not_picked":["Evolve","Clash"],"picked":"Flex","floor":1},{"not_picked":["Searing Blow","Corruption","Bloodletting"],"picked":"SKIP","floor":2},{"not_picked":["Rupture","Shrug It Off"],"picked":"Iron Wave","floor":6},{"not_picked":["Power Through","Havoc"],"picked":"Wild Strike","floor":10},{"not_picked":["Dropkick","Flex"],"picked":"Body Slam","floor":11},{"not_picked":["Flex","Anger","Clash"],"picked":"SKIP","floor":12},{"not_picked":["Dropkick","Anger"],"picked":"Pommel Strike","floor":13},{"not_picked":["Feel No Pain","Ghostly Armor"],"picked":"Pommel Strike","floor":14},{"not_picked":["Bludgeon","Dark Embrace"],"picked":"Barricade","floor":16},{"not_picked":["Bloodletting","Anger"],"picked":"Clothesline+1","floor":18},{"not_picked":["Rage+1","Heavy Blade"],"picked":"Shrug It Off+1","floor":20}],"player_experience":105851,"relics_obtained":[{"floor":6,"key":"Pocketwatch"},{"floor":9,"key":"Peace Pipe"},{"floor":13,"key":"Boot"},{"floor":17,"key":"Omamori"},{"floor":17,"key":"Matryoshka"},{"floor":17,"key":"FossilizedHelix"}],"event_choices":[{"cards_removed":["Strike_R"],"damage_healed":0,"gold_gain":0,"player_choice":"Forget","damage_taken":0,"max_hp_gain":0,"max_hp_loss":0,"event_name":"Living Wall","floor":4,"gold_loss":0},{"damage_healed":0,"gold_gain":0,"player_choice":"Entered Light","damage_taken":18,"max_hp_gain":0,"max_hp_loss":0,"event_name":"Shining Light","floor":5,"gold_loss":0,"cards_upgraded":["Defend_R","Defend_R"]},{"damage_healed":29,"gold_gain":0,"player_choice":"Banana","damage_taken":0,"max_hp_gain":0,"max_hp_loss":0,"event_name":"Big Fish","floor":7,"gold_loss":0},{"cards_removed":["Flex"],"damage_healed":0,"gold_gain":0,"player_choice":"Gave Card","damage_taken":0,"relics_obtained":["MawBank"],"max_hp_gain":0,"max_hp_loss":0,"event_name":"WeMeetAgain","floor":19,"gold_loss":0}],"is_beta":false,"boss_relics":[{"not_picked":["Snecko Eye","Runic Pyramid"],"picked":"Calling Bell"}],"items_purged_floors":[3],"is_endless":false,"potions_floor_spawned":[1,11,13,14],"killed_by":"Sentry and Sphere","ascension_level":0}