{"gold_per_floor":[109,72,72,87,104,104,115,140,165,178,178,178,178,208,208,303,303,313,313,333,248,274,286,327,339,351,383,414,426,458,482,494,605,617,644,504,523,472,485,519,519,530,530,630,642,642,655,674,674,674],"floor_reached":51,"playtime":2511,"items_purged":[],"score":728,"play_id":"ca7af362-df9f-4e2a-a115-aaf1f8748820","local_time":"20190306233823","is_ascension_mode":false,"campfire_choices":[{"data":"Perfected Strike","floor":6,"key":"SMITH"},{"data":"Shrug It Off","floor":12,"key":"SMITH"},{"floor":15,"key":"REST"},{"floor":23,"key":"REST"},{"data":"Demon Form","floor":29,"key":"SMITH"},{"data":"Limit Break","floor":32,"key":"SMITH"},{"floor":41,"key":"REST"},{"floor":46,"key":"REST"},{"floor":49,"key":"REST"}],"neow_cost":"NONE","seed_source_timestamp":91174872362978,"circlet_count":0,"master_deck":["Strike_R","Strike_R","Strike_R","Strike_R","Strike_R","Defend_R","Defend_R","Defend_R","Bash+1","Shrug It Off","Metallicize","Perfected Strike+1","Cleave","Flex","Shrug It Off+1","Heavy Blade","Demon Form+1","Pommel Strike+1","Heavy Blade+1","Rage+1","Limit Break+1","Armaments+1","Bludgeon","Blood for Blood","Cleave+1","Searing Blow+1","Perfected Strike","Uppercut","Fire Breathing+1"],"relics":["Burning Blood","Centennial Puzzle","Dream Catcher","Odd Mushroom","Snecko Eye","MawBank","Pen Nib","Nilry\u0027s Codex","Meat on the Bone","Fusion Hammer","Orichalcum","Bronze Scales","Calipers","Bird Faced Urn"],"potions_floor_usage":[16,40,40,40],"damage_taken":[{"damage":0,"enemies":"Small Slimes","floor":1,"turns":3},{"damage":0,"enemies":"Cultist","floor":4,"turns":3},{"damage":7,"enemies":"2 Louse","floor":5,"turns":2},{"damage":10,"enemies":"Large Slime","floor":7,"turns":6},{"damage":21,"enemies":"3 Sentries","floor":8,"turns":8},{"damage":7,"enemies":"Blue Slaver","floor":10,"turns":3},{"damage":4,"enemies":"The Mushroom Lair","floor":14,"turns":4},{"damage":68,"enemies":"The Guardian","floor":16,"turns":11},{"damage":34,"enemies":"3 Byrds","floor":18,"turns":5},{"damage":17,"enemies":"2 Thieves","floor":20,"turns":2},{"damage":5,"enemies":"Snecko","floor":22,"turns":4},{"damage":27,"enemies":"Slavers","floor":24,"turns":5},{"damage":1,"enemies":"Centurion and Healer","floor":27,"turns":3},{"damage":0,"enemies":"Snake Plant","floor":28,"turns":2},{"damage":0,"enemies":"Snecko","floor":30,"turns":2},{"damage":0,"enemies":"Cultist and Chosen","floor":31,"turns":4},{"damage":29,"enemies":"Champ","floor":33,"turns":8},{"damage":0,"enemies":"3 Shapes","floor":35,"turns":4},{"damage":0,"enemies":"Orb Walker","floor":37,"turns":2},{"damage":29,"enemies":"Maw","floor":39,"turns":6},{"damage":51,"enemies":"Reptomancer","floor":40,"turns":4},{"damage":4,"enemies":"Sphere and 2 Shapes","floor":42,"turns":3},{"damage":30,"enemies":"Mind Bloom Boss Battle","floor":44,"turns":4},{"damage":23,"enemies":"Writhing Mass","floor":45,"turns":5},{"damage":2,"enemies":"Maw","floor":47,"turns":5},{"damage":10,"enemies":"Spire Growth","floor":48,"turns":2},{"damage":68,"enemies":"Time Eater","floor":50,"turns":8}],"seed_played":"1075129566981444812","potions_obtained":[{"floor":7,"key":"Swift Potion"},{"floor":14,"key":"Poison Potion"},{"floor":16,"key":"EssenceOfSteel"},{"floor":18,"key":"LiquidBronze"},{"floor":22,"key":"Energy Potion"},{"floor":33,"key":"Regen Potion"},{"floor":45,"key":"Dexterity Potion"},{"floor":47,"key":"Swift Potion"},{"floor":48,"key":"LiquidBronze"}],"is_trial":false,"path_per_floor":["M","$","?","M","M","R","M","E","T","M","?","R","$","?","R","B",null,"M","?","M","?","M","R","E","?","T","M","M","R","M","M","R","B",null,"M","$","M","$","M","E","R","M","T","?","M","R","M","M","R","B",null],"character_chosen":"IRONCLAD","items_purchased":["Metallicize","Orichalcum","Dexterity Potion"],"campfire_rested":5,"item_purchase_floors":[2,36,38],"current_hp_per_floor":[88,88,88,88,87,87,83,68,68,67,72,72,72,74,93,31,93,65,65,54,54,55,82,61,45,45,62,68,68,74,80,80,57,93,93,93,93,93,70,37,64,66,66,54,57,84,92,88,93,49],"gold":674,"neow_bonus":"TEN_PERCENT_HP_BONUS","is_prod":false,"is_daily":false,"chose_seed":false,"campfire_upgraded":4,"win_rate":0,"timestamp":1551944303,"path_taken":["M","$","?","?","M","R","M","E","T","M","?","R","$","?","R","BOSS","M","?","?","?","M","R","E","?","T","M","?","R","M","M","R","BOSS","M","$","?","$","?","E","R","M","T","?","M","R","M","M","R","BOSS"],"build_version":"2019-01-23","purchased_purges":0,"victory":true,"max_hp_per_floor":[88,88,88,88,88,88,88,88,88,88,93,93,93,93,93,93,93,93,93,93,93,93,93,93,93,93,93,93,93,93,93,93,93,93,93,93,93,93,93,93,93,93,93,93,93,93,93,93,93,93],"card_choices":[{"not_picked":["Flex","Havoc"],"picked":"Shrug It Off","floor":1},{"not_picked":["Sword Boomerang","Flex"],"picked":"Perfected Strike","floor":4},{"not_picked":["Havoc","Twin Strike"],"picked":"Cleave","floor":5},{"not_picked":["Second Wind","Twin Strike"],"picked":"Flex","floor":7},{"not_picked":["Offering","Cleave"],"picked":"Shrug It Off","floor":8},{"not_picked":["Clothesline","Bloodletting","Twin Strike"],"picked":"SKIP","floor":10},{"not_picked":["Spot Weakness","Seeing Red"],"picked":"Heavy Blade","floor":14},{"not_picked":["Immolate","Reaper"],"picked":"Demon Form","floor":16},{"not_picked":["Wild Strike","Thunderclap"],"picked":"Pommel Strike+1","floor":18},{"not_picked":["Warcry","Pommel Strike","Infernal Blade"],"picked":"SKIP","floor":20},{"not_picked":["Perfected Strike","Dual Wield","Clothesline"],"picked":"SKIP","floor":22},{"not_picked":["Brutality","Hemokinesis","Blood for Blood"],"picked":"SKIP","floor":24},{"not_picked":["Sword Boomerang","Flex"],"picked":"Heavy Blade+1","floor":27},{"not_picked":["Sword Boomerang+1","Shrug It Off"],"picked":"Rage+1","floor":28},{"not_picked":["Thunderclap","Iron Wave"],"picked":"Limit Break","floor":30},{"not_picked":["Pummel","Shrug It Off"],"picked":"Armaments+1","floor":31},{"not_picked":["Fiend Fire","Feed"],"picked":"Bludgeon","floor":33},{"not_picked":["Clash+1","Havoc","Second Wind"],"picked":"SKIP","floor":35},{"not_picked":["Sentinel+1","Clash+1","Flex"],"picked":"SKIP","floor":37},{"not_picked":["Disarm","Body Slam+1"],"picked":"Blood for Blood","floor":39},{"not_picked":["Combust+1","Feed","Sword Boomerang+1"],"picked":"SKIP","floor":40},{"not_picked":["Uppercut+1","Sever Soul"],"picked":"Cleave+1","floor":41},{"not_picked":["Blood for Blood+1","Entrench","Battle Trance+1"],"picked":"SKIP","floor":42},{"not_picked":["Infernal Blade","Heavy Blade"],"picked":"Searing Blow+1","floor":44},{"not_picked":["Seeing Red+1","Clash","Disarm"],"picked":"SKIP","floor":45},{"not_picked":["Clash","Spot Weakness"],"picked":"Perfected Strike","floor":46},{"not_picked":["Body Slam+1","Thunderclap+1"],"picked":"Uppercut","floor":47},{"not_picked":["Flex","Headbutt","Dropkick+1"],"picked":"SKIP","floor":48},{"not_picked":["Iron Wave+1","Evolve+1"],"picked":"Fire Breathing+1","floor":49}],"player_experience":279188,"relics_obtained":[{"floor":8,"key":"Centennial Puzzle"},{"floor":9,"key":"Dream Catcher"},{"floor":14,"key":"Odd Mushroom"},{"floor":24,"key":"Pen Nib"},{"floor":25,"key":"Nilry\u0027s Codex"},{"floor":26,"key":"Meat on the Bone"},{"floor":40,"key":"Bronze Scales"},{"floor":43,"key":"Calipers"},{"floor":44,"key":"Bird Faced Urn"}],"event_choices":[{"damage_healed":0,"gold_gain":0,"player_choice":"Upgraded","damage_taken":0,"max_hp_gain":0,"max_hp_loss":0,"event_name":"Upgrade Shrine","floor":3,"gold_loss":0,"cards_upgraded":["Bash"]},{"damage_healed":0,"gold_gain":0,"player_choice":"Donut","damage_taken":0,"max_hp_gain":5,"max_hp_loss":0,"event_name":"Big Fish","floor":11,"gold_loss":0},{"damage_healed":0,"gold_gain":0,"player_choice":"Fought Mushrooms","damage_taken":0,"max_hp_gain":0,"max_hp_loss":0,"event_name":"Mushrooms","floor":14,"gold_loss":0},{"cards_removed":["Defend_R"],"damage_healed":0,"gold_gain":0,"player_choice":"Purged","damage_taken":0,"max_hp_gain":0,"max_hp_loss":0,"event_name":"Purifier","floor":19,"gold_loss":0},{"damage_healed":0,"gold_gain":0,"player_choice":"Obtained Relic","damage_taken":0,"relics_obtained":["MawBank"],"max_hp_gain":0,"max_hp_loss":0,"event_name":"Addict","floor":21,"gold_loss":85},{"damage_healed":0,"gold_gain":0,"player_choice":"Obtained Book","damage_taken":16,"max_hp_gain":0,"max_hp_loss":0,"event_name":"Cursed Tome","floor":25,"gold_loss":0},{"damage_healed":0,"gold_gain":0,"player_choice":"Fight","damage_taken":0,"max_hp_gain":0,"max_hp_loss":0,"event_name":"MindBloom","floor":44,"gold_loss":0}],"is_beta":false,"boss_relics":[{"not_picked":["Runic Cube","Cursed Key"],"picked":"Snecko Eye"},{"not_picked":["Pandora\u0027s Box","Philosopher\u0027s Stone"],"picked":"Fusion Hammer"}],"items_purged_floors":[],"is_endless":false,"potions_floor_spawned":[7,14,16,18,20,22,28,33,39,45,47,48],"ascension_level":0}