{"gold_per_floor":[116,135,135,151,165,198,211,211,295,309,309,309,333,343,343,343],"floor_reached":16,"playtime":519,"items_purged":[],"score":109,"play_id":"a4f09b46-34c0-4600-ac8b-639572875df4","local_time":"20190514020636","is_ascension_mode":true,"campfire_choices":[{"floor":8,"key":"REST"},{"floor":12,"key":"REST"},{"floor":15,"key":"REST"}],"neow_cost":"NONE","seed_source_timestamp":133838790197099,"circlet_count":0,"master_deck":["Strike_B","Strike_B","Strike_B","Strike_B","Defend_B","Defend_B","Defend_B","Defend_B","Zap","Dualcast","Streamline","Hologram","Decay","Coolheaded","Ball Lightning","Hologram","Conserve Battery","Leap","Parasite","Compile Driver"],"relics":["Cracked Core","Pen Nib","Tiny Chest","Omamori"],"potions_floor_usage":[],"damage_taken":[{"damage":2,"enemies":"2 Louse","floor":1,"turns":3},{"damage":0,"enemies":"Cultist","floor":2,"turns":2},{"damage":2,"enemies":"Small Slimes","floor":4,"turns":3},{"damage":6,"enemies":"Exordium Wildlife","floor":5,"turns":3},{"damage":32,"enemies":"Gremlin Nob","floor":6,"turns":5},{"damage":36,"enemies":"Gremlin Gang","floor":7,"turns":5},{"damage":15,"enemies":"Lots of Slimes","floor":10,"turns":5},{"damage":4,"enemies":"2 Fungi Beasts","floor":14,"turns":4},{"damage":77,"enemies":"Hexaghost","floor":16,"turns":11}],"seed_played":"-3103807607871568160","potions_obtained":[{"floor":2,"key":"Energy Potion"},{"floor":4,"key":"FearPotion"},{"floor":5,"key":"Strength Potion"}],"is_trial":false,"path_per_floor":["M","M","?","M","M","E","M","R","T","M","?","R","T","M","R","B"],"character_chosen":"DEFECT","items_purchased":[],"campfire_rested":3,"item_purchase_floors":[],"current_hp_per_floor":[80,80,80,78,72,40,4,28,28,13,33,57,57,53,77,0],"gold":343,"neow_bonus":"TEN_PERCENT_HP_BONUS","is_prod":false,"is_daily":false,"chose_seed":false,"campfire_upgraded":0,"win_rate":0,"timestamp":1557813996,"path_taken":["M","M","?","M","M","E","M","R","T","?","?","R","?","M","R","BOSS"],"build_version":"2019-01-23","purchased_purges":0,"victory":false,"max_hp_per_floor":[82,82,82,82,82,82,82,82,82,82,82,82,82,82,82,82],"card_choices":[{"not_picked":["Turbo","Rebound"],"picked":"Streamline","floor":1},{"not_picked":["White Noise","Beam Cell"],"picked":"Hologram","floor":2},{"not_picked":["Rebound","Storm"],"picked":"Coolheaded","floor":4},{"not_picked":["Fusion","Go for the Eyes"],"picked":"Ball Lightning","floor":5},{"not_picked":["Meteor Strike","Melter"],"picked":"Hologram","floor":6},{"not_picked":["Hello World","Coolheaded"],"picked":"Conserve Battery","floor":7},{"not_picked":["Beam Cell","Turbo"],"picked":"Leap","floor":10},{"not_picked":["Darkness","Chaos"],"picked":"Compile Driver","floor":14}],"player_experience":63318,"relics_obtained":[{"floor":6,"key":"Pen Nib"},{"floor":9,"key":"Tiny Chest"},{"floor":13,"key":"Omamori"}],"event_choices":[{"damage_healed":0,"gold_gain":0,"player_choice":"Cursed","damage_taken":0,"max_hp_gain":0,"max_hp_loss":0,"event_name":"Wheel of Change","floor":3,"gold_loss":0,"cards_obtained":["Decay"]},{"damage_healed":20,"gold_gain":0,"player_choice":"Healed and dodged fight","damage_taken":0,"max_hp_gain":0,"max_hp_loss":0,"event_name":"Mushrooms","floor":11,"gold_loss":0,"cards_obtained":["Parasite"]}],"is_beta":false,"boss_relics":[],"items_purged_floors":[],"is_endless":false,"potions_floor_spawned":[2,4,5,7],"killed_by":"Hexaghost","ascension_level":1}