{"gold_per_floor":[114,128,128,138,138,167,167,80,107,172,186,34,61,76,76,181,181,193,209,227,4,14,14,40,54,54,54,66,66,91,103,103,208,208,222,236,6,6,17,45,0,0,0,0,12,37,37,53,53,53],"floor_reached":51,"playtime":5172,"items_purged":[],"score":1102,"play_id":"d65c9462-6959-4330-90b7-c56b960ca016","local_time":"20190413225140","is_ascension_mode":true,"campfire_choices":[{"floor":7,"key":"REST"},{"data":"Infinite Blades","floor":15,"key":"SMITH"},{"data":"Footwork","floor":23,"key":"SMITH"},{"floor":32,"key":"REST"},{"data":"After Image","floor":42,"key":"SMITH"},{"data":"Envenom","floor":44,"key":"SMITH"},{"floor":47,"key":"REST"},{"data":"Footwork","floor":49,"key":"SMITH"}],"neow_cost":"NONE","seed_source_timestamp":189113603518765,"circlet_count":0,"master_deck":["Defend_G","Defend_G","Defend_G","Defend_G","Defend_G","Strike_G","Strike_G+1","Strike_G","Strike_G","Strike_G","Survivor","Neutralize","Infinite Blades+1","Calculated Gamble","Neutralize","Finesse","Leg Sweep","All Out Attack","Footwork+1","Deflect","Blade Dance","Backflip","Crippling Poison","Die Die Die","Well Laid Plans","Accuracy+1","PiercingWail+1","Dagger Spray","PiercingWail","Dagger Throw+1","Blur","Dagger Spray+1","Parasite","Reflex","Decay","Malaise","Footwork+1","Envenom+1","Blade Dance+1","Footwork+1","After Image+1","Crippling Poison","Dramatic Entrance","Dramatic Entrance+1","Acrobatics+1","Choke","Injury","Catalyst+1","Noxious Fumes+1","Dagger Spray"],"relics":["Ring of the Snake","NeowsBlessing","PreservedInsect","Du-Vu Doll","Strawberry","Lantern","Boot","Cursed Key","Oddly Smooth Stone","Bag of Preparation","Mercury Hourglass","Vajra","Philosopher\u0027s Stone","Letter Opener","Red Mask","Orichalcum","Whetstone"],"potions_floor_usage":[6,16,16,22,30,33,45,45,50],"damage_taken":[{"damage":0,"enemies":"2 Louse","floor":1,"turns":1},{"damage":0,"enemies":"Cultist","floor":2,"turns":1},{"damage":0,"enemies":"Jaw Worm","floor":4,"turns":1},{"damage":16,"enemies":"3 Sentries","floor":6,"turns":9},{"damage":0,"enemies":"Blue Slaver","floor":11,"turns":4},{"damage":2,"enemies":"Lagavulin","floor":13,"turns":8},{"damage":0,"enemies":"2 Fungi Beasts","floor":14,"turns":2},{"damage":4,"enemies":"The Guardian","floor":16,"turns":14},{"damage":3,"enemies":"Shell Parasite","floor":18,"turns":6},{"damage":0,"enemies":"Chosen","floor":19,"turns":5},{"damage":12,"enemies":"3 Cultists","floor":20,"turns":5},{"damage":7,"enemies":"Snake Plant","floor":22,"turns":5},{"damage":13,"enemies":"Slavers","floor":24,"turns":4},{"damage":17,"enemies":"Snecko","floor":25,"turns":5},{"damage":0,"enemies":"Chosen and Byrds","floor":28,"turns":4},{"damage":0,"enemies":"Book of Stabbing","floor":30,"turns":4},{"damage":11,"enemies":"Centurion and Healer","floor":31,"turns":4},{"damage":0,"enemies":"Automaton","floor":33,"turns":10},{"damage":0,"enemies":"3 Shapes","floor":35,"turns":3},{"damage":0,"enemies":"Orb Walker","floor":36,"turns":3},{"damage":5,"enemies":"Jaw Worm Horde","floor":39,"turns":2},{"damage":7,"enemies":"Reptomancer","floor":40,"turns":4},{"damage":16,"enemies":"Spire Growth","floor":45,"turns":4},{"damage":0,"enemies":"Giant Head","floor":46,"turns":7},{"damage":0,"enemies":"4 Shapes","floor":48,"turns":2},{"damage":34,"enemies":"Donu and Deca","floor":50,"turns":7}],"seed_played":"2061071278609877465","potions_obtained":[{"floor":1,"key":"GhostInAJar"},{"floor":4,"key":"SkillPotion"},{"floor":6,"key":"Block Potion"},{"floor":13,"key":"Poison Potion"},{"floor":14,"key":"Dexterity Potion"},{"floor":18,"key":"Regen Potion"},{"floor":19,"key":"Poison Potion"},{"floor":28,"key":"EssenceOfSteel"},{"floor":31,"key":"Regen Potion"},{"floor":33,"key":"Weak Potion"},{"floor":39,"key":"SteroidPotion"},{"floor":46,"key":"SpeedPotion"},{"floor":48,"key":"Energy Potion"}],"is_trial":false,"path_per_floor":["M","M","?","M","?","E","R","$","T","?","M","$","E","M","R","B",null,"M","M","M","$","M","R","E","M","T","?","M","?","E","M","R","B",null,"M","M","$","?","M","E","?","R","T","R","M","E","R","M","R","B",null],"character_chosen":"THE_SILENT","items_purchased":["Footwork","Deflect","Lantern","Oddly Smooth Stone","Dagger Spray","PiercingWail","After Image","Crippling Poison"],"campfire_rested":3,"item_purchase_floors":[8,8,12,21,21,21,37,37],"current_hp_per_floor":[63,63,63,63,56,40,61,61,68,68,68,68,66,66,66,62,73,70,70,58,58,65,65,52,35,35,35,35,35,35,24,47,62,73,73,73,73,68,63,56,56,56,56,56,40,40,63,63,63,29],"gold":53,"neow_bonus":"THREE_ENEMY_KILL","is_prod":false,"is_daily":false,"chose_seed":false,"campfire_upgraded":5,"win_rate":0,"timestamp":1555221100,"path_taken":["M","M","?","?","?","E","R","$","T","?","M","?","E","?","R","BOSS","M","M","M","$","M","R","E","M","T","?","M","?","E","M","R","BOSS","M","M","$","?","M","E","?","R","T","R","M","E","R","M","R","BOSS"],"build_version":"2019-01-23","purchased_purges":0,"victory":true,"max_hp_per_floor":[70,70,70,70,70,70,70,70,77,77,77,77,77,77,77,77,77,77,77,77,77,77,77,77,77,77,77,77,77,77,77,77,77,77,77,77,77,77,77,77,77,77,77,77,77,77,77,77,77,77],"card_choices":[{"not_picked":["Well Laid Plans","Acrobatics"],"picked":"Infinite Blades","floor":1},{"not_picked":["Dodge and Roll","Blade Dance"],"picked":"Calculated Gamble","floor":2},{"not_picked":["Dagger Spray","Slice"],"picked":"Leg Sweep","floor":4},{"not_picked":["Flying Knee","Deadly Poison"],"picked":"All Out Attack","floor":6},{"not_picked":["Slice","Outmaneuver"],"picked":"Blade Dance","floor":11},{"not_picked":["Calculated Gamble","Quick Slash"],"picked":"Backflip","floor":13},{"not_picked":["Slice","Backflip"],"picked":"Crippling Poison","floor":14},{"not_picked":["Venomology","Glass Knife"],"picked":"Die Die Die","floor":16},{"not_picked":["Outmaneuver","Expertise"],"picked":"Well Laid Plans","floor":18},{"not_picked":["Deadly Poison","Deflect"],"picked":"Accuracy+1","floor":19},{"not_picked":["All Out Attack","Flying Knee"],"picked":"PiercingWail+1","floor":20},{"not_picked":["Eviscerate","Skewer"],"picked":"Dagger Throw+1","floor":22},{"not_picked":["Bane+1","Sucker Punch"],"picked":"Blur","floor":24},{"not_picked":["Quick Slash","PiercingWail"],"picked":"Dagger Spray+1","floor":25},{"not_picked":["All Out Attack","Calculated Gamble+1"],"picked":"Reflex","floor":28},{"not_picked":["Deflect","Wraith Form v2"],"picked":"Malaise","floor":30},{"not_picked":["Acrobatics","Poisoned Stab"],"picked":"Footwork","floor":31},{"not_picked":["Die Die Die","Burst"],"picked":"Envenom","floor":33},{"not_picked":["Underhanded Strike+1","Dagger Spray+1"],"picked":"Blade Dance+1","floor":35},{"not_picked":["Underhanded Strike","Doppelganger"],"picked":"Footwork+1","floor":36},{"not_picked":["Deep Breath","Blind"],"picked":"Dramatic Entrance","floor":38},{"not_picked":["Swift Strike","Madness"],"picked":"Dramatic Entrance","floor":38},{"not_picked":["Flying Knee+1","Outmaneuver"],"picked":"Acrobatics+1","floor":39},{"not_picked":["Flechettes+1","Slice"],"picked":"Choke","floor":40},{"not_picked":["Predator+1","Dagger Throw"],"picked":"Catalyst+1","floor":45},{"not_picked":["Expertise+1","Endless Agony+1"],"picked":"Noxious Fumes+1","floor":46},{"not_picked":["Acrobatics","All Out Attack+1"],"picked":"Dagger Spray","floor":48}],"player_experience":1348023,"relics_obtained":[{"floor":6,"key":"Du-Vu Doll"},{"floor":9,"key":"Strawberry"},{"floor":13,"key":"Boot"},{"floor":24,"key":"Bag of Preparation"},{"floor":26,"key":"Mercury Hourglass"},{"floor":30,"key":"Vajra"},{"floor":40,"key":"Letter Opener"},{"floor":43,"key":"Orichalcum"},{"floor":46,"key":"Whetstone"}],"event_choices":[{"damage_healed":0,"gold_gain":0,"player_choice":"2 cards matched","damage_taken":0,"max_hp_gain":0,"max_hp_loss":0,"event_name":"Match and Keep!","floor":3,"gold_loss":0,"cards_obtained":["Neutralize","Finesse"]},{"damage_healed":0,"gold_gain":0,"player_choice":"Success","damage_taken":7,"relics_obtained":["PreservedInsect"],"max_hp_gain":0,"max_hp_loss":0,"event_name":"Scrap Ooze","floor":5,"gold_loss":0},{"damage_healed":0,"gold_gain":65,"player_choice":"Gained Gold","damage_taken":0,"max_hp_gain":0,"max_hp_loss":0,"event_name":"Golden Wing","floor":10,"gold_loss":0},{"damage_healed":0,"gold_gain":0,"player_choice":"Ignored","damage_taken":0,"max_hp_gain":0,"max_hp_loss":0,"event_name":"Beggar","floor":27,"gold_loss":0},{"damage_healed":0,"gold_gain":0,"player_choice":"Smashed Altar","damage_taken":0,"max_hp_gain":0,"max_hp_loss":0,"event_name":"Forgotten Altar","floor":29,"gold_loss":0,"cards_obtained":["Decay"]},{"damage_healed":0,"gold_gain":0,"player_choice":"Memory 2","damage_taken":5,"max_hp_gain":0,"max_hp_loss":0,"event_name":"SensoryStone","floor":38,"gold_loss":0},{"damage_healed":0,"gold_gain":0,"player_choice":"Paid","damage_taken":0,"relics_obtained":["Red Mask"],"max_hp_gain":0,"max_hp_loss":0,"event_name":"Tomb of Lord Red Mask","floor":41,"gold_loss":45}],"is_beta":false,"boss_relics":[{"not_picked":["Pandora\u0027s Box","Black Star"],"picked":"Cursed Key"},{"not_picked":["Coffee Dripper","Sozu"],"picked":"Philosopher\u0027s Stone"}],"items_purged_floors":[],"is_endless":false,"potions_floor_spawned":[1,4,6,13,14,18,19,28,31,33,39,46,48],"ascension_level":6}