{"gold_per_floor":[112,187,28,43,43,43,5,5,5,36,55,135,135,145,145,242,292,279,279,295,308,319,319,48,81,107,122,82,99,99,115,115,115],"floor_reached":33,"playtime":1617,"items_purged":[],"score":347,"play_id":"d6449005-c3e9-40e6-825b-faec4eb76d45","local_time":"20190122143219","is_ascension_mode":true,"campfire_choices":[{"data":"Sunder","floor":6,"key":"SMITH"},{"data":"Storm","floor":13,"key":"SMITH"},{"floor":15,"key":"REST"},{"data":"Biased Cognition","floor":23,"key":"SMITH"},{"floor":32,"key":"REST"}],"neow_cost":"NONE","seed_source_timestamp":1109801009934907,"circlet_count":0,"master_deck":["Strike_B","Strike_B","Strike_B+1","Defend_B","Defend_B","Defend_B+1","Defend_B","Zap+1","Dualcast","Gash","Sunder+1","Self Repair","Conserve Battery+1","Capacitor","Force Field+1","Storm+1","Consume","Gash","Biased Cognition+1","Rebound","Steam","Defragment","Hologram","Ball Lightning","Capacitor+1","Self Repair+1","Storm+1","Reboot","Go for the Eyes","Melter","Gash+1"],"relics":["Cracked Core","Letter Opener","Boot","Tiny House","DollysMirror","Bottled Tornado","Smiling Mask"],"potions_floor_usage":[16,16,18,20,22,29,31],"damage_taken":[{"damage":3,"enemies":"Jaw Worm","floor":1,"turns":4},{"damage":0,"enemies":"2 Louse","floor":4,"turns":2},{"damage":25,"enemies":"Lagavulin","floor":10,"turns":7},{"damage":0,"enemies":"Small Slimes","floor":11,"turns":3},{"damage":4,"enemies":"Red Slaver","floor":14,"turns":2},{"damage":28,"enemies":"Slime Boss","floor":16,"turns":8},{"damage":31,"enemies":"2 Thieves","floor":18,"turns":4},{"damage":5,"enemies":"3 Byrds","floor":20,"turns":3},{"damage":30,"enemies":"Centurion and Healer","floor":21,"turns":5},{"damage":10,"enemies":"3 Cultists","floor":22,"turns":4},{"damage":41,"enemies":"Book of Stabbing","floor":25,"turns":5},{"damage":0,"enemies":"Snake Plant","floor":27,"turns":2},{"damage":12,"enemies":"Chosen and Byrds","floor":29,"turns":3},{"damage":0,"enemies":"Snecko","floor":31,"turns":2},{"damage":74,"enemies":"Automaton","floor":33,"turns":6}],"seed_played":"344110707182823431","potions_obtained":[{"floor":10,"key":"Ancient Potion"},{"floor":14,"key":"Poison Potion"},{"floor":17,"key":"Regen Potion"},{"floor":18,"key":"Explosive Potion"},{"floor":20,"key":"Poison Potion"},{"floor":21,"key":"Strength Potion"},{"floor":29,"key":"AttackPotion"}],"is_trial":false,"path_per_floor":["M","?","$","M","?","R","$","?","T","E","M","?","R","M","R","B",null,"M","?","M","M","M","R","$","E","T","M","?","M","?","M","R","B"],"character_chosen":"DEFECT","items_purchased":["Sunder","Self Repair","Conserve Battery","Force Field","Self Repair","DollysMirror"],"campfire_rested":2,"item_purchase_floors":[3,3,3,7,24,24],"current_hp_per_floor":[72,61,61,68,52,52,52,52,52,34,41,41,41,44,68,47,78,68,68,70,47,44,44,44,17,17,24,24,22,22,32,58,0],"gold":115,"neow_bonus":"TEN_PERCENT_HP_BONUS","is_prod":false,"is_daily":false,"chose_seed":false,"campfire_upgraded":3,"win_rate":0,"timestamp":1548196339,"path_taken":["M","?","$","M","?","R","$","?","T","E","M","?","R","?","R","BOSS","M","?","M","M","M","R","$","E","T","M","?","?","?","?","R","BOSS"],"build_version":"2019-01-17v2","purchased_purges":0,"victory":false,"max_hp_per_floor":[82,82,82,82,82,82,82,82,82,82,82,82,82,82,82,82,87,87,87,87,87,87,87,87,87,87,87,87,87,87,87,87,87],"card_choices":[{"not_picked":["Hello World","Streamline"],"picked":"Gash","floor":1},{"not_picked":["Coolheaded","Leap"],"picked":"Capacitor","floor":4},{"not_picked":["Streamline","Steam Power"],"picked":"Storm","floor":10},{"not_picked":["Skim","Sunder"],"picked":"Consume","floor":11},{"not_picked":["White Noise","Cold Snap"],"picked":"Gash","floor":14},{"not_picked":["Seek","All For One"],"picked":"Biased Cognition","floor":16},{"not_picked":["Reinforced Body","Reprogram"],"picked":"Rebound","floor":17},{"not_picked":["Redo","Steam Power"],"picked":"Steam","floor":18},{"not_picked":["Skim","Glacier"],"picked":"Hologram","floor":20},{"not_picked":["Genetic Algorithm","Cold Snap+1"],"picked":"Ball Lightning","floor":21},{"not_picked":["Coolheaded","Barrage"],"picked":"Capacitor+1","floor":22},{"not_picked":["Hyperbeam","Steam"],"picked":"Reboot","floor":25},{"not_picked":["Compile Driver","Steam+1"],"picked":"Go for the Eyes","floor":27},{"not_picked":["Conserve Battery","Reinforced Body"],"picked":"Melter","floor":29},{"not_picked":["Compile Driver","Go for the Eyes"],"picked":"Gash+1","floor":31}],"player_experience":603382,"relics_obtained":[{"floor":9,"key":"Letter Opener"},{"floor":10,"key":"Boot"},{"floor":25,"key":"Bottled Tornado"},{"floor":26,"key":"Smiling Mask"}],"event_choices":[{"damage_healed":0,"gold_gain":75,"player_choice":"Gather Gold","damage_taken":11,"max_hp_gain":0,"max_hp_loss":0,"event_name":"World of Goop","floor":2,"gold_loss":0},{"damage_healed":0,"gold_gain":0,"player_choice":"Entered Light","damage_taken":16,"max_hp_gain":0,"max_hp_loss":0,"event_name":"Shining Light","floor":5,"gold_loss":0,"cards_upgraded":["Strike_B","Defend_B"]},{"damage_healed":0,"gold_gain":0,"player_choice":"Grow","damage_taken":0,"max_hp_gain":0,"max_hp_loss":0,"event_name":"Living Wall","floor":8,"gold_loss":0,"cards_upgraded":["Conserve Battery"]},{"damage_healed":0,"gold_gain":80,"player_choice":"Gained Gold","damage_taken":0,"max_hp_gain":0,"max_hp_loss":0,"event_name":"Golden Wing","floor":12,"gold_loss":0},{"damage_healed":0,"gold_gain":0,"player_choice":"Read","damage_taken":0,"max_hp_gain":0,"max_hp_loss":0,"event_name":"The Library","floor":19,"gold_loss":0,"cards_obtained":["Defragment"]},{"damage_healed":0,"gold_gain":0,"player_choice":"Upgraded Two","damage_taken":0,"max_hp_gain":0,"max_hp_loss":0,"event_name":"Designer","floor":28,"gold_loss":40,"cards_upgraded":["Zap","Self Repair"]},{"cards_removed":["Strike_B"],"damage_healed":0,"gold_gain":0,"player_choice":"Purged","damage_taken":0,"max_hp_gain":0,"max_hp_loss":0,"event_name":"Purifier","floor":30,"gold_loss":0}],"is_beta":false,"boss_relics":[{"not_picked":["Empty Cage","Inserter"],"picked":"Tiny House"}],"items_purged_floors":[],"is_endless":false,"potions_floor_spawned":[10,14,18,20,21,29],"killed_by":"Automaton","ascension_level":6}