{"gold_per_floor":[20,31,46,46,56,89,89,104,188,204,34,34,63,238,238,341,341,358,376,49,49],"floor_reached":21,"playtime":937,"items_purged":[],"score":297,"play_id":"3872b796-456f-4cc9-9275-00999b5b48a8","local_time":"20190324223241","is_ascension_mode":true,"campfire_choices":[{"floor":7,"key":"REST"},{"floor":12,"key":"REST"},{"data":"Recycle","floor":15,"key":"SMITH"}],"neow_cost":"NO_GOLD","seed_source_timestamp":379314203818800,"circlet_count":0,"master_deck":["AscendersBane","Strike_B","Strike_B","Strike_B","Strike_B","Defend_B","Defend_B","Defend_B","Defend_B","Zap","Dualcast","Recycle+1","Ball Lightning","Coolheaded","Chaos","Hologram","Doom and Gloom","Steam","Electrodynamics","Hologram","Self Repair","Enlightenment","Turbo","Doubt","Core Surge","Double Energy","Ball Lightning+1","Apotheosis","Creative AI"],"relics":["Cracked Core","Prayer Wheel","Tiny Chest","Odd Mushroom","Black Star"],"potions_floor_usage":[4,5,6,16,16,16,18,19],"damage_taken":[{"damage":0,"enemies":"Small Slimes","floor":1,"turns":3},{"damage":0,"enemies":"Cultist","floor":2,"turns":3},{"damage":9,"enemies":"2 Louse","floor":3,"turns":3},{"damage":11,"enemies":"Large Slime","floor":5,"turns":3},{"damage":19,"enemies":"Lagavulin","floor":6,"turns":7},{"damage":13,"enemies":"Looter","floor":8,"turns":3},{"damage":9,"enemies":"3 Louse","floor":10,"turns":4},{"damage":1,"enemies":"The Mushroom Lair","floor":13,"turns":2},{"damage":58,"enemies":"The Guardian","floor":16,"turns":15},{"damage":0,"enemies":"Spheric Guardian","floor":18,"turns":1},{"damage":35,"enemies":"3 Byrds","floor":19,"turns":4},{"damage":54,"enemies":"Snake Plant","floor":21,"turns":4}],"seed_played":"1737233728069888333","potions_obtained":[{"floor":1,"key":"Swift Potion"},{"floor":4,"key":"Fruit Juice"},{"floor":4,"key":"Fire Potion"},{"floor":4,"key":"Fire Potion"},{"floor":6,"key":"FearPotion"},{"floor":10,"key":"Regen Potion"},{"floor":16,"key":"AttackPotion"},{"floor":18,"key":"Fire Potion"}],"is_trial":false,"path_per_floor":["M","M","M","?","M","E","R","M","T","M","$","R","?","?","R","B",null,"M","M","$","M"],"character_chosen":"DEFECT","items_purchased":["Self Repair","Enlightenment","Apotheosis","Creative AI"],"campfire_rested":2,"item_purchase_floors":[11,11,20,20],"current_hp_per_floor":[82,82,73,78,67,48,76,63,63,54,54,82,88,88,88,52,84,84,49,49,0],"gold":49,"neow_bonus":"TWENTY_PERCENT_HP_BONUS","is_prod":false,"is_daily":false,"chose_seed":false,"campfire_upgraded":1,"win_rate":0,"timestamp":1553463161,"path_taken":["M","M","M","?","?","E","R","M","T","M","$","R","?","?","R","BOSS","M","M","$","M"],"build_version":"2019-01-23","purchased_purges":0,"victory":false,"max_hp_per_floor":[89,89,89,94,94,94,94,94,94,94,94,94,94,94,94,94,94,94,94,94,94],"card_choices":[{"not_picked":["Glacier","Doom and Gloom"],"picked":"Recycle","floor":1},{"not_picked":["Sweeping Beam","Consume"],"picked":"Ball Lightning","floor":2},{"not_picked":["Rip and Tear","Gash"],"picked":"Coolheaded","floor":3},{"not_picked":["Steam","Recycle"],"picked":"Chaos","floor":5},{"not_picked":["Leap","Barrage"],"picked":"Hologram","floor":6},{"not_picked":["Go for the Eyes","Streamline"],"picked":"Doom and Gloom","floor":8},{"not_picked":["Leap","Go for the Eyes"],"picked":"Steam","floor":8},{"not_picked":["Double Energy","Rebound"],"picked":"Electrodynamics","floor":10},{"not_picked":["Aggregate","Compile Driver"],"picked":"Hologram","floor":10},{"not_picked":["Streamline","Sweeping Beam"],"picked":"Turbo","floor":13},{"not_picked":["Thunder Strike","Meteor Strike"],"picked":"Core Surge","floor":16},{"not_picked":["Turbo+1","Stack"],"picked":"Double Energy","floor":18},{"not_picked":["Beam Cell","Turbo+1","Stack"],"picked":"SKIP","floor":18},{"not_picked":["Beam Cell","Glacier"],"picked":"Ball Lightning+1","floor":19},{"not_picked":["Turbo","Barrage","Sweeping Beam"],"picked":"SKIP","floor":19}],"player_experience":1571252,"relics_obtained":[{"floor":6,"key":"Prayer Wheel"},{"floor":9,"key":"Tiny Chest"},{"floor":13,"key":"Odd Mushroom"}],"event_choices":[{"damage_healed":0,"gold_gain":0,"player_choice":"Got Potions","damage_taken":0,"max_hp_gain":0,"max_hp_loss":0,"event_name":"Lab","floor":4,"gold_loss":0},{"damage_healed":0,"gold_gain":0,"player_choice":"Fought Mushrooms","damage_taken":0,"max_hp_gain":0,"max_hp_loss":0,"event_name":"Mushrooms","floor":13,"gold_loss":0},{"damage_healed":0,"gold_gain":175,"player_choice":"AGREE","damage_taken":0,"max_hp_gain":0,"max_hp_loss":0,"event_name":"Liars Game","floor":14,"gold_loss":0,"cards_obtained":["Doubt"]}],"is_beta":false,"boss_relics":[{"not_picked":["Sozu","Philosopher\u0027s Stone"],"picked":"Black Star"}],"items_purged_floors":[],"is_endless":false,"potions_floor_spawned":[1,6,10,16,18],"killed_by":"Snake Plant","ascension_level":10}