{"gold_per_floor":[111,286,286,286,306,341,341,376,403,403,418,418,112,126,126,205,205,191,106,106,31,0,0,11,11],"floor_reached":25,"playtime":735,"items_purged":[],"score":367,"play_id":"cadc9ec0-71b5-40be-b8cb-2da79e3d3797","local_time":"20190510223420","is_ascension_mode":true,"campfire_choices":[{"floor":7,"key":"REST"},{"floor":10,"key":"REST"},{"floor":12,"key":"REST"},{"data":"Loop","floor":15,"key":"SMITH"},{"floor":23,"key":"REST"}],"neow_cost":"NONE","seed_source_timestamp":272162759772900,"circlet_count":0,"master_deck":["AscendersBane","Strike_B","Strike_B+1","Strike_B+1","Defend_B","Defend_B","Defend_B","Defend_B","Zap","Dualcast","Panacea","Chill","Ball Lightning","Turbo","Storm","Loop+1","Buffer","Conserve Battery+1","Loop","Chill+1"],"relics":["FrozenCore","Strawberry","Mango","Whetstone","PreservedInsect","Symbiotic Virus","Vajra"],"potions_floor_usage":[8,8,14,16,25],"damage_taken":[{"damage":10,"enemies":"Small Slimes","floor":1,"turns":3},{"damage":6,"enemies":"2 Louse","floor":5,"turns":3},{"damage":24,"enemies":"3 Sentries","floor":6,"turns":8},{"damage":36,"enemies":"Lagavulin","floor":8,"turns":6},{"damage":0,"enemies":"Cultist","floor":11,"turns":3},{"damage":0,"enemies":"Gremlin Gang","floor":14,"turns":3},{"damage":80,"enemies":"Hexaghost","floor":16,"turns":10},{"damage":31,"enemies":"2 Thieves","floor":18,"turns":4},{"damage":51,"enemies":"3 Byrds","floor":24,"turns":5},{"damage":23,"enemies":"Snake Plant","floor":25,"turns":4}],"seed_played":"-8722240889427431781","potions_obtained":[{"floor":5,"key":"Energy Potion"},{"floor":6,"key":"EntropicBrew"},{"floor":24,"key":"Dexterity Potion"}],"is_trial":false,"path_per_floor":["M","?","?","?","M","E","R","E","T","R","M","R","$","M","R","B",null,"M","?","?","$","?","R","M","M"],"character_chosen":"DEFECT","items_purchased":["Symbiotic Virus","Loop","Loop"],"campfire_rested":4,"item_purchase_floors":[13,13,21],"current_hp_per_floor":[58,58,62,62,56,46,74,38,38,66,66,94,94,94,94,14,76,45,45,45,45,45,73,22,0],"gold":11,"neow_bonus":"RANDOM_COLORLESS","is_prod":false,"is_daily":false,"chose_seed":false,"campfire_upgraded":1,"win_rate":0,"timestamp":1557520460,"path_taken":["M","?","?","?","M","E","R","E","T","R","?","R","$","?","R","BOSS","M","?","?","$","?","R","M","M"],"build_version":"2019-01-23","purchased_purges":0,"victory":false,"max_hp_per_floor":[75,75,82,82,82,96,96,96,96,96,96,96,96,96,96,96,96,96,96,96,96,96,96,96,96],"card_choices":[{"not_picked":["Redo","Steam Power"],"picked":"Chill","floor":1},{"not_picked":["Sweeping Beam","Streamline"],"picked":"Ball Lightning","floor":5},{"not_picked":["Cold Snap","Beam Cell"],"picked":"Turbo","floor":6},{"not_picked":["Rip and Tear","Sweeping Beam"],"picked":"Storm","floor":8},{"not_picked":["Leap","Sweeping Beam","Beam Cell"],"picked":"SKIP","floor":11},{"not_picked":["Compile Driver","Go for the Eyes","Aggregate"],"picked":"SKIP","floor":14},{"not_picked":["Multi-Cast","Machine Learning"],"picked":"Buffer","floor":16},{"not_picked":["Turbo","FTL"],"picked":"Conserve Battery+1","floor":18},{"not_picked":["Streamline","Hologram"],"picked":"Chill+1","floor":24}],"player_experience":1839362,"relics_obtained":[{"floor":6,"key":"Mango"},{"floor":8,"key":"Whetstone"},{"floor":9,"key":"PreservedInsect"}],"event_choices":[{"damage_healed":0,"gold_gain":175,"player_choice":"AGREE","damage_taken":0,"max_hp_gain":0,"max_hp_loss":0,"event_name":"Liars Game","floor":2,"gold_loss":0,"cards_obtained":["Doubt"]},{"damage_healed":0,"gold_gain":0,"player_choice":"Success","damage_taken":3,"relics_obtained":["Strawberry"],"max_hp_gain":0,"max_hp_loss":0,"event_name":"Scrap Ooze","floor":3,"gold_loss":0},{"cards_removed":["Doubt"],"damage_healed":0,"gold_gain":0,"player_choice":"Purged","damage_taken":0,"max_hp_gain":0,"max_hp_loss":0,"event_name":"Purifier","floor":4,"gold_loss":0},{"damage_healed":0,"gold_gain":0,"player_choice":"Obtained Relic","damage_taken":0,"relics_obtained":["Vajra"],"max_hp_gain":0,"max_hp_loss":0,"event_name":"Addict","floor":19,"gold_loss":85},{"cards_removed":["Strike_B"],"damage_healed":0,"gold_gain":0,"player_choice":"Elegance","damage_taken":0,"max_hp_gain":0,"max_hp_loss":0,"event_name":"Back to Basics","floor":20,"gold_loss":0},{"damage_healed":0,"gold_gain":0,"player_choice":"Paid Fearfully","damage_taken":0,"max_hp_gain":0,"max_hp_loss":0,"event_name":"Masked Bandits","floor":22,"gold_loss":31}],"is_beta":false,"boss_relics":[{"not_picked":["Astrolabe","Sozu"],"picked":"FrozenCore"}],"items_purged_floors":[],"is_endless":false,"potions_floor_spawned":[5,6,24],"killed_by":"Snake Plant","ascension_level":13}