{"gold_per_floor":[14,89,109,126,5,5,34,34,59,59,59,76,76,97,97,217,217,237,256,58,58,58,58,83,116,194,237,4,4,20,20,20,139,139,164,164,74,88,57,1056,1056,956,983,995,1028,1056,1068],"floor_reached":47,"playtime":2928,"items_purged":["Defend_R","Pain","Normality"],"score":695,"play_id":"9af9a4ab-b7af-43b8-917d-7756b91bc20f","local_time":"20190107232003","is_ascension_mode":true,"campfire_choices":[{"data":"Armaments","floor":6,"key":"SMITH"},{"data":"Flex","floor":11,"key":"SMITH"},{"data":"Bash","floor":15,"key":"SMITH"},{"data":"Double Tap","floor":23,"key":"SMITH"},{"floor":32,"key":"REST"},{"floor":41,"key":"REST"}],"neow_cost":"NO_GOLD","seed_source_timestamp":359652679534200,"circlet_count":0,"master_deck":["Strike_R+1","Strike_R","Strike_R+1","Defend_R","Defend_R","Defend_R","Bash+1","Pommel Strike","Flame Barrier","Armaments+1","Flex+1","Headbutt","Double Tap+1","Injury","Bludgeon+1","Thunderclap+1","True Grit","Dropkick+1","Metamorphosis","Barricade","Shockwave+1","Trip","Inflame","Normality","Entrench"],"relics":["Burning Blood","Regal Pillow","Anchor","Bronze Scales","WarpedTongs","Golden Idol","Velvet Choker","Lee\u0027s Waffle","Ginger","Whetstone","The Courier","Vajra","Lizard Tail","MawBank"],"potions_floor_usage":[16,25,27,27,33,46,46,46,47],"damage_taken":[{"damage":8,"enemies":"Jaw Worm","floor":1,"turns":5},{"damage":4,"enemies":"Small Slimes","floor":3,"turns":4},{"damage":9,"enemies":"2 Louse","floor":4,"turns":3},{"damage":19,"enemies":"3 Sentries","floor":7,"turns":11},{"damage":9,"enemies":"Red Slaver","floor":12,"turns":3},{"damage":2,"enemies":"Looter","floor":14,"turns":2},{"damage":40,"enemies":"Hexaghost","floor":16,"turns":9},{"damage":1,"enemies":"2 Thieves","floor":18,"turns":2},{"damage":19,"enemies":"Shell Parasite","floor":19,"turns":3},{"damage":40,"enemies":"Centurion and Healer","floor":24,"turns":6},{"damage":25,"enemies":"Gremlin Leader","floor":25,"turns":4},{"damage":35,"enemies":"Book of Stabbing","floor":27,"turns":5},{"damage":11,"enemies":"Snecko","floor":30,"turns":4},{"damage":52,"enemies":"Collector","floor":33,"turns":8},{"damage":16,"enemies":"Orb Walker","floor":35,"turns":4},{"damage":36,"enemies":"3 Darklings","floor":38,"turns":5},{"damage":47,"enemies":"4 Shapes","floor":45,"turns":4},{"damage":38,"enemies":"Writhing Mass","floor":46,"turns":4},{"damage":88,"enemies":"Nemesis","floor":47,"turns":6}],"seed_played":"7500974732159661081","potions_obtained":[{"floor":3,"key":"EssenceOfSteel"},{"floor":7,"key":"SkillPotion"},{"floor":12,"key":"Regen Potion"},{"floor":19,"key":"LiquidBronze"},{"floor":30,"key":"Regen Potion"},{"floor":33,"key":"BloodPotion"},{"floor":35,"key":"Energy Potion"},{"floor":45,"key":"Poison Potion"},{"floor":46,"key":"BloodPotion"}],"is_trial":false,"path_per_floor":["M","?","M","M","$","R","E","?","T","?","R","M","?","M","R","B",null,"M","M","$","?","?","R","M","E","T","E","$","?","M","?","R","B",null,"M","?","?","M","$","?","R","$","T","?","M","M","E"],"character_chosen":"IRONCLAD","items_purchased":["Flex","Lee\u0027s Waffle","Metamorphosis","Inflame"],"campfire_rested":2,"item_purchase_floors":[5,20,28,39],"current_hp_per_floor":[70,59,61,58,58,58,45,45,45,45,45,42,42,46,46,12,63,68,55,87,87,87,87,53,34,34,10,10,39,34,34,75,44,76,66,66,66,36,36,36,77,77,77,77,36,12,0],"gold":1068,"neow_bonus":"REMOVE_TWO","is_prod":false,"is_daily":false,"chose_seed":false,"campfire_upgraded":4,"win_rate":0,"timestamp":1546899603,"path_taken":["M","?","M","M","$","R","E","?","T","?","R","?","?","M","R","BOSS","M","M","$","?","?","R","?","E","T","E","$","?","M","?","R","BOSS","M","?","?","?","?","?","R","$","T","?","M","M","E"],"build_version":"2019-01-03v4","purchased_purges":3,"victory":false,"max_hp_per_floor":[80,80,80,80,80,80,80,80,80,80,80,80,80,80,80,80,80,80,80,87,87,87,87,87,87,87,87,87,87,87,87,87,87,87,87,87,87,87,87,87,87,87,87,87,87,87,87],"card_choices":[{"not_picked":["Anger","Carnage"],"picked":"Pommel Strike","floor":1},{"not_picked":["Body Slam","Shrug It Off"],"picked":"Flame Barrier","floor":3},{"not_picked":["Rupture","Feel No Pain"],"picked":"Armaments","floor":4},{"not_picked":["Warcry","Searing Blow"],"picked":"Headbutt","floor":7},{"not_picked":["Evolve","Clash"],"picked":"Double Tap","floor":12},{"not_picked":["Corruption","Anger","Burning Pact"],"picked":"SKIP","floor":14},{"not_picked":["Fiend Fire","Brutality"],"picked":"Bludgeon","floor":16},{"not_picked":["Battle Trance","Shockwave","Blood for Blood+1"],"picked":"SKIP","floor":18},{"not_picked":["Wild Strike","Shrug It Off+1"],"picked":"Thunderclap+1","floor":19},{"not_picked":["Sentinel","Combust"],"picked":"True Grit","floor":24},{"not_picked":["Fiend Fire","Searing Blow","Shrug It Off"],"picked":"SKIP","floor":25},{"not_picked":["Body Slam","Wild Strike+1"],"picked":"Dropkick+1","floor":27},{"not_picked":["Perfected Strike+1","Rupture+1","Flex"],"picked":"SKIP","floor":30},{"not_picked":["Offering","Exhume"],"picked":"Barricade","floor":33},{"not_picked":["Wild Strike+1","Blood for Blood"],"picked":"Shockwave+1","floor":35},{"not_picked":["Panacea","Dramatic Entrance"],"picked":"Trip","floor":36},{"not_picked":["Havoc+1","Pommel Strike","Anger"],"picked":"SKIP","floor":38},{"not_picked":["Havoc+1","Perfected Strike+1"],"picked":"Entrench","floor":45},{"not_picked":["Twin Strike+1","Warcry","Iron Wave"],"picked":"SKIP","floor":46}],"player_experience":15031,"relics_obtained":[{"floor":7,"key":"Regal Pillow"},{"floor":9,"key":"Bronze Scales"},{"floor":25,"key":"Whetstone"},{"floor":26,"key":"The Courier"},{"floor":27,"key":"Vajra"},{"floor":43,"key":"MawBank"}],"event_choices":[{"damage_healed":0,"gold_gain":75,"player_choice":"Gather Gold","damage_taken":11,"max_hp_gain":0,"max_hp_loss":0,"event_name":"World of Goop","floor":2,"gold_loss":0},{"damage_healed":0,"gold_gain":0,"player_choice":"Box","damage_taken":0,"relics_obtained":["Anchor"],"max_hp_gain":0,"max_hp_loss":0,"event_name":"Big Fish","floor":8,"gold_loss":0,"cards_obtained":["Regret"]},{"damage_healed":0,"gold_gain":0,"player_choice":"Rummage","damage_taken":0,"relics_obtained":["WarpedTongs"],"max_hp_gain":0,"max_hp_loss":0,"event_name":"Accursed Blacksmith","floor":10,"gold_loss":0,"cards_obtained":["Pain"]},{"damage_healed":0,"gold_gain":0,"player_choice":"Take Wound","damage_taken":0,"relics_obtained":["Golden Idol"],"max_hp_gain":0,"max_hp_loss":0,"event_name":"Golden Idol","floor":13,"gold_loss":0,"cards_obtained":["Injury"]},{"damage_healed":0,"gold_gain":0,"player_choice":"Stole Relic","damage_taken":0,"relics_obtained":["Ginger"],"max_hp_gain":0,"max_hp_loss":0,"event_name":"Addict","floor":21,"gold_loss":0,"cards_obtained":["Shame"]},{"cards_removed":["Regret"],"damage_healed":0,"gold_gain":0,"player_choice":"Purged","damage_taken":0,"max_hp_gain":0,"max_hp_loss":0,"event_name":"Purifier","floor":22,"gold_loss":0},{"damage_healed":29,"gold_gain":0,"player_choice":"Heal","damage_taken":0,"max_hp_gain":0,"max_hp_loss":0,"event_name":"The Library","floor":29,"gold_loss":0},{"damage_healed":0,"gold_gain":0,"player_choice":"Ignored","damage_taken":0,"max_hp_gain":0,"max_hp_loss":0,"event_name":"Vampires","floor":31,"gold_loss":0},{"damage_healed":0,"gold_gain":0,"player_choice":"Memory 1","damage_taken":0,"max_hp_gain":0,"max_hp_loss":0,"event_name":"SensoryStone","floor":36,"gold_loss":0},{"cards_removed":["Shame"],"damage_healed":0,"gold_gain":0,"player_choice":"Upgrade and Remove","damage_taken":0,"max_hp_gain":0,"max_hp_loss":0,"event_name":"Designer","floor":37,"gold_loss":90,"cards_upgraded":["Strike_R"]},{"damage_healed":0,"gold_gain":999,"player_choice":"Gold","damage_taken":0,"max_hp_gain":0,"max_hp_loss":0,"event_name":"MindBloom","floor":40,"gold_loss":0,"cards_obtained":["Normality","Normality"]},{"damage_healed":0,"gold_gain":0,"player_choice":"Ignored","damage_taken":0,"max_hp_gain":0,"max_hp_loss":0,"event_name":"Mysterious Sphere","floor":44,"gold_loss":0}],"is_beta":false,"boss_relics":[{"not_picked":["White Beast Statue","Snecko Eye"],"picked":"Velvet Choker"},{"not_picked":["Eternal Feather","Tiny House"],"picked":"Lizard Tail"}],"items_purged_floors":[5,28,42],"is_endless":false,"potions_floor_spawned":[3,7,12,14,19,24,30,33,35,45,46],"killed_by":"Nemesis","ascension_level":8}