{"gold_per_floor":[219,233,250,30,40,40,72,84,114,114,114,114,148,162,162,162],"floor_reached":16,"playtime":795,"items_purged":[],"score":224,"play_id":"4106f8cb-45ba-4f92-8291-bf769166e430","local_time":"20190504042000","is_ascension_mode":true,"campfire_choices":[{"data":"Armaments","floor":6,"key":"SMITH"},{"data":"Spot Weakness","floor":10,"key":"SMITH"},{"floor":12,"key":"REST"},{"data":"Bash","floor":15,"key":"SMITH"}],"neow_cost":"NONE","seed_source_timestamp":599596894448402,"circlet_count":0,"master_deck":["AscendersBane","Strike_R","Strike_R","Strike_R","Strike_R","Strike_R","Defend_R","Defend_R","Defend_R","Defend_R","Bash+1","Iron Wave","Inflame","Spot Weakness+1","Armaments+1","Shrug It Off","Burning Pact","Barricade","Corruption"],"relics":["Burning Blood","Membership Card","Darkstone Periapt","Tiny Chest","Paper Frog","Oddly Smooth Stone"],"potions_floor_usage":[7,14],"damage_taken":[{"damage":1,"enemies":"Cultist","floor":1,"turns":3},{"damage":9,"enemies":"Jaw Worm","floor":2,"turns":5},{"damage":0,"enemies":"2 Louse","floor":3,"turns":2},{"damage":33,"enemies":"Exordium Wildlife","floor":5,"turns":7},{"damage":25,"enemies":"3 Sentries","floor":7,"turns":7},{"damage":12,"enemies":"2 Fungi Beasts","floor":8,"turns":4},{"damage":15,"enemies":"Lagavulin","floor":13,"turns":8},{"damage":8,"enemies":"3 Louse","floor":14,"turns":4},{"damage":46,"enemies":"Slime Boss","floor":16,"turns":8}],"seed_played":"7524373283726651021","potions_obtained":[{"floor":1,"key":"Explosive Potion"},{"floor":13,"key":"SkillPotion"}],"is_trial":false,"path_per_floor":["M","M","M","$","M","R","E","M","T","R","T","R","E","M","R","B"],"character_chosen":"IRONCLAD","items_purchased":["Membership Card"],"campfire_rested":1,"item_purchase_floors":[4],"current_hp_per_floor":[73,70,75,75,48,48,29,23,23,23,23,45,36,34,34,0],"gold":162,"neow_bonus":"HUNDRED_GOLD","is_prod":false,"is_daily":false,"chose_seed":false,"campfire_upgraded":3,"win_rate":0,"timestamp":1556958000,"path_taken":["M","M","M","$","M","R","E","M","T","R","?","R","E","M","R","BOSS"],"build_version":"2019-01-23","purchased_purges":0,"victory":false,"max_hp_per_floor":[75,75,75,75,75,75,75,75,75,75,75,75,75,75,75,75],"card_choices":[{"not_picked":["Rupture","Heavy Blade"],"picked":"Iron Wave","floor":1},{"not_picked":["Havoc","Body Slam"],"picked":"Inflame","floor":2},{"not_picked":["Cleave","Wild Strike"],"picked":"Spot Weakness","floor":3},{"not_picked":["Wild Strike","Carnage"],"picked":"Armaments","floor":5},{"not_picked":["Clothesline","Combust"],"picked":"Shrug It Off","floor":7},{"not_picked":["Clash","Havoc"],"picked":"Burning Pact","floor":8},{"not_picked":["Whirlwind","Double Tap"],"picked":"Barricade","floor":13},{"not_picked":["Dual Wield","Intimidate"],"picked":"Corruption","floor":14}],"player_experience":838997,"relics_obtained":[{"floor":7,"key":"Darkstone Periapt"},{"floor":9,"key":"Tiny Chest"},{"floor":11,"key":"Paper Frog"},{"floor":13,"key":"Oddly Smooth Stone"}],"event_choices":[],"is_beta":false,"boss_relics":[],"items_purged_floors":[],"is_endless":false,"potions_floor_spawned":[1,13],"killed_by":"Slime Boss","ascension_level":20}