{"gold_per_floor":[113,288,288,298,13,13,13,13,13,13,0,32,48,63,63,161,161,181,169,169,94,105,105,5,5,57,68,68,68,68],"floor_reached":30,"playtime":1662,"items_purged":["Strike_G","Strike_G"],"score":271,"play_id":"cc71b080-6d2d-483e-91ca-ff4a44a27b3b","local_time":"20190202210001","is_ascension_mode":true,"campfire_choices":[{"data":"Neutralize","floor":6,"key":"SMITH"},{"floor":10,"key":"REST"},{"floor":15,"key":"REST"},{"floor":23,"key":"REST"},{"floor":25,"key":"REST"},{"floor":28,"key":"REST"}],"neow_cost":"NONE","seed_source_timestamp":1039115414542883,"circlet_count":0,"master_deck":["Defend_G","Defend_G","Defend_G","Defend_G","Defend_G+1","Strike_G","Strike_G+1","Survivor","Neutralize+1","Backflip","Sucker Punch","Bouncing Flask","Skewer","Outmaneuver","Doppelganger","Deflect","Backstab","Quick Slash","Doppelganger","Backflip","After Image","Noxious Fumes","J.A.X."],"relics":["Ring of the Snake","Ice Cream","Torii","Blue Candle","Orrery","Anchor"],"potions_floor_usage":[30,30,30],"damage_taken":[{"damage":1,"enemies":"2 Louse","floor":1,"turns":3},{"damage":0,"enemies":"Small Slimes","floor":4,"turns":6},{"damage":29,"enemies":"Gremlin Nob","floor":12,"turns":6},{"damage":0,"enemies":"Jaw Worm","floor":13,"turns":4},{"damage":0,"enemies":"Exordium Wildlife","floor":14,"turns":3},{"damage":57,"enemies":"Slime Boss","floor":16,"turns":15},{"damage":19,"enemies":"3 Byrds","floor":18,"turns":10},{"damage":7,"enemies":"2 Thieves","floor":19,"turns":4},{"damage":24,"enemies":"Sentry and Sphere","floor":22,"turns":6},{"damage":18,"enemies":"Snecko","floor":27,"turns":5},{"damage":73,"enemies":"Gremlin Leader","floor":30,"turns":4}],"seed_played":"-6134328249260764638","potions_obtained":[{"floor":12,"key":"Dexterity Potion"},{"floor":19,"key":"LiquidBronze"},{"floor":22,"key":"SteroidPotion"}],"is_trial":false,"path_per_floor":["M","?","?","M","$","R","?","$","T","R","?","E","M","M","R","B",null,"M","M","?","$","M","R","$","R","T","M","R","?","E"],"character_chosen":"THE_SILENT","items_purchased":["Ice Cream"],"campfire_rested":5,"item_purchase_floors":[5],"current_hp_per_floor":[69,69,55,55,55,55,55,55,55,70,70,41,41,41,62,5,70,51,44,44,44,20,41,41,62,62,44,65,65,0],"gold":68,"neow_bonus":"REMOVE_CARD","is_prod":false,"is_daily":false,"chose_seed":false,"campfire_upgraded":1,"win_rate":0,"timestamp":1549170001,"path_taken":["M","?","?","M","$","R","?","$","T","R","?","E","M","?","R","BOSS","M","M","?","$","M","R","$","R","T","M","R","?","E"],"build_version":"2019-01-23","purchased_purges":2,"victory":false,"max_hp_per_floor":[70,70,70,70,70,70,70,70,70,70,70,70,70,70,70,70,70,70,70,70,70,70,70,70,70,70,70,70,70,70],"card_choices":[{"not_picked":["PiercingWail","Flying Knee"],"picked":"Backflip","floor":1},{"not_picked":["Dodge and Roll","Tactician"],"picked":"Sucker Punch","floor":4},{"not_picked":["Flying Knee","Dodge and Roll"],"picked":"Bouncing Flask","floor":12},{"not_picked":["Setup","PiercingWail"],"picked":"Skewer","floor":13},{"not_picked":["Flying Knee","Dagger Throw"],"picked":"Outmaneuver","floor":14},{"not_picked":["Night Terror","Storm of Steel"],"picked":"Doppelganger","floor":16},{"not_picked":["Sucker Punch","Backstab"],"picked":"Deflect","floor":17},{"not_picked":["Underhanded Strike","Cloak And Dagger"],"picked":"Backstab","floor":17},{"not_picked":["Dagger Throw","Outmaneuver"],"picked":"Quick Slash","floor":17},{"not_picked":["Blade Dance","Tactician"],"picked":"Doppelganger","floor":17},{"not_picked":["Prepared","Flechettes"],"picked":"Backflip","floor":17},{"not_picked":["Slice","Deadly Poison"],"picked":"After Image","floor":18},{"not_picked":["Acrobatics+1","Calculated Gamble"],"picked":"Noxious Fumes","floor":19},{"not_picked":["Backflip","Dagger Throw","Quick Slash"],"picked":"SKIP","floor":22},{"not_picked":["PiercingWail","Prepared","Cloak And Dagger"],"picked":"SKIP","floor":27}],"player_experience":242569,"relics_obtained":[{"floor":9,"key":"Torii"},{"floor":12,"key":"Blue Candle"},{"floor":26,"key":"Anchor"}],"event_choices":[{"damage_healed":0,"gold_gain":175,"player_choice":"AGREE","damage_taken":0,"max_hp_gain":0,"max_hp_loss":0,"event_name":"Liars Game","floor":2,"gold_loss":0,"cards_obtained":["Doubt"]},{"damage_healed":0,"gold_gain":0,"player_choice":"Entered Light","damage_taken":14,"max_hp_gain":0,"max_hp_loss":0,"event_name":"Shining Light","floor":3,"gold_loss":0,"cards_upgraded":["Defend_G","Strike_G"]},{"cards_removed":["Doubt"],"damage_healed":0,"gold_gain":0,"player_choice":"Forget","damage_taken":0,"max_hp_gain":0,"max_hp_loss":0,"event_name":"Living Wall","floor":7,"gold_loss":0},{"damage_healed":0,"gold_gain":0,"player_choice":"Left Gold","damage_taken":0,"max_hp_gain":0,"max_hp_loss":0,"event_name":"World of Goop","floor":11,"gold_loss":13},{"damage_healed":0,"gold_gain":0,"player_choice":"Obtain J.A.X.","damage_taken":0,"max_hp_gain":0,"max_hp_loss":0,"event_name":"Drug Dealer","floor":20,"gold_loss":0,"cards_obtained":["J.A.X."]}],"is_beta":false,"boss_relics":[{"not_picked":["Snecko Eye","Black Star"],"picked":"Orrery"}],"items_purged_floors":[21,24],"is_endless":false,"potions_floor_spawned":[12,19,22,27],"killed_by":"Gremlin Leader","ascension_level":4}