{"gold_per_floor":[367,379,5,21,37,56,206,191,272,272,291,291,304,314,314,393,393,410,13,31,131,149,149,163,163,463,463,463],"floor_reached":28,"playtime":15673,"items_purged":[],"score":403,"play_id":"18aad3bc-fa3e-4918-9d92-65d5d979b63b","local_time":"20190503142927","is_ascension_mode":true,"campfire_choices":[{"floor":12,"key":"REST"},{"floor":15,"key":"REST"},{"floor":23,"key":"REST"},{"floor":27,"key":"REST"}],"neow_cost":"PERCENT_DAMAGE","seed_source_timestamp":11965195809681,"circlet_count":0,"master_deck":["AscendersBane","Defend_G","Defend_G","Defend_G","Defend_G","Defend_G","Strike_G","Strike_G","Survivor","Neutralize","Dagger Spray","Footwork","Acrobatics","Tactician","Deflect","Well Laid Plans","Doubt","PiercingWail","Bouncing Flask","Dodge and Roll","Well Laid Plans","After Image","Setup+1","Deflect+1","Night Terror+1","Footwork","Apotheosis","PiercingWail","Crippling Poison","Dagger Spray+1","Tactician"],"relics":["Ring of the Snake","Ice Cream","Ninja Scroll","Astrolabe","Snake Skull","Calipers","Dodecahedron","Old Coin"],"potions_floor_usage":[8,8,16,20,21,22],"damage_taken":[{"damage":5,"enemies":"Cultist","floor":1,"turns":5},{"damage":0,"enemies":"2 Louse","floor":2,"turns":3},{"damage":4,"enemies":"Small Slimes","floor":4,"turns":5},{"damage":14,"enemies":"3 Louse","floor":5,"turns":4},{"damage":0,"enemies":"2 Fungi Beasts","floor":6,"turns":6},{"damage":17,"enemies":"Exordium Thugs","floor":8,"turns":5},{"damage":0,"enemies":"3 Louse","floor":11,"turns":4},{"damage":3,"enemies":"Large Slime","floor":13,"turns":6},{"damage":0,"enemies":"2 Fungi Beasts","floor":14,"turns":4},{"damage":31,"enemies":"The Guardian","floor":16,"turns":18},{"damage":4,"enemies":"Chosen","floor":18,"turns":9},{"damage":0,"enemies":"Shell Parasite","floor":20,"turns":6},{"damage":2,"enemies":"Colosseum Slavers","floor":21,"turns":7},{"damage":21,"enemies":"Colosseum Nobs","floor":21,"turns":6},{"damage":19,"enemies":"Snake Plant","floor":22,"turns":7},{"damage":19,"enemies":"Snecko","floor":24,"turns":8},{"damage":37,"enemies":"3 Cultists","floor":28,"turns":5}],"seed_played":"-2648053564564750458","potions_obtained":[{"floor":2,"key":"LiquidBronze"},{"floor":5,"key":"LiquidBronze"},{"floor":10,"key":"Energy Potion"},{"floor":10,"key":"Swift Potion"},{"floor":14,"key":"SpeedPotion"},{"floor":21,"key":"Block Potion"}],"is_trial":false,"path_per_floor":["M","M","$","M","M","M","?","M","T","?","M","R","M","M","R","B",null,"M","$","M","?","M","R","M","?","T","R","M"],"character_chosen":"THE_SILENT","items_purchased":["Ice Cream","Footwork","Acrobatics","Apotheosis","Snake Skull","PowerPotion"],"campfire_rested":4,"item_purchase_floors":[3,3,3,19,19,19],"current_hp_per_floor":[39,39,39,35,21,21,21,4,4,4,4,23,20,20,39,8,52,48,48,48,25,6,25,6,6,6,25,0],"gold":463,"neow_bonus":"TWO_FIFTY_GOLD","is_prod":false,"is_daily":false,"chose_seed":false,"campfire_upgraded":0,"win_rate":0,"timestamp":1556918967,"path_taken":["M","?","$","M","M","M","?","M","T","?","M","R","?","M","R","BOSS","M","$","M","?","M","R","M","?","T","R","M"],"build_version":"2019-01-23","purchased_purges":0,"victory":false,"max_hp_per_floor":[66,66,66,66,66,66,66,66,66,66,66,66,66,66,66,66,66,66,66,66,66,66,66,66,66,66,66,66],"card_choices":[{"not_picked":["Deadly Poison","Deflect"],"picked":"Dagger Spray","floor":1},{"not_picked":["Finisher","Outmaneuver","Flying Knee"],"picked":"SKIP","floor":2},{"not_picked":["Slice","Setup"],"picked":"Tactician","floor":4},{"not_picked":["Underhanded Strike","Outmaneuver"],"picked":"Deflect","floor":5},{"not_picked":["Dodge and Roll","Backstab"],"picked":"Well Laid Plans","floor":6},{"not_picked":["Deadly Poison","Flying Knee"],"picked":"PiercingWail","floor":8},{"not_picked":["Skewer","Grand Finale"],"picked":"Bouncing Flask","floor":11},{"not_picked":["Slice","Flying Knee"],"picked":"Dodge and Roll","floor":13},{"not_picked":["Dodge and Roll","Poisoned Stab"],"picked":"Well Laid Plans","floor":14},{"not_picked":["Unload","Phantasmal Killer"],"picked":"After Image","floor":16},{"not_picked":["Deflect","Flying Knee"],"picked":"Footwork","floor":18},{"not_picked":["Outmaneuver","All Out Attack"],"picked":"PiercingWail","floor":20},{"not_picked":["Eviscerate","Blade Dance"],"picked":"Crippling Poison","floor":21},{"not_picked":["Underhanded Strike","Tools of the Trade"],"picked":"Dagger Spray+1","floor":22},{"not_picked":["Dash","Slice"],"picked":"Tactician","floor":24}],"player_experience":1582145,"relics_obtained":[{"floor":9,"key":"Ninja Scroll"},{"floor":21,"key":"Calipers"},{"floor":21,"key":"Dodecahedron"},{"floor":26,"key":"Old Coin"}],"event_choices":[{"damage_healed":0,"gold_gain":150,"player_choice":"AGREE","damage_taken":0,"max_hp_gain":0,"max_hp_loss":0,"event_name":"Liars Game","floor":7,"gold_loss":0,"cards_obtained":["Doubt"]},{"damage_healed":0,"gold_gain":0,"player_choice":"Got Potions","damage_taken":0,"max_hp_gain":0,"max_hp_loss":0,"event_name":"Lab","floor":10,"gold_loss":0},{"damage_healed":0,"gold_gain":0,"player_choice":"Fight","damage_taken":0,"max_hp_gain":0,"max_hp_loss":0,"event_name":"Colosseum","floor":21,"gold_loss":0},{"damage_healed":0,"gold_gain":0,"player_choice":"Fought Nobs","damage_taken":0,"max_hp_gain":0,"max_hp_loss":0,"event_name":"Colosseum","floor":21,"gold_loss":0},{"damage_healed":0,"gold_gain":0,"player_choice":"Ignored","damage_taken":0,"max_hp_gain":0,"max_hp_loss":0,"event_name":"Cursed Tome","floor":25,"gold_loss":0}],"is_beta":false,"boss_relics":[{"not_picked":["Runic Dome","Orrery"],"picked":"Astrolabe"}],"items_purged_floors":[],"is_endless":false,"potions_floor_spawned":[2,5,6,13,14,21,21],"killed_by":"3 Cultists","ascension_level":15}