{"gold_per_floor":[20,20,50,50,125,125,136,136,210,210],"floor_reached":10,"playtime":315,"items_purged":[],"score":78,"play_id":"70c5df68-85aa-4572-bced-41ad6de65a2d","local_time":"20190512213807","is_ascension_mode":true,"campfire_choices":[{"data":"Zap","floor":6,"key":"SMITH"},{"data":"Streamline","floor":8,"key":"SMITH"}],"neow_cost":"NO_GOLD","seed_source_timestamp":736941299426900,"circlet_count":0,"master_deck":["Strike_B","Strike_B","Defend_B","Defend_B","Defend_B","Defend_B","Zap+1","Dualcast","Seek","Heatsinks","Sweeping Beam","Streamline+1"],"relics":["Cracked Core","Tiny Chest","Matryoshka"],"potions_floor_usage":[],"damage_taken":[{"damage":9,"enemies":"Jaw Worm","floor":1,"turns":4},{"damage":3,"enemies":"2 Louse","floor":7,"turns":2},{"damage":37,"enemies":"Lagavulin","floor":10,"turns":5}],"seed_played":"-6728888405246984051","potions_obtained":[],"is_trial":false,"path_per_floor":["M","?","?","?","?","R","M","R","T","E"],"character_chosen":"DEFECT","items_purchased":[],"campfire_rested":0,"item_purchase_floors":[],"current_hp_per_floor":[59,59,41,46,35,35,32,32,32,0],"gold":210,"neow_bonus":"TRANSFORM_TWO_CARDS","is_prod":false,"is_daily":false,"chose_seed":false,"campfire_upgraded":2,"win_rate":0,"timestamp":1557722287,"path_taken":["M","?","?","?","?","R","?","R","T","E"],"build_version":"2019-01-23","purchased_purges":0,"victory":false,"max_hp_per_floor":[75,75,75,80,80,80,80,80,80,80],"card_choices":[{"not_picked":["Turbo","Force Field"],"picked":"Sweeping Beam","floor":1},{"not_picked":["Barrage","Static Discharge"],"picked":"Streamline","floor":7}],"player_experience":465404,"relics_obtained":[{"floor":9,"key":"Matryoshka"}],"event_choices":[{"damage_healed":0,"gold_gain":0,"player_choice":"Leave","damage_taken":0,"max_hp_gain":0,"max_hp_loss":0,"event_name":"The Cleric","floor":2,"gold_loss":0},{"damage_healed":0,"gold_gain":0,"player_choice":"Success","damage_taken":18,"relics_obtained":["Tiny Chest"],"max_hp_gain":0,"max_hp_loss":0,"event_name":"Scrap Ooze","floor":3,"gold_loss":0},{"damage_healed":0,"gold_gain":0,"player_choice":"Donut","damage_taken":0,"max_hp_gain":5,"max_hp_loss":0,"event_name":"Big Fish","floor":4,"gold_loss":0},{"damage_healed":0,"gold_gain":75,"player_choice":"Gather Gold","damage_taken":11,"max_hp_gain":0,"max_hp_loss":0,"event_name":"World of Goop","floor":5,"gold_loss":0}],"is_beta":false,"boss_relics":[],"items_purged_floors":[],"is_endless":false,"potions_floor_spawned":[],"killed_by":"Lagavulin","ascension_level":9}