{"gold_per_floor":[111,129,43,8,8,41,1,20,20,20,20,33,11,45,45,144,144,160,160,160,160,18,18],"floor_reached":23,"playtime":902,"items_purged":[],"score":283,"play_id":"e6db2b6f-3cff-46b2-9310-694ad70eadfb","local_time":"20190225223626","is_ascension_mode":true,"campfire_choices":[{"floor":10,"key":"REST"},{"floor":15,"key":"REST"}],"neow_cost":"TEN_PERCENT_HP_LOSS","seed_source_timestamp":91467029160000,"circlet_count":0,"master_deck":["Zap","Dualcast","Undo","BootSequence","Dramatic Entrance","Cold Snap","Melter","Redo","Ball Lightning","Sunder+1","Machine Learning","Core Surge+1","Hello World","FTL+1","Buffer","Coolheaded","Heatsinks","Aggregate","Self Repair","Auto Shields+1","Necronomicurse","Static Discharge"],"relics":["Cracked Core","Calipers","Bottled Flame","Pear","Molten Egg 2","Pandora\u0027s Box","Necronomicon"],"potions_floor_usage":[6,12,16,18,21,23],"damage_taken":[{"damage":1,"enemies":"Cultist","floor":1,"turns":4},{"damage":4,"enemies":"2 Louse","floor":2,"turns":3},{"damage":37,"enemies":"Lagavulin","floor":6,"turns":8},{"damage":0,"enemies":"Jaw Worm","floor":8,"turns":3},{"damage":0,"enemies":"Gremlin Gang","floor":12,"turns":2},{"damage":20,"enemies":"3 Sentries","floor":14,"turns":6},{"damage":36,"enemies":"Slime Boss","floor":16,"turns":9},{"damage":12,"enemies":"2 Thieves","floor":18,"turns":4},{"damage":10,"enemies":"Colosseum Slavers","floor":21,"turns":4},{"damage":58,"enemies":"Gremlin Leader","floor":23,"turns":4}],"seed_played":"-2503692987513559460","potions_obtained":[{"floor":1,"key":"LiquidBronze"},{"floor":8,"key":"Explosive Potion"},{"floor":14,"key":"Explosive Potion"},{"floor":16,"key":"AttackPotion"},{"floor":18,"key":"Block Potion"}],"is_trial":false,"path_per_floor":["M","M","$","?","?","E","$","M","T","R","$","M","?","E","R","B",null,"M","?","?","?","$","E"],"character_chosen":"DEFECT","items_purchased":["Dramatic Entrance","Melter","Regen Potion","Static Discharge"],"campfire_rested":2,"item_purchase_floors":[3,7,22,22],"current_hp_per_floor":[67,63,63,68,68,31,31,31,41,64,64,64,64,44,67,31,66,61,61,45,42,42,0],"gold":18,"neow_bonus":"ONE_RARE_RELIC","is_prod":false,"is_daily":false,"chose_seed":false,"campfire_upgraded":0,"win_rate":0,"timestamp":1551130586,"path_taken":["M","M","$","?","?","E","?","M","T","R","$","?","?","E","R","BOSS","M","?","?","?","$","E"],"build_version":"2019-01-23","purchased_purges":0,"victory":false,"max_hp_per_floor":[68,68,68,68,68,68,68,68,78,78,78,78,78,78,78,78,78,78,78,78,78,78,78],"card_choices":[{"not_picked":["Blizzard","Streamline"],"picked":"Undo","floor":1},{"not_picked":["Leap","Coolheaded"],"picked":"BootSequence","floor":2},{"not_picked":["Hologram","Barrage"],"picked":"Cold Snap","floor":6},{"not_picked":["Auto Shields","Streamline"],"picked":"Redo","floor":8},{"not_picked":["Gash","Rebound"],"picked":"Ball Lightning","floor":12},{"not_picked":["Aggregate","Defragment"],"picked":"Sunder","floor":14},{"not_picked":["All For One+1","Buffer"],"picked":"Machine Learning","floor":16},{"not_picked":["Steam","Ball Lightning+1"],"picked":"Auto Shields+1","floor":18}],"player_experience":1437401,"relics_obtained":[{"floor":6,"key":"Bottled Flame"},{"floor":9,"key":"Pear"},{"floor":14,"key":"Molten Egg 2"},{"floor":20,"key":"Necronomicon"}],"event_choices":[{"damage_healed":17,"gold_gain":0,"player_choice":"Healed","damage_taken":0,"max_hp_gain":0,"max_hp_loss":0,"event_name":"The Cleric","floor":4,"gold_loss":35},{"damage_healed":0,"gold_gain":0,"player_choice":"Ignored","damage_taken":0,"max_hp_gain":0,"max_hp_loss":0,"event_name":"Shining Light","floor":5,"gold_loss":0},{"damage_healed":0,"gold_gain":0,"player_choice":"Left Gold","damage_taken":0,"max_hp_gain":0,"max_hp_loss":0,"event_name":"World of Goop","floor":13,"gold_loss":22},{"damage_healed":0,"gold_gain":0,"player_choice":"Ignored","damage_taken":0,"max_hp_gain":0,"max_hp_loss":0,"event_name":"Ghosts","floor":19,"gold_loss":0},{"damage_healed":0,"gold_gain":0,"player_choice":"Obtained Book","damage_taken":16,"max_hp_gain":0,"max_hp_loss":0,"event_name":"Cursed Tome","floor":20,"gold_loss":0},{"damage_healed":0,"gold_gain":0,"player_choice":"Fight","damage_taken":0,"max_hp_gain":0,"max_hp_loss":0,"event_name":"Colosseum","floor":21,"gold_loss":0},{"damage_healed":0,"gold_gain":0,"player_choice":"Fled From Nobs","damage_taken":0,"max_hp_gain":0,"max_hp_loss":0,"event_name":"Colosseum","floor":21,"gold_loss":0}],"is_beta":false,"boss_relics":[{"not_picked":["Philosopher\u0027s Stone","Black Star"],"picked":"Pandora\u0027s Box"}],"items_purged_floors":[],"is_endless":false,"potions_floor_spawned":[1,8,14,16,18,21],"killed_by":"Gremlin Leader","ascension_level":9}