{"gold_per_floor":[116,129,129,139,89,115,115,150,150,168,168],"floor_reached":11,"playtime":492,"items_purged":[],"score":120,"play_id":"2be0d08a-a1e5-406d-a0be-7cd54a355d11","local_time":"20190110233113","is_ascension_mode":true,"campfire_choices":[{"floor":7,"key":"REST"}],"neow_cost":"NONE","seed_source_timestamp":75288793904000,"circlet_count":0,"master_deck":["Strike_R","Strike_R","Strike_R","Defend_R","Defend_R","Defend_R","Defend_R","Bash","Cleave","Rampage","Sever Soul","Rage","Spot Weakness","Carnage"],"relics":["Runic Pyramid","Kunai","Pantograph","Darkstone Periapt"],"potions_floor_usage":[10,11],"damage_taken":[{"damage":1,"enemies":"Cultist","floor":1,"turns":3},{"damage":0,"enemies":"Small Slimes","floor":2,"turns":3},{"damage":2,"enemies":"Jaw Worm","floor":4,"turns":3},{"damage":40,"enemies":"3 Sentries","floor":6,"turns":7},{"damage":32,"enemies":"Gremlin Nob","floor":8,"turns":4},{"damage":15,"enemies":"Exordium Thugs","floor":10,"turns":5},{"damage":19,"enemies":"Lagavulin","floor":11,"turns":4}],"seed_played":"-7862399802893646747","potions_obtained":[{"floor":1,"key":"SpeedPotion"},{"floor":10,"key":"Strength Potion"}],"is_trial":false,"path_per_floor":["M","M","?","M","?","E","R","E","T","M","E"],"character_chosen":"IRONCLAD","items_purchased":[],"campfire_rested":1,"item_purchase_floors":[],"current_hp_per_floor":[71,71,71,69,69,29,53,21,21,6,0],"gold":168,"neow_bonus":"BOSS_RELIC","is_prod":false,"is_daily":false,"chose_seed":false,"campfire_upgraded":0,"win_rate":0,"timestamp":1547159473,"path_taken":["M","?","?","M","?","E","R","E","T","?","E"],"build_version":"2019-01-03v4","purchased_purges":0,"victory":false,"max_hp_per_floor":[80,80,80,80,80,80,80,80,80,80,80],"card_choices":[{"not_picked":["Sentinel","Armaments"],"picked":"Cleave","floor":1},{"not_picked":["Carnage","Pommel Strike"],"picked":"Rampage","floor":2},{"not_picked":["Rupture","Battle Trance"],"picked":"Sever Soul","floor":4},{"not_picked":["Sword Boomerang","Twin Strike"],"picked":"Rage","floor":6},{"not_picked":["Sentinel","Sword Boomerang"],"picked":"Spot Weakness","floor":8},{"not_picked":["Thunderclap","Entrench"],"picked":"Carnage","floor":10}],"player_experience":1091818,"relics_obtained":[{"floor":6,"key":"Kunai"},{"floor":8,"key":"Pantograph"},{"floor":9,"key":"Darkstone Periapt"}],"event_choices":[{"cards_removed":["Strike_R"],"damage_healed":0,"gold_gain":0,"player_choice":"Forget","damage_taken":0,"max_hp_gain":0,"max_hp_loss":0,"event_name":"Living Wall","floor":3,"gold_loss":0},{"cards_removed":["Strike_R"],"damage_healed":0,"gold_gain":0,"player_choice":"Card Removal","damage_taken":0,"max_hp_gain":0,"max_hp_loss":0,"event_name":"The Cleric","floor":5,"gold_loss":50}],"is_beta":false,"boss_relics":[],"items_purged_floors":[],"is_endless":false,"potions_floor_spawned":[1,10],"killed_by":"Lagavulin","ascension_level":9}