{"gold_per_floor":[115,134,62,237,250,250,285,285,285,285],"floor_reached":10,"playtime":355,"items_purged":[],"score":96,"play_id":"3faf020b-366e-40e7-9cf2-f8c45d3b70c1","local_time":"20190127234144","is_ascension_mode":true,"campfire_choices":[{"floor":6,"key":"REST"},{"floor":8,"key":"REST"}],"neow_cost":"PERCENT_DAMAGE","seed_source_timestamp":367372955326000,"circlet_count":0,"master_deck":["Defend_G","Defend_G","Defend_G","Defend_G","Defend_G","Strike_G","Strike_G","Strike_G","Survivor","Neutralize","Terror","Caltrops","PiercingWail","Dagger Spray","Caltrops","Doubt","Crippling Poison"],"relics":["Ring of the Snake","Bag of Preparation","Molten Egg 2"],"potions_floor_usage":[7],"damage_taken":[{"damage":4,"enemies":"Small Slimes","floor":1,"turns":4},{"damage":6,"enemies":"Jaw Worm","floor":2,"turns":6},{"damage":7,"enemies":"Cultist","floor":5,"turns":6},{"damage":36,"enemies":"3 Sentries","floor":7,"turns":7},{"damage":44,"enemies":"Gremlin Nob","floor":10,"turns":4}],"seed_played":"-622331169673102879","potions_obtained":[{"floor":1,"key":"Energy Potion"},{"floor":2,"key":"Weak Potion"}],"is_trial":false,"path_per_floor":["M","M","$","?","M","R","E","R","T","E"],"character_chosen":"THE_SILENT","items_purchased":["Caltrops"],"campfire_rested":2,"item_purchase_floors":[3],"current_hp_per_floor":[41,35,35,35,28,49,13,34,34,0],"gold":285,"neow_bonus":"TRANSFORM_TWO_CARDS","is_prod":false,"is_daily":false,"chose_seed":false,"campfire_upgraded":0,"win_rate":0,"timestamp":1548628904,"path_taken":["M","M","$","?","M","R","E","R","T","E"],"build_version":"2019-01-23","purchased_purges":0,"victory":false,"max_hp_per_floor":[70,70,70,70,70,70,70,70,70,70],"card_choices":[{"not_picked":["Reflex","Deadly Poison"],"picked":"PiercingWail","floor":1},{"not_picked":["Accuracy","Deadly Poison"],"picked":"Dagger Spray","floor":2},{"not_picked":["Quick Slash","All Out Attack","Setup"],"picked":"SKIP","floor":5},{"not_picked":["Calculated Gamble","Blade Dance"],"picked":"Crippling Poison","floor":7}],"player_experience":1345667,"relics_obtained":[{"floor":7,"key":"Bag of Preparation"},{"floor":9,"key":"Molten Egg 2"}],"event_choices":[{"damage_healed":0,"gold_gain":175,"player_choice":"AGREE","damage_taken":0,"max_hp_gain":0,"max_hp_loss":0,"event_name":"Liars Game","floor":4,"gold_loss":0,"cards_obtained":["Doubt"]}],"is_beta":false,"boss_relics":[],"items_purged_floors":[],"is_endless":false,"potions_floor_spawned":[1,2],"killed_by":"Gremlin Nob","ascension_level":9}