{"gold_per_floor":[112,44,44,44,54,89,100,49,125,48,76,101,140,166,178,190],"floor_reached":16,"playtime":754,"items_purged":[],"score":118,"play_id":"3cb3551b-a50c-45aa-8e9b-58549399b47a","local_time":"20190325221544","is_ascension_mode":true,"campfire_choices":[{"floor":15,"key":"REST"}],"neow_cost":"NONE","seed_source_timestamp":464881029081500,"circlet_count":0,"master_deck":["Defend_G","Defend_G","Defend_G","Defend_G","Defend_G","Strike_G","Strike_G","Strike_G","Strike_G","Survivor","Neutralize","Well Laid Plans","Crippling Poison","PiercingWail","Noxious Fumes","Catalyst","PiercingWail","Deadly Poison","Backstab"],"relics":["Ring of the Snake","Lantern","Bottled Tornado","MawBank","Happy Flower"],"potions_floor_usage":[6,12,13,13,16,16],"damage_taken":[{"damage":0,"enemies":"2 Louse","floor":1,"turns":3},{"damage":0,"enemies":"Cultist","floor":5,"turns":4},{"damage":65,"enemies":"Gremlin Nob","floor":6,"turns":8},{"damage":0,"enemies":"Small Slimes","floor":7,"turns":4},{"damage":0,"enemies":"Blue Slaver","floor":11,"turns":5},{"damage":0,"enemies":"3 Louse","floor":12,"turns":3},{"damage":1,"enemies":"Lagavulin","floor":13,"turns":6},{"damage":0,"enemies":"Looter","floor":14,"turns":4},{"damage":31,"enemies":"Slime Boss","floor":16,"turns":9}],"seed_played":"-3997007148463431396","potions_obtained":[{"floor":0,"key":"SpeedPotion"},{"floor":0,"key":"Ancient Potion"},{"floor":0,"key":"Energy Potion"},{"floor":6,"key":"SkillPotion"},{"floor":13,"key":"GhostInAJar"},{"floor":14,"key":"Weak Potion"}],"is_trial":false,"path_per_floor":["M","$","?","$","M","E","M","$","T","?","M","M","E","M","R","B"],"character_chosen":"THE_SILENT","items_purchased":["Crippling Poison","PowerPotion"],"campfire_rested":1,"item_purchase_floors":[2,8],"current_hp_per_floor":[70,70,70,70,70,5,5,5,5,5,5,5,4,4,25,0],"gold":190,"neow_bonus":"THREE_SMALL_POTIONS","is_prod":false,"is_daily":false,"chose_seed":false,"campfire_upgraded":0,"win_rate":0,"timestamp":1553548544,"path_taken":["M","$","?","$","M","E","M","?","T","?","M","?","E","M","R","BOSS"],"build_version":"2019-01-23","purchased_purges":0,"victory":false,"max_hp_per_floor":[70,70,70,70,70,70,70,70,70,70,70,70,70,70,70,70],"card_choices":[{"not_picked":["Prepared","Deadly Poison"],"picked":"Well Laid Plans","floor":1},{"not_picked":["Prepared","Dodge and Roll"],"picked":"PiercingWail","floor":5},{"not_picked":["Tactician","Calculated Gamble"],"picked":"Noxious Fumes","floor":6},{"not_picked":["Noxious Fumes","Dagger Throw"],"picked":"Catalyst","floor":7},{"not_picked":["Cloak And Dagger","Dagger Spray"],"picked":"PiercingWail","floor":11},{"not_picked":["Glass Knife","Prepared"],"picked":"Deadly Poison","floor":12},{"not_picked":["Dodge and Roll","Skewer"],"picked":"Backstab","floor":13},{"not_picked":["Poisoned Stab","Slice","Acrobatics"],"picked":"SKIP","floor":14}],"player_experience":1573417,"relics_obtained":[{"floor":6,"key":"Lantern"},{"floor":9,"key":"Bottled Tornado"},{"floor":13,"key":"Happy Flower"}],"event_choices":[{"cards_removed":["Strike_G"],"damage_healed":0,"gold_gain":0,"player_choice":"Purged","damage_taken":0,"max_hp_gain":0,"max_hp_loss":0,"event_name":"Purifier","floor":3,"gold_loss":0},{"damage_healed":0,"gold_gain":0,"player_choice":"Paid Gold","damage_taken":0,"relics_obtained":["MawBank"],"max_hp_gain":0,"max_hp_loss":0,"event_name":"WeMeetAgain","floor":10,"gold_loss":77}],"is_beta":false,"boss_relics":[],"items_purged_floors":[],"is_endless":false,"potions_floor_spawned":[6,13,14],"killed_by":"Slime Boss","ascension_level":1}