{"gold_per_floor":[116,116,130,130,148,148,168,180,230,265,280,294,294,219,219,219],"floor_reached":16,"playtime":958,"items_purged":[],"score":208,"play_id":"6634a405-7c47-418c-995d-bf0612e0dd29","local_time":"20190506122603","is_ascension_mode":true,"campfire_choices":[{"data":"Flame Barrier","floor":6,"key":"SMITH"},{"data":"Inflame","floor":13,"key":"SMITH"},{"floor":15,"key":"REST"}],"neow_cost":"NONE","seed_source_timestamp":801397466257344,"circlet_count":0,"master_deck":["AscendersBane","Strike_R","Strike_R","Defend_R","Defend_R","Defend_R","Defend_R","Bash","True Grit","Pommel Strike","Flame Barrier+1","Dropkick","Corruption","Perfected Strike","Inflame+1","Whirlwind"],"relics":["Burning Blood","NeowsBlessing","Bronze Scales","Dodecahedron"],"potions_floor_usage":[16,16],"damage_taken":[{"damage":0,"enemies":"Small Slimes","floor":1,"turns":1},{"damage":0,"enemies":"Cultist","floor":3,"turns":1},{"damage":0,"enemies":"Jaw Worm","floor":5,"turns":1},{"damage":9,"enemies":"3 Louse","floor":7,"turns":6},{"damage":15,"enemies":"Lots of Slimes","floor":8,"turns":6},{"damage":56,"enemies":"Gremlin Nob","floor":10,"turns":5},{"damage":4,"enemies":"Blue Slaver","floor":11,"turns":3},{"damage":0,"enemies":"2 Fungi Beasts","floor":12,"turns":4},{"damage":44,"enemies":"The Guardian","floor":16,"turns":10}],"seed_played":"-4169579411888569691","potions_obtained":[{"floor":1,"key":"EssenceOfSteel"},{"floor":10,"key":"Swift Potion"},{"floor":12,"key":"SkillPotion"}],"is_trial":false,"path_per_floor":["M","?","M","?","M","R","M","M","T","E","M","M","R","?","R","B"],"character_chosen":"IRONCLAD","items_purchased":[],"campfire_rested":1,"item_purchase_floors":[],"current_hp_per_floor":[74,74,75,75,75,75,72,63,63,13,15,21,21,21,43,0],"gold":219,"neow_bonus":"THREE_ENEMY_KILL","is_prod":false,"is_daily":false,"chose_seed":false,"campfire_upgraded":2,"win_rate":0,"timestamp":1557159963,"path_taken":["M","?","?","?","M","R","M","M","T","E","?","M","R","?","R","BOSS"],"build_version":"2019-01-23","purchased_purges":0,"victory":false,"max_hp_per_floor":[75,75,75,75,75,75,75,75,75,75,75,75,75,75,75,75],"card_choices":[{"not_picked":["Warcry","Clash","Thunderclap"],"picked":"SKIP","floor":1},{"not_picked":["Fire Breathing","Pummel"],"picked":"True Grit","floor":3},{"not_picked":["Anger","Cleave"],"picked":"Flame Barrier","floor":5},{"not_picked":["Anger","Dark Embrace"],"picked":"Dropkick","floor":7},{"not_picked":["Headbutt","Searing Blow"],"picked":"Corruption","floor":8},{"not_picked":["Clash","Anger"],"picked":"Perfected Strike","floor":10},{"not_picked":["Iron Wave","Pommel Strike"],"picked":"Inflame","floor":11},{"not_picked":["Iron Wave","Flex"],"picked":"Whirlwind","floor":12}],"player_experience":900084,"relics_obtained":[{"floor":9,"key":"Bronze Scales"},{"floor":10,"key":"Dodecahedron"}],"event_choices":[{"cards_removed":["Strike_R"],"damage_healed":0,"gold_gain":0,"player_choice":"Offered Basic","damage_taken":0,"max_hp_gain":0,"max_hp_loss":0,"event_name":"Bonfire Elementals","floor":2,"gold_loss":0},{"damage_healed":0,"gold_gain":0,"cards_transformed":["Strike_R"],"player_choice":"Transformed","damage_taken":0,"max_hp_gain":0,"max_hp_loss":0,"event_name":"Transmorgrifier","floor":4,"gold_loss":0,"cards_obtained":["Pommel Strike"]},{"cards_removed":["Strike_R"],"damage_healed":0,"gold_gain":0,"player_choice":"Card Removal","damage_taken":0,"max_hp_gain":0,"max_hp_loss":0,"event_name":"The Cleric","floor":14,"gold_loss":75}],"is_beta":false,"boss_relics":[],"items_purged_floors":[],"is_endless":false,"potions_floor_spawned":[1,10,12],"killed_by":"The Guardian","ascension_level":20}