{"gold_per_floor":[116,116,127,127,138,138,154,165,165,165,189,219,7,24,24,97,97,115,27,27,42,62,89,89,100,100,100,135,135,4,20,20,95,95,107,28,28,28,45,70,70,100,147,147,147,147,13,113,113,113],"floor_reached":51,"playtime":3685,"items_purged":["Strike_G","Shame","Writhe"],"score":1294,"play_id":"a37f98d2-e9bb-4d2e-b60f-5ca3d7bf3d79","local_time":"20190508161429","is_ascension_mode":true,"campfire_choices":[{"data":"Noxious Fumes","floor":6,"key":"SMITH"},{"data":"Caltrops","floor":10,"key":"SMITH"},{"floor":15,"key":"REST"},{"data":"Cloak And Dagger","floor":24,"key":"SMITH"},{"data":"Cloak And Dagger","floor":32,"key":"SMITH"},{"data":"After Image","floor":41,"key":"SMITH"},{"data":"Infinite Blades","floor":44,"key":"SMITH"},{"data":"Infinite Blades","floor":46,"key":"SMITH"},{"data":"Terror","floor":49,"key":"SMITH"}],"neow_cost":"NONE","seed_source_timestamp":30636704274793,"circlet_count":0,"master_deck":["AscendersBane","Defend_G","Defend_G","Defend_G","Defend_G","Strike_G","Strike_G","Survivor","Neutralize","Caltrops+1","Dagger Throw","Noxious Fumes+1","Backstab","Die Die Die","Cloak And Dagger+1","Sucker Punch","Underhanded Strike+1","After Image+1","Clumsy","Parasite","Backflip","Infinite Blades+1","Well Laid Plans","Well Laid Plans","Cloak And Dagger+1","Distraction+1","Quick Slash+1","Blade Dance","Noxious Fumes","Caltrops","Infinite Blades+1","After Image+1","Caltrops","Well Laid Plans","Dagger Throw","Expertise","Slice","Well Laid Plans","Terror+1"],"relics":["Ring of the Snake","NeowsBlessing","Anchor","Odd Mushroom","Smiling Mask","Snake Skull","Calling Bell","Bird Faced Urn","Mummified Hand","Potion Belt","Kunai","Sundial","Shuriken","Ginger","Runic Pyramid","Ancient Tea Set","Whetstone","Regal Pillow","Nunchaku"],"potions_floor_usage":[12,16,16,18,22,28,28,40,50,50,50],"damage_taken":[{"damage":0,"enemies":"Small Slimes","floor":1,"turns":1},{"damage":0,"enemies":"2 Louse","floor":3,"turns":1},{"damage":0,"enemies":"Cultist","floor":5,"turns":1},{"damage":14,"enemies":"2 Fungi Beasts","floor":7,"turns":3},{"damage":1,"enemies":"Looter","floor":8,"turns":3},{"damage":0,"enemies":"The Mushroom Lair","floor":11,"turns":4},{"damage":24,"enemies":"Lagavulin","floor":12,"turns":8},{"damage":0,"enemies":"Lots of Slimes","floor":14,"turns":3},{"damage":30,"enemies":"Slime Boss","floor":16,"turns":8},{"damage":15,"enemies":"Chosen","floor":18,"turns":6},{"damage":11,"enemies":"Shell Parasite","floor":21,"turns":5},{"damage":5,"enemies":"Cultist and Chosen","floor":22,"turns":5},{"damage":31,"enemies":"Book of Stabbing","floor":23,"turns":6},{"damage":3,"enemies":"Snecko","floor":25,"turns":5},{"damage":3,"enemies":"Gremlin Leader","floor":28,"turns":8},{"damage":26,"enemies":"Snake Plant","floor":31,"turns":4},{"damage":26,"enemies":"Champ","floor":33,"turns":9},{"damage":11,"enemies":"3 Shapes","floor":35,"turns":5},{"damage":2,"enemies":"Orb Walker","floor":39,"turns":4},{"damage":25,"enemies":"Nemesis","floor":40,"turns":9},{"damage":8,"enemies":"Giant Head","floor":42,"turns":8},{"damage":0,"enemies":"Mind Bloom Boss Battle","floor":48,"turns":6},{"damage":47,"enemies":"Time Eater","floor":50,"turns":9}],"seed_played":"-8758964663554789323","potions_obtained":[{"floor":4,"key":"EssenceOfSteel"},{"floor":4,"key":"Weak Potion"},{"floor":8,"key":"AttackPotion"},{"floor":14,"key":"Poison Potion"},{"floor":16,"key":"Block Potion"},{"floor":21,"key":"LiquidBronze"},{"floor":23,"key":"SpeedPotion"},{"floor":25,"key":"Fire Potion"},{"floor":28,"key":"Fruit Juice"},{"floor":31,"key":"SpeedPotion"},{"floor":39,"key":"Weak Potion"},{"floor":40,"key":"FairyPotion"},{"floor":48,"key":"Strength Potion"}],"is_trial":false,"path_per_floor":["M","?","M","?","M","R","M","M","T","R","?","E","$","M","R","B",null,"M","$","?","M","M","E","R","M","T","?","E","?","$","M","R","B",null,"M","$","?","?","M","E","R","E","T","R","?","R","$","?","R","B",null],"character_chosen":"THE_SILENT","items_purchased":["Snake Skull","Infinite Blades","Caltrops","Well Laid Plans","Well Laid Plans"],"campfire_rested":1,"item_purchase_floors":[13,19,30,36,47],"current_hp_per_floor":[59,59,59,59,59,59,45,44,44,44,44,20,20,20,39,9,52,43,43,43,40,45,26,26,35,35,35,55,55,55,41,41,33,62,69,69,67,67,67,59,59,65,65,65,65,65,65,67,67,37],"gold":113,"neow_bonus":"THREE_ENEMY_KILL","is_prod":false,"is_daily":false,"chose_seed":false,"campfire_upgraded":8,"win_rate":0,"timestamp":1557357269,"path_taken":["M","?","M","?","M","R","?","M","T","R","?","E","$","M","R","BOSS","M","$","?","M","M","E","R","?","T","?","E","?","$","M","R","BOSS","M","$","?","?","?","E","R","E","T","R","?","R","$","?","R","BOSS"],"build_version":"2019-01-23","purchased_purges":3,"victory":true,"max_hp_per_floor":[66,66,66,66,66,66,66,66,66,66,66,66,66,66,66,66,66,66,66,66,66,66,66,66,66,66,66,71,71,71,71,71,71,71,71,71,67,67,67,67,67,67,67,67,67,67,67,67,67,67],"card_choices":[{"not_picked":["Outmaneuver","Dodge and Roll"],"picked":"Caltrops","floor":1},{"not_picked":["Choke","Outmaneuver"],"picked":"Dagger Throw","floor":3},{"not_picked":["Flying Knee","Underhanded Strike"],"picked":"Noxious Fumes","floor":5},{"not_picked":["Quick Slash","Outmaneuver"],"picked":"Backstab","floor":7},{"not_picked":["Flying Knee","Slice"],"picked":"Die Die Die","floor":8},{"not_picked":["Dodge and Roll","Outmaneuver"],"picked":"Cloak And Dagger","floor":11},{"not_picked":["Finisher","Outmaneuver"],"picked":"Sucker Punch","floor":12},{"not_picked":["Outmaneuver","Slice"],"picked":"Underhanded Strike","floor":14},{"not_picked":["Doppelganger","Tools of the Trade"],"picked":"After Image","floor":16},{"not_picked":["Deadly Poison","Dodge and Roll"],"picked":"Backflip","floor":18},{"not_picked":["Slice","Cloak And Dagger"],"picked":"Well Laid Plans","floor":21},{"not_picked":["Masterful Stab","Heel Hook"],"picked":"Well Laid Plans","floor":22},{"not_picked":["Dagger Throw","Poisoned Stab"],"picked":"Cloak And Dagger","floor":23},{"not_picked":["Bane","Eviscerate"],"picked":"Distraction+1","floor":25},{"not_picked":["Expertise","Terror+1"],"picked":"Noxious Fumes","floor":28},{"not_picked":["Predator","Grand Finale"],"picked":"Infinite Blades","floor":31},{"not_picked":["Tools of the Trade","Glass Knife"],"picked":"After Image","floor":33},{"not_picked":["Deadly Poison+1","Flying Knee"],"picked":"Caltrops","floor":35},{"not_picked":["Endless Agony","Outmaneuver"],"picked":"Dagger Throw","floor":39},{"not_picked":["Bane","Grand Finale"],"picked":"Expertise","floor":40},{"not_picked":["Deadly Poison","Tactician"],"picked":"Slice","floor":42},{"not_picked":["Dagger Spray","Sucker Punch+1"],"picked":"Terror","floor":48}],"player_experience":1660065,"relics_obtained":[{"floor":9,"key":"Anchor"},{"floor":11,"key":"Odd Mushroom"},{"floor":12,"key":"Smiling Mask"},{"floor":17,"key":"Bird Faced Urn"},{"floor":17,"key":"Mummified Hand"},{"floor":17,"key":"Potion Belt"},{"floor":23,"key":"Kunai"},{"floor":26,"key":"Sundial"},{"floor":28,"key":"Shuriken"},{"floor":40,"key":"Ancient Tea Set"},{"floor":42,"key":"Whetstone"},{"floor":43,"key":"Regal Pillow"},{"floor":48,"key":"Nunchaku"}],"event_choices":[{"damage_healed":0,"gold_gain":0,"player_choice":"Ignored","damage_taken":0,"max_hp_gain":0,"max_hp_loss":0,"event_name":"Shining Light","floor":2,"gold_loss":0},{"damage_healed":0,"gold_gain":0,"player_choice":"Got Potions","damage_taken":0,"max_hp_gain":0,"max_hp_loss":0,"event_name":"Lab","floor":4,"gold_loss":0},{"damage_healed":0,"gold_gain":0,"player_choice":"Fought Mushrooms","damage_taken":0,"max_hp_gain":0,"max_hp_loss":0,"event_name":"Mushrooms","floor":11,"gold_loss":0},{"damage_healed":0,"gold_gain":0,"player_choice":"Forge","damage_taken":0,"max_hp_gain":0,"max_hp_loss":0,"event_name":"Accursed Blacksmith","floor":20,"gold_loss":0,"cards_upgraded":["After Image"]},{"damage_healed":0,"gold_gain":0,"cards_transformed":["Strike_G","Strike_G"],"player_choice":"Became Test Subject","damage_taken":0,"max_hp_gain":0,"max_hp_loss":0,"event_name":"Drug Dealer","floor":27,"gold_loss":0,"cards_obtained":["Quick Slash","Blade Dance"]},{"damage_healed":0,"gold_gain":0,"player_choice":"Opened","damage_taken":0,"relics_obtained":["Ginger"],"max_hp_gain":0,"max_hp_loss":0,"event_name":"The Mausoleum","floor":29,"gold_loss":0,"cards_obtained":["Writhe"]},{"damage_healed":0,"gold_gain":0,"player_choice":"Max HP","damage_taken":0,"max_hp_gain":0,"max_hp_loss":4,"event_name":"Winding Halls","floor":37,"gold_loss":0},{"damage_healed":0,"gold_gain":0,"player_choice":"Ignored","damage_taken":0,"max_hp_gain":0,"max_hp_loss":0,"event_name":"Mysterious Sphere","floor":38,"gold_loss":0},{"cards_removed":["Defend_G"],"damage_healed":0,"gold_gain":0,"player_choice":"Removed Skill","damage_taken":0,"max_hp_gain":0,"max_hp_loss":0,"event_name":"Falling","floor":45,"gold_loss":0},{"damage_healed":0,"gold_gain":0,"player_choice":"Fight","damage_taken":0,"max_hp_gain":0,"max_hp_loss":0,"event_name":"MindBloom","floor":48,"gold_loss":0}],"is_beta":false,"boss_relics":[{"not_picked":["Empty Cage","Velvet Choker"],"picked":"Calling Bell"},{"not_picked":["White Beast Statue","Sozu"],"picked":"Runic Pyramid"}],"items_purged_floors":[13,30,47],"is_endless":false,"potions_floor_spawned":[5,8,11,14,16,21,23,25,28,31,39,40,48],"ascension_level":16}