{"gold_per_floor":[109,123,123,139,139,167,167,167,167,167,187,6,6,6,6,108,108,125,136,153,170,24,24,124,152,152,169,182,182,197,197,197,297,297,308,308],"floor_reached":36,"playtime":2356,"items_purged":["Regret"],"score":403,"play_id":"9e8568fd-cbda-491e-8a01-381cdc307184","local_time":"20190331221150","is_ascension_mode":true,"campfire_choices":[{"floor":7.0,"key":"REST"},{"data":"Backstab","floor":10.0,"key":"SMITH"},{"floor":15.0,"key":"REST"},{"floor":23.0,"key":"REST"},{"floor":29.0,"key":"REST"},{"data":"Cloak And Dagger","floor":32.0,"key":"SMITH"}],"neow_cost":"NONE","seed_source_timestamp":0,"circlet_count":0,"master_deck":["Defend_G","Defend_G","Defend_G","Defend_G+1","Defend_G+1","Strike_G","Strike_G","Strike_G","Strike_G","Survivor","Neutralize","Slice","Quick Slash","Backstab+1","Noxious Fumes","Blade Dance","Noxious Fumes+1","Footwork+1","Glass Knife","Dodge and Roll","Blade Dance","PiercingWail","Footwork+1","Envenom+1","Cloak And Dagger+1","Dodge and Roll+1","Escape Plan+1","Dodge and Roll","Caltrops+1","Malaise","Catalyst","Deadly Poison+1","Cloak And Dagger"],"special_seed":0,"relics":["Ring of the Snake","Potion Belt","Kunai","Shuriken","The Courier","Frozen Egg 2","Black Star","Vajra","Regal Pillow","Ninja Scroll","Orrery"],"potions_floor_usage":[36,36],"damage_taken":[{"damage":0.0,"enemies":"Jaw Worm","floor":1.0,"turns":6.0},{"damage":0.0,"enemies":"2 Louse","floor":2.0,"turns":3.0},{"damage":1.0,"enemies":"Small Slimes","floor":4.0,"turns":5.0},{"damage":23.0,"enemies":"3 Sentries","floor":6.0,"turns":9.0},{"damage":0.0,"enemies":"Blue Slaver","floor":11.0,"turns":1.0},{"damage":3.0,"enemies":"Slime Boss","floor":16.0,"turns":9.0},{"damage":0.0,"enemies":"Chosen","floor":18.0,"turns":5.0},{"damage":0.0,"enemies":"3 Byrds","floor":19.0,"turns":6.0},{"damage":28.0,"enemies":"Snake Plant","floor":20.0,"turns":6.0},{"damage":15.0,"enemies":"Chosen and Byrds","floor":21.0,"turns":6.0},{"damage":30.0,"enemies":"Slavers","floor":25.0,"turns":7.0},{"damage":3.0,"enemies":"Snecko","floor":27.0,"turns":6.0},{"damage":2.0,"enemies":"Shelled Parasite and Fungi","floor":28.0,"turns":6.0},{"damage":20.0,"enemies":"Sentry and Sphere","floor":30.0,"turns":4.0},{"damage":23.0,"enemies":"Champ","floor":33.0,"turns":12.0},{"damage":25,"enemies":"Orb Walker","floor":35,"turns":5},{"damage":72,"enemies":"2 Orb Walkers","floor":36,"turns":6}],"seed_played":"1320235429765610865","potions_obtained":[{"floor":1.0,"key":"Poison Potion"},{"floor":16.0,"key":"PowerPotion"},{"floor":21.0,"key":"Dexterity Potion"},{"floor":28.0,"key":"Block Potion"},{"floor":30.0,"key":"Poison Potion"},{"floor":33.0,"key":"GamblersBrew"}],"is_trial":false,"path_per_floor":["M","M","?","M","?","E","R","?","T","R","M","$","?","$","R","B",null,"M","M","M","M","$","R","?","E","T","M","M","R","M","?","R","B",null,"M","?"],"character_chosen":"THE_SILENT","items_purchased":["Noxious Fumes+1","Footwork+1","Envenom+1","Cloak And Dagger"],"campfire_rested":4,"item_purchase_floors":[12,12,22,22],"current_hp_per_floor":[70,70,52,51,51,28,49,35,35,35,35,35,28,28,49,46,70,70,70,42,27,27,48,48,18,18,15,13,49,29,52,52,29,70,45,0],"gold":308,"neow_bonus":"RANDOM_COMMON_RELIC","is_prod":false,"is_daily":false,"chose_seed":false,"campfire_upgraded":2,"win_rate":0,"timestamp":1554095510,"path_taken":["M","M","?","M","?","E","R","?","T","R","M","$","?","$","R","BOSS","M","M","M","M","$","R","?","E","T","M","?","R","?","?","R","BOSS","M","?"],"build_version":"2019-01-23","purchased_purges":1,"victory":false,"max_hp_per_floor":[70,70,70,70,70,70,70,70,70,70,70,70,70,70,70,70,70,70,70,70,70,70,70,70,70,70,70,70,70,70,70,70,70,70,70,70],"card_choices":[{"not_picked":["Flechettes","Blade Dance"],"picked":"Slice","floor":1.0},{"not_picked":["PiercingWail","Bane"],"picked":"Quick Slash","floor":2.0},{"not_picked":["Noxious Fumes","Crippling Poison"],"picked":"Backstab","floor":4.0},{"not_picked":["Finisher","Riddle With Holes"],"picked":"Noxious Fumes","floor":6.0},{"not_picked":["Terror","Quick Slash"],"picked":"Blade Dance","floor":11.0},{"not_picked":["Storm of Steel","Grand Finale"],"picked":"Glass Knife","floor":16.0},{"not_picked":["Deadly Poison","Quick Slash+1"],"picked":"Dodge and Roll","floor":18.0},{"not_picked":["Concentrate","Flying Knee"],"picked":"Blade Dance","floor":19.0},{"not_picked":["Concentrate","Infinite Blades+1"],"picked":"PiercingWail","floor":20.0},{"not_picked":["Outmaneuver","Concentrate"],"picked":"Footwork+1","floor":21.0},{"not_picked":["Bullet Time","Poisoned Stab"],"picked":"Dodge and Roll+1","floor":25.0},{"not_picked":["Dash","Finisher"],"picked":"Escape Plan+1","floor":27.0},{"not_picked":["PiercingWail","Flying Knee+1"],"picked":"Dodge and Roll","floor":28.0},{"not_picked":["Setup","Choke"],"picked":"Caltrops+1","floor":30.0},{"not_picked":["Die Die Die","Envenom+1"],"picked":"Malaise","floor":33.0},{"not_picked":["PiercingWail+1","Backflip"],"picked":"Catalyst","floor":34},{"not_picked":["Eviscerate","Underhanded Strike"],"picked":"Deadly Poison+1","floor":34},{"not_picked":["Poisoned Stab","Slice+1"],"picked":"Cloak And Dagger","floor":34},{"not_picked":["Blade Dance","Slice","Flechettes+1"],"picked":"SKIP","floor":35}],"player_experience":246895,"relics_obtained":[{"floor":6.0,"key":"The Courier"},{"floor":9.0,"key":"Frozen Egg 2"},{"floor":25.0,"key":"Vajra"},{"floor":25.0,"key":"Regal Pillow"},{"floor":26.0,"key":"Ninja Scroll"}],"event_choices":[{"damage_healed":0.0,"max_hp_gain":0.0,"max_hp_loss":0.0,"gold_gain":0.0,"event_name":"Scrap Ooze","player_choice":"Success","floor":3.0,"gold_loss":0.0,"damage_taken":18.0,"relics_obtained":["Kunai"]},{"damage_healed":0.0,"max_hp_gain":0.0,"max_hp_loss":0.0,"gold_gain":0.0,"event_name":"Big Fish","player_choice":"Box","floor":5.0,"gold_loss":0.0,"damage_taken":0.0,"relics_obtained":["Shuriken"],"cards_obtained":["Regret"]},{"damage_healed":0.0,"max_hp_gain":0.0,"max_hp_loss":0.0,"gold_gain":0.0,"event_name":"Shining Light","player_choice":"Entered Light","floor":8.0,"gold_loss":0.0,"damage_taken":14.0,"cards_upgraded":["Defend_G","Defend_G"]},{"cards_removed":["Strike_G"],"damage_healed":0.0,"max_hp_gain":0.0,"max_hp_loss":0.0,"gold_gain":0.0,"event_name":"Golden Wing","player_choice":"Card Removal","floor":13.0,"gold_loss":0.0,"damage_taken":7.0},{"damage_healed":0.0,"max_hp_gain":0.0,"max_hp_loss":0.0,"gold_gain":100.0,"event_name":"Golden Shrine","player_choice":"Pray","floor":24.0,"gold_loss":0.0,"damage_taken":0.0},{"damage_healed":23.0,"max_hp_gain":0.0,"max_hp_loss":0.0,"gold_gain":0.0,"event_name":"The Library","player_choice":"Heal","floor":31.0,"gold_loss":0.0,"damage_taken":0.0},{"damage_healed":0,"gold_gain":0,"player_choice":"Fight","damage_taken":0,"max_hp_gain":0,"max_hp_loss":0,"event_name":"Mysterious Sphere","floor":36,"gold_loss":0}],"is_beta":false,"boss_relics":[{"not_picked":["Eternal Feather","Busted Crown"],"picked":"Black Star"},{"not_picked":["Empty Cage","Runic Pyramid"],"picked":"Orrery"}],"items_purged_floors":[12],"is_endless":false,"potions_floor_spawned":[1,16,21,28,30,33],"killed_by":"2 Orb Walkers","ascension_level":1}