{"gold_per_floor":[114,28,40,40,40,72,72,91,91,107,117,117,128,163,163,258,258,271,289,303,323,333,362,362,395,395,406,438,449,57,73,73,172,172,188,188,60,71,171,171,199,199,199,228,228,245,245,69,69,69,69,69,2,36,36],"floor_reached":55,"playtime":42147,"items_purged":[],"score":1003,"play_id":"d23f276e-2bbb-411a-bb67-77689e93887f","local_time":"20181229232539","is_ascension_mode":true,"campfire_choices":[{"data":"Finesse","floor":7,"key":"SMITH"},{"data":"Thunder Strike","floor":15,"key":"SMITH"},{"data":"Buffer","floor":24,"key":"SMITH"},{"floor":32,"key":"DIG"},{"floor":40,"key":"DIG"},{"floor":42,"key":"DIG"},{"floor":45,"key":"RECALL"},{"floor":47,"key":"DIG"},{"floor":49,"key":"DIG"},{"floor":52,"key":"DIG"}],"neow_cost":"NONE","seed_source_timestamp":166667097304077,"circlet_count":0,"master_deck":["Strike_B","Strike_B+1","Strike_B+1","Defend_B+1","Zap","Dualcast+1","Steam","Finesse+1","Steam","BootSequence","Glacier","Fusion","Thunder Strike+1","Lockon","Steam","Buffer","Lockon+1","Redo+1","Buffer+1","Double Energy","Conserve Battery","Conserve Battery","Capacitor","Ball Lightning","Buffer+1","Tempest+1","Redo","Ball Lightning","Beam Cell","Defragment","BootSequence","Electrodynamics","Redo+1","Madness","Madness","Capacitor","Conserve Battery","Ball Lightning+1","Conserve Battery+1","Undo+1","Tempest","Transmutation","Melter","Hologram+1"],"relics":["Cracked Core","Whetstone","Mercury Hourglass","War Paint","Symbiotic Virus","Astrolabe","Meat on the Bone","Turnip","Sundial","Shovel","FossilizedHelix","Bag of Preparation","Eternal Feather","Pocketwatch","DataDisk","Cables","Singing Bowl","Question Card","Blood Vial","Calipers","Dodecahedron","Bottled Lightning","Orichalcum"],"potions_floor_usage":[16,20,22,25,25,28,39,50,54],"damage_taken":[{"damage":0,"enemies":"Small Slimes","floor":1,"turns":2},{"damage":2,"enemies":"Jaw Worm","floor":3,"turns":3},{"damage":30,"enemies":"Gremlin Nob","floor":6,"turns":4},{"damage":0,"enemies":"Cultist","floor":8,"turns":2},{"damage":0,"enemies":"Lots of Slimes","floor":10,"turns":3},{"damage":0,"enemies":"Exordium Wildlife","floor":11,"turns":2},{"damage":0,"enemies":"Blue Slaver","floor":13,"turns":4},{"damage":9,"enemies":"3 Sentries","floor":14,"turns":6},{"damage":20,"enemies":"The Guardian","floor":16,"turns":10},{"damage":0,"enemies":"Spheric Guardian","floor":18,"turns":3},{"damage":0,"enemies":"2 Thieves","floor":19,"turns":4},{"damage":0,"enemies":"Sentry and Sphere","floor":20,"turns":4},{"damage":1,"enemies":"Cultist and Chosen","floor":21,"turns":9},{"damage":6,"enemies":"Centurion and Healer","floor":22,"turns":6},{"damage":21,"enemies":"Slavers","floor":23,"turns":7},{"damage":19,"enemies":"Book of Stabbing","floor":25,"turns":7},{"damage":3,"enemies":"Snecko","floor":27,"turns":6},{"damage":29,"enemies":"Gremlin Leader","floor":28,"turns":8},{"damage":14,"enemies":"3 Cultists","floor":29,"turns":5},{"damage":11,"enemies":"Snake Plant","floor":31,"turns":5},{"damage":8,"enemies":"Collector","floor":33,"turns":9},{"damage":0,"enemies":"3 Shapes","floor":35,"turns":3},{"damage":20,"enemies":"3 Darklings","floor":38,"turns":4},{"damage":0,"enemies":"Mind Bloom Boss Battle","floor":39,"turns":7},{"damage":0,"enemies":"Nemesis","floor":41,"turns":7},{"damage":0,"enemies":"Giant Head","floor":44,"turns":7},{"damage":0,"enemies":"Spire Growth","floor":46,"turns":4},{"damage":29,"enemies":"Awakened One","floor":50,"turns":10},{"damage":46,"enemies":"Shield and Spear","floor":54,"turns":5},{"damage":83,"enemies":"The Heart","floor":55,"turns":6}],"seed_played":"-8711522828272367012","potions_obtained":[{"floor":1,"key":"Block Potion"},{"floor":6,"key":"Weak Potion"},{"floor":8,"key":"SteroidPotion"},{"floor":10,"key":"FocusPotion"},{"floor":14,"key":"Ancient Potion"},{"floor":16,"key":"Weak Potion"},{"floor":19,"key":"Strength Potion"},{"floor":20,"key":"Fruit Juice"},{"floor":22,"key":"Fruit Juice"},{"floor":25,"key":"EssenceOfSteel"},{"floor":31,"key":"FairyPotion"},{"floor":35,"key":"Energy Potion"},{"floor":38,"key":"GamblersBrew"},{"floor":46,"key":"Weak Potion"},{"floor":54,"key":"SteroidPotion"}],"is_trial":false,"path_per_floor":["M","$","M","?","?","E","R","M","T","M","M","?","M","E","R","B",null,"M","M","M","M","M","E","R","E","T","M","E","M","$","M","R","B",null,"M","?","$","M","?","R","E","R","T","E","R","M","R","$","R","B",null,"R","$","E","B"],"character_chosen":"DEFECT","items_purchased":["Finesse","FossilizedHelix","Defragment","Capacitor","Conserve Battery","Transmutation","Melter"],"campfire_rested":0,"item_purchase_floors":[2,30,30,37,37,48,53],"current_hp_per_floor":[75,75,73,73,66,36,36,36,36,36,36,36,36,27,27,7,75,75,75,80,79,78,57,57,50,50,47,30,28,28,29,29,33,85,85,74,74,54,54,75,75,85,85,87,87,87,87,87,87,58,87,87,87,53,0],"gold":36,"neow_bonus":"RANDOM_COMMON_RELIC","is_prod":false,"is_daily":false,"chose_seed":false,"campfire_upgraded":3,"win_rate":0,"timestamp":1546154739,"path_taken":["M","$","M","?","?","E","R","M","T","M","M","?","?","E","R","BOSS","M","M","M","M","M","E","R","E","T","M","E","?","$","M","R","BOSS","M","?","$","M","?","R","E","R","T","E","R","M","R","$","R","BOSS","R","$","E","BOSS"],"build_version":"2018-12-20","purchased_purges":0,"victory":false,"max_hp_per_floor":[75,75,75,75,75,75,75,75,75,75,75,75,75,75,75,75,75,75,75,80,80,85,85,85,85,85,85,85,85,85,85,85,85,85,85,85,85,85,85,85,85,85,85,87,87,87,87,87,87,87,87,87,87,87,87],"card_choices":[{"not_picked":["Consume","Stack"],"picked":"Steam","floor":1},{"not_picked":["White Noise","Rebound"],"picked":"Steam","floor":3},{"not_picked":["Gash","Stack"],"picked":"BootSequence","floor":6},{"not_picked":["Rebound","Barrage"],"picked":"Glacier","floor":8},{"not_picked":["Stack","Streamline"],"picked":"Fusion","floor":10},{"not_picked":["Streamline","Redo"],"picked":"Thunder Strike","floor":11},{"not_picked":["Barrage","Auto Shields"],"picked":"Lockon","floor":13},{"not_picked":["Go for the Eyes","Rebound"],"picked":"Steam","floor":14},{"not_picked":["Rainbow","Echo Form"],"picked":"Buffer","floor":16},{"not_picked":["Sweeping Beam","Sunder"],"picked":"Double Energy","floor":18},{"not_picked":["Coolheaded+1","Cold Snap"],"picked":"Conserve Battery","floor":19},{"not_picked":["Hello World","Stack"],"picked":"Conserve Battery","floor":20},{"not_picked":["Streamline","Rebound"],"picked":"Capacitor","floor":21},{"not_picked":["Hologram","Leap"],"picked":"Ball Lightning","floor":22},{"not_picked":["Steam","Sunder+1"],"picked":"Buffer","floor":23},{"not_picked":["Static Discharge","Beam Cell+1"],"picked":"Tempest+1","floor":25},{"not_picked":["Beam Cell","Coolheaded"],"picked":"Redo","floor":27},{"not_picked":["Undo","Go for the Eyes"],"picked":"Ball Lightning","floor":28},{"not_picked":["Gash","Hello World+1"],"picked":"Beam Cell","floor":29},{"not_picked":["Static Discharge","Turbo"],"picked":"BootSequence","floor":31},{"not_picked":["Hyperbeam","Seek"],"picked":"Electrodynamics","floor":33},{"not_picked":["Steam","Skim+1"],"picked":"Redo+1","floor":35},{"not_picked":["Turbo","Glacier"],"picked":"Ball Lightning+1","floor":38},{"not_picked":["Go for the Eyes+1","Gash+1"],"picked":"Conserve Battery+1","floor":39},{"not_picked":["Turbo","Compile Driver+1"],"picked":"Undo+1","floor":41},{"not_picked":["Multi-Cast","Skim+1","Steam Power+1","Blizzard"],"picked":"Singing Bowl","floor":44},{"not_picked":["Stack+1","Barrage+1","Compile Driver"],"picked":"Tempest","floor":46},{"not_picked":["Double Energy+1","FTL","Cold Snap+1"],"picked":"Hologram+1","floor":54}],"player_experience":198271,"relics_obtained":[{"floor":6,"key":"Mercury Hourglass"},{"floor":14,"key":"Symbiotic Virus"},{"floor":23,"key":"Meat on the Bone"},{"floor":25,"key":"Turnip"},{"floor":26,"key":"Sundial"},{"floor":28,"key":"Shovel"},{"floor":32,"key":"Bag of Preparation"},{"floor":39,"key":"Pocketwatch"},{"floor":40,"key":"DataDisk"},{"floor":41,"key":"Cables"},{"floor":42,"key":"Singing Bowl"},{"floor":43,"key":"Question Card"},{"floor":44,"key":"Blood Vial"},{"floor":47,"key":"Calipers"},{"floor":49,"key":"Dodecahedron"},{"floor":52,"key":"Bottled Lightning"},{"floor":54,"key":"Orichalcum"}],"event_choices":[{"damage_healed":0,"gold_gain":0,"cards_transformed":["Defend_B"],"player_choice":"Change","damage_taken":0,"max_hp_gain":0,"max_hp_loss":0,"event_name":"Living Wall","floor":4,"gold_loss":0,"cards_obtained":["Heatsinks"]},{"cards_removed":["Heatsinks"],"damage_healed":0,"gold_gain":0,"player_choice":"Card Removal","damage_taken":7,"max_hp_gain":0,"max_hp_loss":0,"event_name":"Golden Wing","floor":5,"gold_loss":0},{"damage_healed":0,"gold_gain":0,"player_choice":"Gave Potion","damage_taken":0,"relics_obtained":["War Paint"],"max_hp_gain":0,"max_hp_loss":0,"event_name":"WeMeetAgain","floor":12,"gold_loss":0},{"damage_healed":0,"gold_gain":0,"player_choice":"Embrace Madness","damage_taken":11,"max_hp_gain":0,"max_hp_loss":0,"event_name":"Winding Halls","floor":36,"gold_loss":0,"cards_obtained":["Madness","Madness"]},{"damage_healed":0,"gold_gain":0,"player_choice":"Fight","damage_taken":0,"max_hp_gain":0,"max_hp_loss":0,"event_name":"MindBloom","floor":39,"gold_loss":0}],"is_beta":false,"boss_relics":[{"not_picked":["Snecko Eye","Black Star"],"picked":"Astrolabe"},{"not_picked":["Empty Cage","Coffee Dripper"],"picked":"Eternal Feather"}],"items_purged_floors":[],"is_endless":false,"potions_floor_spawned":[1,6,8,10,14,16,19,20,22,25,31,35,38,46,54],"killed_by":"The Heart","ascension_level":3}