{"gold_per_floor":[115,115,65,65,65,65,408,408,408,431,431,471,20,59,59,179,179,197,197,197,14,14,14,14,14,14,14,14,14,14,59,59,59],"floor_reached":33,"playtime":1137,"items_purged":["Strike_R"],"score":417,"play_id":"a9936de6-33d9-4801-9b36-32a8ec355177","local_time":"20190311222155","is_ascension_mode":true,"campfire_choices":[{"data":"Combust","floor":6,"key":"SMITH"},{"data":"Seeing Red","floor":8,"key":"SMITH"},{"data":"Bash","floor":11,"key":"SMITH"},{"floor":15,"key":"REST"},{"data":"Transmutation","floor":23,"key":"SMITH"},{"floor":25,"key":"REST"},{"data":"Metamorphosis","floor":30,"key":"SMITH"},{"data":"Blood for Blood","floor":32,"key":"SMITH"}],"neow_cost":"NONE","seed_source_timestamp":183489345708100,"circlet_count":0,"master_deck":["AscendersBane","Strike_R","Strike_R","Strike_R","Defend_R","Defend_R","Defend_R","Defend_R","Bash+1","Combust+1","Seeing Red+1","Blood for Blood+1","Cleave","Metamorphosis+1","Transmutation+1","Rupture","Brutality","Uppercut+1","Shame","Blood for Blood+1"],"relics":["Burning Blood","NeowsBlessing","Sundial","The Courier","Bloody Idol","Old Coin","Meat on the Bone","Champion Belt","ClockworkSouvenir","Juzu Bracelet","Mark of Pain","PreservedInsect","Dodecahedron","Omamori","Nilry\u0027s Codex"],"potions_floor_usage":[12],"damage_taken":[{"damage":0,"enemies":"Cultist","floor":1,"turns":1},{"damage":0,"enemies":"Lagavulin","floor":7,"turns":1},{"damage":0,"enemies":"Jaw Worm","floor":10,"turns":1},{"damage":23,"enemies":"3 Sentries","floor":12,"turns":5},{"damage":34,"enemies":"Gremlin Nob","floor":14,"turns":5},{"damage":36,"enemies":"Slime Boss","floor":16,"turns":6},{"damage":20,"enemies":"Spheric Guardian","floor":18,"turns":4},{"damage":33,"enemies":"Colosseum Slavers","floor":24,"turns":3},{"damage":20,"enemies":"Shell Parasite","floor":31,"turns":3},{"damage":81,"enemies":"Collector","floor":33,"turns":8}],"seed_played":"-7442285299205718238","potions_obtained":[{"floor":1,"key":"Fire Potion"},{"floor":16,"key":"FairyPotion"}],"is_trial":false,"path_per_floor":["M","T","?","?","?","R","E","R","T","M","R","E","$","E","R","B",null,"M","?","?","$","?","R","?","R","T","?","$","?","R","M","R","B"],"character_chosen":"IRONCLAD","items_purchased":["Metamorphosis","ClockworkSouvenir","Transmutation","PreservedInsect"],"campfire_rested":2,"item_purchase_floors":[13,13,13,21],"current_hp_per_floor":[78,78,78,75,55,55,61,61,61,67,67,50,50,34,58,40,70,56,56,80,80,80,80,53,77,77,77,77,61,61,57,57,0],"gold":59,"neow_bonus":"THREE_ENEMY_KILL","is_prod":false,"is_daily":false,"chose_seed":false,"campfire_upgraded":6,"win_rate":0,"timestamp":1552339315,"path_taken":["M","?","?","?","?","R","E","R","T","M","R","E","$","E","R","BOSS","M","?","?","$","?","R","?","R","T","?","$","?","R","M","R","BOSS"],"build_version":"2019-01-23","purchased_purges":1,"victory":false,"max_hp_per_floor":[80,80,80,80,80,80,80,80,80,80,80,80,80,80,80,80,80,80,80,80,80,80,80,80,80,80,80,80,80,80,80,80,80],"card_choices":[{"not_picked":["Sword Boomerang","Iron Wave"],"picked":"Combust","floor":1},{"not_picked":["Sentinel","Entrench"],"picked":"Seeing Red","floor":7},{"not_picked":["Wild Strike","Sword Boomerang"],"picked":"Blood for Blood","floor":10},{"not_picked":["Body Slam","Pummel"],"picked":"Cleave","floor":12},{"not_picked":["Uppercut","Cleave"],"picked":"Rupture","floor":14},{"not_picked":["Exhume","Offering"],"picked":"Brutality","floor":16},{"not_picked":["Shrug It Off","Hemokinesis"],"picked":"Uppercut+1","floor":18},{"not_picked":["Armaments","Twin Strike"],"picked":"Blood for Blood+1","floor":31}],"player_experience":1494499,"relics_obtained":[{"floor":2,"key":"Sundial"},{"floor":7,"key":"Old Coin"},{"floor":9,"key":"Meat on the Bone"},{"floor":12,"key":"Champion Belt"},{"floor":14,"key":"Juzu Bracelet"},{"floor":26,"key":"Dodecahedron"},{"floor":29,"key":"Nilry\u0027s Codex"}],"event_choices":[{"cards_removed":["Strike_R"],"damage_healed":0,"gold_gain":0,"player_choice":"Card Removal","damage_taken":0,"max_hp_gain":0,"max_hp_loss":0,"event_name":"The Cleric","floor":3,"gold_loss":50},{"damage_healed":0,"gold_gain":0,"player_choice":"Success","damage_taken":3,"relics_obtained":["The Courier"],"max_hp_gain":0,"max_hp_loss":0,"event_name":"Scrap Ooze","floor":4,"gold_loss":0},{"damage_healed":0,"gold_gain":0,"player_choice":"Take Damage","damage_taken":20,"relics_obtained":["Golden Idol"],"max_hp_gain":0,"max_hp_loss":0,"event_name":"Golden Idol","floor":5,"gold_loss":0},{"damage_healed":0,"gold_gain":0,"player_choice":"Ignored","damage_taken":0,"max_hp_gain":0,"max_hp_loss":0,"event_name":"Ghosts","floor":19,"gold_loss":0},{"damage_healed":26,"gold_gain":0,"player_choice":"Heal","damage_taken":0,"max_hp_gain":0,"max_hp_loss":0,"event_name":"The Library","floor":20,"gold_loss":0},{"damage_healed":0,"gold_gain":0,"player_choice":"Gave Idol","damage_taken":0,"relics_obtained":["Bloody Idol"],"max_hp_gain":0,"max_hp_loss":0,"event_name":"Forgotten Altar","floor":22,"relics_lost":["Golden Idol"],"gold_loss":0},{"damage_healed":0,"gold_gain":0,"player_choice":"Fight","damage_taken":0,"max_hp_gain":0,"max_hp_loss":0,"event_name":"Colosseum","floor":24,"gold_loss":0},{"damage_healed":0,"gold_gain":0,"player_choice":"Fled From Nobs","damage_taken":0,"max_hp_gain":0,"max_hp_loss":0,"event_name":"Colosseum","floor":24,"gold_loss":0},{"damage_healed":0,"gold_gain":0,"player_choice":"Stole Relic","damage_taken":0,"relics_obtained":["Omamori"],"max_hp_gain":0,"max_hp_loss":0,"event_name":"Addict","floor":27,"gold_loss":0,"cards_obtained":["Shame"]},{"damage_healed":0,"gold_gain":0,"player_choice":"Obtained Book","damage_taken":16,"max_hp_gain":0,"max_hp_loss":0,"event_name":"Cursed Tome","floor":29,"gold_loss":0}],"is_beta":false,"boss_relics":[{"not_picked":["Astrolabe","Calling Bell"],"picked":"Mark of Pain"}],"items_purged_floors":[21],"is_endless":false,"potions_floor_spawned":[1,16],"killed_by":"Collector","ascension_level":10}