{"gold_per_floor":[117,292,292,306,39,82,82,82,133,133,151,166,199,199,199,330,330,350,265,44,44,62,62,95,95,95,139,139,180,55,70,70,198,198,212,212,212,212,16,16,41,62,86,99,123,123,123,166,166,166],"floor_reached":51,"playtime":3381,"items_purged":["Doubt","Strike_G","Bite"],"score":954,"play_id":"96f34d86-7672-4c03-bdf6-8d917482b92b","local_time":"20190406232949","is_ascension_mode":true,"campfire_choices":[{"data":"Cloak And Dagger","floor":8.0,"key":"SMITH"},{"data":"Dodge and Roll","floor":10.0,"key":"SMITH"},{"floor":15.0,"key":"REST"},{"data":"Dodge and Roll","floor":23.0,"key":"SMITH"},{"data":"Neutralize","floor":28.0,"key":"SMITH"},{"data":"Dash","floor":32.0,"key":"SMITH"},{"data":"Leg Sweep","floor":40,"key":"SMITH"},{"data":"Skewer","floor":47,"key":"SMITH"},{"data":"Night Terror","floor":49,"key":"SMITH"}],"neow_cost":"NONE","seed_source_timestamp":0,"circlet_count":0,"master_deck":["Defend_G","Defend_G","Defend_G","Defend_G","Defend_G","Survivor","Neutralize+1","Dash+1","Dodge and Roll+1","Cloak And Dagger+1","Skewer+1","Dodge and Roll+1","After Image+1","Infinite Blades+1","Well Laid Plans+1","Bite+1","Bite","Bite","Bite","Leg Sweep+1","Backflip+1","A Thousand Cuts+1","Backflip+1","Parasite","Night Terror+1"],"special_seed":0,"relics":["Ring of the Snake","Golden Idol","Oddly Smooth Stone","Shuriken","Ancient Tea Set","Ninja Scroll","Frozen Egg 2","WristBlade","Juzu Bracelet","Dream Catcher","MutagenicStrength","Pear","Darkstone Periapt","Singing Bowl","Sozu","ClockworkSouvenir","PreservedInsect","Snake Skull"],"potions_floor_usage":[50],"damage_taken":[{"damage":0.0,"enemies":"2 Louse","floor":1.0,"turns":3.0},{"damage":0.0,"enemies":"Small Slimes","floor":4.0,"turns":5.0},{"damage":24.0,"enemies":"Gremlin Nob","floor":6.0,"turns":5.0},{"damage":0.0,"enemies":"Cultist","floor":11.0,"turns":3.0},{"damage":3.0,"enemies":"Lots of Slimes","floor":12.0,"turns":5.0},{"damage":11.0,"enemies":"3 Sentries","floor":13.0,"turns":10.0},{"damage":14.0,"enemies":"The Guardian","floor":16.0,"turns":13.0},{"damage":0.0,"enemies":"Chosen","floor":18.0,"turns":4.0},{"damage":3.0,"enemies":"2 Thieves","floor":22.0,"turns":4.0},{"damage":0.0,"enemies":"Book of Stabbing","floor":24.0,"turns":6.0},{"damage":20.0,"enemies":"Slavers","floor":27.0,"turns":7.0},{"damage":0.0,"enemies":"Book of Stabbing","floor":29.0,"turns":6.0},{"damage":0.0,"enemies":"3 Cultists","floor":31.0,"turns":6.0},{"damage":33.0,"enemies":"Collector","floor":33.0,"turns":17.0},{"damage":0,"enemies":"3 Shapes","floor":35,"turns":3},{"damage":0,"enemies":"3 Darklings","floor":41,"turns":5},{"damage":6,"enemies":"4 Shapes","floor":42,"turns":4},{"damage":12,"enemies":"Maw","floor":44,"turns":7},{"damage":0,"enemies":"Writhing Mass","floor":45,"turns":6},{"damage":0,"enemies":"Reptomancer","floor":48,"turns":6},{"damage":29,"enemies":"Time Eater","floor":50,"turns":14}],"seed_played":"-8681503005941647976","potions_obtained":[{"floor":1.0,"key":"AttackPotion"},{"floor":6.0,"key":"LiquidBronze"},{"floor":22.0,"key":"Swift Potion"}],"is_trial":false,"path_per_floor":["M","?","?","M","$","E","?","R","T","R","M","M","E","?","R","B",null,"M","?","$","?","M","R","E","?","T","E","R","E","$","M","R","B",null,"M","?","?","?","$","R","M","M","T","M","M","?","R","E","R","B",null],"character_chosen":"THE_SILENT","items_purchased":["Oddly Smooth Stone","Cloak And Dagger","Well Laid Plans+1","Block Potion","ClockworkSouvenir"],"campfire_rested":1,"item_purchase_floors":[5,5,20,20,39],"current_hp_per_floor":[77,77,58,58,58,34,27,27,27,27,27,24,13,13,36,22,77,77,77,77,53,53,53,53,53,63,51,51,57,57,63,63,52,67,69,69,66,66,66,66,66,66,66,64,76,76,76,78,78,64],"gold":166,"neow_bonus":"TEN_PERCENT_HP_BONUS","is_prod":false,"is_daily":false,"chose_seed":false,"campfire_upgraded":8,"win_rate":0,"timestamp":1554618589,"path_taken":["M","?","?","M","$","E","?","R","T","R","?","?","E","?","R","BOSS","M","?","$","?","M","R","E","?","T","E","R","E","$","M","R","BOSS","M","?","?","?","$","R","M","M","T","M","M","?","R","E","R","BOSS"],"build_version":"2019-01-23","purchased_purges":3,"victory":true,"max_hp_per_floor":[77,77,77,77,77,77,77,77,77,77,77,77,77,77,77,77,77,77,77,77,53,53,53,53,53,63,63,63,65,65,67,67,67,67,69,69,66,66,66,66,66,68,68,70,78,78,78,78,78,78],"card_choices":[{"not_picked":["Backstab","Accuracy"],"picked":"Dash","floor":1.0},{"not_picked":["Sucker Punch","Prepared"],"picked":"Dodge and Roll","floor":4.0},{"not_picked":["Calculated Gamble","Escape Plan"],"picked":"Skewer","floor":6.0},{"not_picked":["Prepared","Infinite Blades"],"picked":"Dash","floor":11.0},{"not_picked":["Sucker Punch","Slice","Masterful Stab"],"picked":"SKIP","floor":12.0},{"not_picked":["PiercingWail","Underhanded Strike"],"picked":"Dodge and Roll","floor":13.0},{"not_picked":["A Thousand Cuts+1","Burst"],"picked":"After Image+1","floor":16.0},{"not_picked":["Underhanded Strike","Acrobatics"],"picked":"Infinite Blades+1","floor":18.0},{"not_picked":["Well Laid Plans+1","Deadly Poison"],"picked":"Leg Sweep","floor":22.0},{"not_picked":["Outmaneuver","Sucker Punch+1"],"picked":"Backflip+1","floor":24.0},{"not_picked":["Deflect","Acrobatics","Bullet Time"],"picked":"SKIP","floor":27.0},{"not_picked":["Noxious Fumes+1","Skewer","Expertise+1"],"picked":"Singing Bowl","floor":29.0},{"not_picked":["Deadly Poison","Skewer","Acrobatics"],"picked":"Singing Bowl","floor":31.0},{"not_picked":["Burst","Bullet Time"],"picked":"A Thousand Cuts+1","floor":33.0},{"not_picked":["Escape Plan","Cloak And Dagger","Masterful Stab+1"],"picked":"Singing Bowl","floor":35},{"not_picked":["Predator","Concentrate+1"],"picked":"Backflip+1","floor":41},{"not_picked":["Expertise+1","Escape Plan","Quick Slash+1"],"picked":"Singing Bowl","floor":42},{"not_picked":["Deflect+1","Flying Knee","All Out Attack+1"],"picked":"Singing Bowl","floor":44},{"not_picked":["Deflect","Dagger Spray+1","Well Laid Plans+1"],"picked":"Singing Bowl","floor":45},{"not_picked":["Sucker Punch","Acrobatics+1"],"picked":"Night Terror","floor":48}],"player_experience":291257,"relics_obtained":[{"floor":6.0,"key":"Shuriken"},{"floor":9.0,"key":"Ancient Tea Set"},{"floor":13.0,"key":"Ninja Scroll"},{"floor":24.0,"key":"Dream Catcher"},{"floor":26.0,"key":"Pear"},{"floor":27.0,"key":"Darkstone Periapt"},{"floor":29.0,"key":"Singing Bowl"},{"floor":43,"key":"PreservedInsect"},{"floor":48,"key":"Snake Skull"}],"event_choices":[{"damage_healed":0.0,"max_hp_gain":0.0,"max_hp_loss":0.0,"gold_gain":175.0,"event_name":"Liars Game","player_choice":"AGREE","floor":2.0,"gold_loss":0.0,"damage_taken":0.0,"cards_obtained":["Doubt"]},{"damage_healed":0.0,"max_hp_gain":0.0,"max_hp_loss":0.0,"gold_gain":0.0,"event_name":"Golden Idol","player_choice":"Take Damage","floor":3.0,"gold_loss":0.0,"damage_taken":19.0,"relics_obtained":["Golden Idol"]},{"damage_healed":0.0,"max_hp_gain":0.0,"max_hp_loss":0.0,"gold_gain":0.0,"event_name":"Wheel of Change","player_choice":"Damaged","floor":7.0,"gold_loss":0.0,"damage_taken":7.0},{"damage_healed":0.0,"max_hp_gain":0.0,"max_hp_loss":0.0,"gold_gain":0.0,"event_name":"Dead Adventurer","player_choice":"Searched \u00271\u0027 times","floor":14.0,"gold_loss":0.0,"damage_taken":0.0,"relics_obtained":["Frozen Egg 2"]},{"damage_healed":0.0,"max_hp_gain":0.0,"max_hp_loss":0.0,"gold_gain":0.0,"event_name":"Addict","player_choice":"Obtained Relic","floor":19.0,"gold_loss":85.0,"damage_taken":0.0,"relics_obtained":["Juzu Bracelet"]},{"damage_healed":0.0,"max_hp_gain":0.0,"max_hp_loss":24.0,"gold_gain":0.0,"event_name":"Vampires","player_choice":"Became a vampire","floor":21.0,"gold_loss":0.0,"damage_taken":0.0,"cards_obtained":["Bite","Bite","Bite","Bite","Bite"]},{"damage_healed":0.0,"max_hp_gain":0.0,"max_hp_loss":0.0,"gold_gain":0.0,"event_name":"Drug Dealer","player_choice":"Inject Mutagens","floor":25.0,"gold_loss":0.0,"damage_taken":0.0,"relics_obtained":["MutagenicStrength"]},{"cards_removed":["Dash"],"damage_healed":0,"gold_gain":0,"player_choice":"Offered Uncommon","damage_taken":0,"max_hp_gain":0,"max_hp_loss":0,"event_name":"Bonfire Elementals","floor":36,"gold_loss":0},{"damage_healed":0,"gold_gain":0,"player_choice":"Max HP","damage_taken":0,"max_hp_gain":0,"max_hp_loss":3,"event_name":"Winding Halls","floor":37,"gold_loss":0},{"damage_healed":0,"gold_gain":0,"player_choice":"Ignored","damage_taken":0,"max_hp_gain":0,"max_hp_loss":0,"event_name":"NoteForYourself","floor":38,"gold_loss":0},{"damage_healed":0,"gold_gain":0,"player_choice":"Upgraded","damage_taken":0,"max_hp_gain":0,"max_hp_loss":0,"event_name":"Upgrade Shrine","floor":46,"gold_loss":0,"cards_upgraded":["Bite"]}],"is_beta":false,"boss_relics":[{"not_picked":["Snecko Eye","Orrery"],"picked":"WristBlade"},{"not_picked":["Pandora\u0027s Box","Eternal Feather"],"picked":"Sozu"}],"items_purged_floors":[5,20,30],"is_endless":false,"potions_floor_spawned":[1,6,22,44,45],"ascension_level":3}