{"gold_per_floor":[119,119,134,152,152,181,181,213,213,213,232,243,93,105,105,205,205,223,188,188,199,19,45,45,62,62,62,12,12,12,24,24,126,126,143,65,80,80,80,107,26,26,26,37,37,64,79,179,179,179],"floor_reached":51,"playtime":3338,"items_purged":["Strike_B"],"score":808,"play_id":"06203c9c-1a1f-4580-9981-5d570bc40db8","local_time":"20190221092127","is_ascension_mode":false,"campfire_choices":[{"data":"Cold Snap","floor":7,"key":"SMITH"},{"floor":10,"key":"REST"},{"floor":15,"key":"REST"},{"floor":27,"key":"REST"},{"data":"Seek","floor":30,"key":"SMITH"},{"floor":32,"key":"REST"},{"floor":42,"key":"REST"},{"data":"Cold Snap","floor":45,"key":"SMITH"},{"floor":49,"key":"REST"}],"neow_cost":"NONE","seed_source_timestamp":616022520200,"circlet_count":0,"master_deck":["Strike_B","Strike_B","Defend_B","Defend_B","Defend_B","Defend_B","Zap","Dualcast","Cold Snap+1","Biased Cognition","Conserve Battery","Heatsinks","Ball Lightning","Seek+1","Coolheaded","Cold Snap","Coolheaded","Defragment+1","All For One","Blizzard","Defragment+1","Conserve Battery","Go for the Eyes","Cold Snap+1","Ball Lightning","Go for the Eyes+1","Capacitor+1","Flash of Steel","Loop+1","Capacitor+1"],"relics":["Cracked Core","NeowsBlessing","PreservedInsect","StoneCalendar","Frozen Egg 2","Busted Crown","Meat on the Bone","Lantern","Singing Bowl","Orrery","Nunchaku","Shuriken","Blood Vial","Mango"],"potions_floor_usage":[23,50,50],"damage_taken":[{"damage":0,"enemies":"2 Louse","floor":1,"turns":1},{"damage":0,"enemies":"Cultist","floor":3,"turns":1},{"damage":0,"enemies":"Jaw Worm","floor":4,"turns":1},{"damage":18,"enemies":"Gremlin Nob","floor":6,"turns":5},{"damage":14,"enemies":"3 Sentries","floor":8,"turns":5},{"damage":1,"enemies":"Red Slaver","floor":11,"turns":3},{"damage":9,"enemies":"Lots of Slimes","floor":12,"turns":3},{"damage":7,"enemies":"Exordium Thugs","floor":14,"turns":6},{"damage":0,"enemies":"Slime Boss","floor":16,"turns":7},{"damage":11,"enemies":"3 Byrds","floor":18,"turns":5},{"damage":5,"enemies":"2 Thieves","floor":21,"turns":4},{"damage":25,"enemies":"Gremlin Leader","floor":23,"turns":7},{"damage":15,"enemies":"Snake Plant","floor":25,"turns":3},{"damage":16,"enemies":"Shelled Parasite and Fungi","floor":31,"turns":6},{"damage":13,"enemies":"Automaton","floor":33,"turns":11},{"damage":12,"enemies":"3 Shapes","floor":35,"turns":4},{"damage":13,"enemies":"3 Darklings","floor":37,"turns":6},{"damage":9,"enemies":"Reptomancer","floor":40,"turns":7},{"damage":0,"enemies":"Transient","floor":44,"turns":5},{"damage":32,"enemies":"Nemesis","floor":46,"turns":7},{"damage":18,"enemies":"Jaw Worm Horde","floor":47,"turns":6},{"damage":0,"enemies":"Mind Bloom Boss Battle","floor":48,"turns":7},{"damage":13,"enemies":"Time Eater","floor":50,"turns":12}],"seed_played":"-3210603775278423875","potions_obtained":[{"floor":1,"key":"FearPotion"},{"floor":3,"key":"Weak Potion"},{"floor":8,"key":"SpeedPotion"},{"floor":14,"key":"EssenceOfSteel"},{"floor":35,"key":"FocusPotion"}],"is_trial":false,"path_per_floor":["M","?","M","M","?","E","R","E","T","R","M","M","$","M","R","B",null,"M","$","T","M","$","E","?","M","T","R","?","$","R","M","R","B",null,"M","$","M","$","?","E","$","R","T","M","R","E","M","?","R","B",null],"character_chosen":"DEFECT","items_purchased":["Cold Snap","Coolheaded","Blizzard","Defragment+1","Conserve Battery","Go for the Eyes","Cold Snap","Capacitor+1","Loop+1"],"campfire_rested":6,"item_purchase_floors":[13,13,19,22,22,22,22,36,41],"current_hp_per_floor":[75,75,75,75,75,57,57,43,43,65,64,55,55,48,70,70,75,64,64,64,59,59,46,46,43,43,65,65,65,65,49,71,60,87,77,77,66,66,66,59,59,86,86,88,88,58,56,72,105,94],"gold":179,"neow_bonus":"THREE_ENEMY_KILL","is_prod":false,"is_daily":false,"chose_seed":false,"campfire_upgraded":3,"win_rate":0.0,"timestamp":1550769687,"path_taken":["M","?","?","M","?","E","R","E","T","R","M","M","$","?","R","BOSS","M","$","?","M","?","E","?","M","T","R","?","$","R","M","R","BOSS","M","$","?","$","?","E","?","R","T","?","R","E","M","?","R","BOSS"],"build_version":"2019-01-23","purchased_purges":1,"victory":true,"max_hp_per_floor":[75,75,75,75,75,75,75,75,75,75,75,75,75,75,75,75,75,75,75,75,75,75,75,75,75,75,75,75,75,75,75,75,77,87,89,89,91,91,91,93,93,93,93,95,95,97,99,113,113,113],"card_choices":[{"not_picked":["Heatsinks","Static Discharge"],"picked":"Cold Snap","floor":1},{"not_picked":["Go for the Eyes","Hologram"],"picked":"Biased Cognition","floor":3},{"not_picked":["Ball Lightning","Aggregate"],"picked":"Conserve Battery","floor":4},{"not_picked":["Steam","All For One"],"picked":"Ball Lightning","floor":6},{"not_picked":["Redo","Streamline"],"picked":"Seek","floor":8},{"not_picked":["Static Discharge+1","Consume","Melter"],"picked":"SKIP","floor":11},{"not_picked":["Stack","Steam Power"],"picked":"Coolheaded","floor":12},{"not_picked":["Compile Driver","Coolheaded"],"picked":"Defragment+1","floor":14},{"not_picked":["Rainbow","Reboot"],"picked":"All For One","floor":16},{"not_picked":["Stack"],"picked":"SKIP","floor":18},{"not_picked":["Doom and Gloom+1"],"picked":"SKIP","floor":21},{"not_picked":[],"picked":"Ball Lightning","floor":23},{"not_picked":["Beam Cell"],"picked":"SKIP","floor":25},{"not_picked":[],"picked":"Go for the Eyes+1","floor":31},{"not_picked":["Thunder Strike"],"picked":"Singing Bowl","floor":33},{"not_picked":["Beam Cell+1"],"picked":"Singing Bowl","floor":34},{"not_picked":["Tempest"],"picked":"Singing Bowl","floor":34},{"not_picked":["Steam Power"],"picked":"Singing Bowl","floor":34},{"not_picked":["Beam Cell"],"picked":"Singing Bowl","floor":34},{"not_picked":["Skim+1"],"picked":"Singing Bowl","floor":34},{"not_picked":["Compile Driver+1"],"picked":"Singing Bowl","floor":35},{"not_picked":["Compile Driver+1"],"picked":"Singing Bowl","floor":37},{"not_picked":[],"picked":"Flash of Steel","floor":39},{"not_picked":["Beam Cell"],"picked":"Singing Bowl","floor":40},{"not_picked":["Beam Cell+1"],"picked":"Singing Bowl","floor":44},{"not_picked":["Fusion+1"],"picked":"Singing Bowl","floor":46},{"not_picked":["Beam Cell+1"],"picked":"Singing Bowl","floor":47},{"not_picked":[],"picked":"Capacitor+1","floor":48}],"player_experience":212692,"relics_obtained":[{"floor":6,"key":"PreservedInsect"},{"floor":8,"key":"StoneCalendar"},{"floor":9,"key":"Frozen Egg 2"},{"floor":20,"key":"Meat on the Bone"},{"floor":23,"key":"Lantern"},{"floor":26,"key":"Singing Bowl"},{"floor":40,"key":"Nunchaku"},{"floor":43,"key":"Shuriken"},{"floor":46,"key":"Blood Vial"},{"floor":48,"key":"Mango"}],"event_choices":[{"damage_healed":0,"gold_gain":0,"player_choice":"Ignored","damage_taken":0,"max_hp_gain":0,"max_hp_loss":0,"event_name":"NoteForYourself","floor":2,"gold_loss":0},{"damage_healed":0,"gold_gain":0,"cards_transformed":["Strike_B"],"player_choice":"Transformed","damage_taken":0,"max_hp_gain":0,"max_hp_loss":0,"event_name":"Transmorgrifier","floor":5,"gold_loss":0,"cards_obtained":["Heatsinks"]},{"damage_healed":0,"gold_gain":0,"player_choice":"Ignored","damage_taken":0,"max_hp_gain":0,"max_hp_loss":0,"event_name":"Ghosts","floor":24,"gold_loss":0},{"damage_healed":0,"gold_gain":0,"player_choice":"Bet on Owner","damage_taken":0,"max_hp_gain":0,"max_hp_loss":0,"event_name":"The Joust","floor":28,"gold_loss":50},{"damage_healed":0,"gold_gain":0,"player_choice":"Memory 1","damage_taken":0,"max_hp_gain":0,"max_hp_loss":0,"event_name":"SensoryStone","floor":39,"gold_loss":0},{"damage_healed":0,"gold_gain":0,"player_choice":"Fight","damage_taken":0,"max_hp_gain":0,"max_hp_loss":0,"event_name":"MindBloom","floor":48,"gold_loss":0}],"is_beta":false,"boss_relics":[{"not_picked":["Inserter","Tiny House"],"picked":"Busted Crown"},{"not_picked":["Runic Dome","Velvet Choker"],"picked":"Orrery"}],"items_purged_floors":[13],"is_endless":false,"potions_floor_spawned":[1,3,8,12,14,18,21,23,35,44,47,48],"ascension_level":0}