{"gold_per_floor":[116,131,57,57,17,17,17,42,69,83,83,99,110,120,120,220,220,232,232,232,232,245,245,245],"floor_reached":24,"playtime":1398,"items_purged":[],"score":225,"play_id":"0dab288a-5206-46dc-8636-f047c6a6f798","local_time":"20181010002530","is_ascension_mode":true,"campfire_choices":[{"floor":6,"key":"REST"},{"floor":11,"key":"REST"},{"floor":15,"key":"REST"},{"floor":23,"key":"REST"}],"neow_cost":"NONE","seed_source_timestamp":128907600513700,"circlet_count":0,"master_deck":["Zap","Dualcast","Consume","Redo","Double Energy","Self Repair","Chaos","Leap","Lockon","Turbo","Turbo","Seek","Chill","Storm","Leap","Coolheaded","Turbo","Streamline","Barrage","Leap","Writhe"],"relics":["Cracked Core","Letter Opener","Mummified Hand","Happy Flower","Pandora\u0027s Box","Gremlin Horn"],"potions_floor_usage":[8,8,8,8,8,16,16],"damage_taken":[{"damage":1,"enemies":"Cultist","floor":1,"turns":3},{"damage":0,"enemies":"Small Slimes","floor":2,"turns":2},{"damage":10,"enemies":"3 Sentries","floor":8,"turns":5},{"damage":2,"enemies":"Jaw Worm","floor":10,"turns":3},{"damage":29,"enemies":"Lots of Slimes","floor":12,"turns":3},{"damage":0,"enemies":"Large Slime","floor":13,"turns":6},{"damage":15,"enemies":"2 Fungi Beasts","floor":14,"turns":3},{"damage":45,"enemies":"Hexaghost","floor":16,"turns":10},{"damage":15,"enemies":"3 Byrds","floor":18,"turns":4},{"damage":35,"enemies":"2 Thieves","floor":22,"turns":4},{"damage":70,"enemies":"Centurion and Healer","floor":24,"turns":13}],"seed_played":"-622898598673282098","potions_obtained":[{"floor":0,"key":"Poison Potion"},{"floor":0,"key":"LiquidBronze"},{"floor":0,"key":"EntropicBrew"},{"floor":12,"key":"Block Potion"},{"floor":14,"key":"Ancient Potion"}],"is_trial":false,"path_per_floor":["M","M","$","?","$","R","?","E","T","M","R","M","M","M","R","B",null,"M","?","?","?","M","R"],"character_chosen":"DEFECT","items_purchased":["Double Energy","Self Repair"],"campfire_rested":4,"item_purchase_floors":[3,5],"current_hp_per_floor":[74,74,74,32,32,54,54,51,51,56,75,53,60,45,67,29,75,67,75,75,75,40,62,0],"gold":245,"neow_bonus":"THREE_SMALL_POTIONS","is_prod":false,"is_daily":false,"chose_seed":false,"campfire_upgraded":0,"win_rate":0,"timestamp":1539123930,"path_taken":["M","?","$","?","$","R","?","E","T","M","R","M","M","?","R","BOSS","M","?","?","?","?","R","M"],"build_version":"2018-10-04v2","purchased_purges":0,"victory":false,"max_hp_per_floor":[75,75,75,75,75,75,75,75,75,75,75,75,75,75,75,75,75,75,75,75,75,75,75,75],"card_choices":[{"not_picked":["FTL","Reinforced Body"],"picked":"Consume","floor":1},{"not_picked":["Cold Snap","Go for the Eyes"],"picked":"Redo","floor":2},{"not_picked":["Coolheaded","Force Field"],"picked":"Chaos","floor":8},{"not_picked":["Consume","Cold Snap"],"picked":"Leap","floor":10},{"not_picked":["Blizzard","Steam"],"picked":"Lockon","floor":12},{"not_picked":["Heatsinks","Hello World"],"picked":"Turbo","floor":13},{"not_picked":["Hologram","Go for the Eyes"],"picked":"Turbo","floor":14},{"not_picked":["Fission","Rainbow"],"picked":"Seek","floor":16},{"not_picked":["Turbo","Streamline"],"picked":"Leap","floor":18},{"not_picked":["Hologram","Streamline","Stack+1"],"picked":"SKIP","floor":22}],"player_experience":599915,"relics_obtained":[{"floor":8,"key":"Mummified Hand"},{"floor":9,"key":"Happy Flower"}],"event_choices":[{"event_name":"Scrap Ooze","player_choice":"success","floor":4,"damage_taken":42},{"event_name":"The Cleric","player_choice":"Leave","floor":7,"damage_taken":0},{"event_name":"Bonfire Elementals","player_choice":"UNCOMMON","floor":19,"damage_taken":0},{"event_name":"Vampires","player_choice":"Ignored","floor":20,"damage_taken":0},{"event_name":"The Mausoleum","player_choice":"Yes","floor":21,"damage_taken":0}],"is_beta":false,"boss_relics":[{"not_picked":["Philosopher\u0027s Stone","Calling Bell"],"picked":"Pandora\u0027s Box"}],"items_purged_floors":[],"is_endless":false,"potions_floor_spawned":[1,12,14],"killed_by":"Centurion and Healer","ascension_level":3}