{"gold_per_floor":[112,112,32,32,32,32,43,43,43,54,73,73,93,268,268,371,371,371,286,286,286,286,286,286,286],"floor_reached":25,"playtime":980,"items_purged":[],"score":266,"play_id":"1545e70b-c4ae-4319-9bb2-126bf673c5fd","local_time":"20190425190101","is_ascension_mode":true,"campfire_choices":[{"data":"Endless Agony","floor":6,"key":"SMITH"},{"data":"Dagger Spray","floor":8,"key":"SMITH"},{"data":"Dodge and Roll","floor":15,"key":"SMITH"},{"floor":23,"key":"REST"}],"neow_cost":"NONE","seed_source_timestamp":1246618064384200,"circlet_count":0,"master_deck":["Defend_G","Defend_G","Defend_G","Defend_G","Defend_G","Strike_G","Strike_G","Strike_G","Strike_G","Strike_G","Survivor","Neutralize+1","Sucker Punch","Endless Agony+1","Caltrops","Dagger Spray+1","PiercingWail","Dodge and Roll+1","Regret","Choke+1","Doubt","A Thousand Cuts","Finisher+1","Footwork","RitualDagger+1","Dash+1"],"relics":["Ring of the Snake","Blue Candle","Molten Egg 2","Ectoplasm","MawBank","Paper Crane"],"potions_floor_usage":[21,25],"damage_taken":[{"damage":0,"enemies":"2 Louse","floor":1,"turns":3},{"damage":1,"enemies":"Small Slimes","floor":4,"turns":3},{"damage":1,"enemies":"Cultist","floor":7,"turns":3},{"damage":0,"enemies":"2 Fungi Beasts","floor":10,"turns":3},{"damage":6,"enemies":"Looter","floor":11,"turns":3},{"damage":11,"enemies":"Large Slime","floor":13,"turns":6},{"damage":46,"enemies":"The Guardian","floor":16,"turns":17},{"damage":9,"enemies":"Chosen","floor":18,"turns":6},{"damage":22,"enemies":"Shell Parasite","floor":20,"turns":5},{"damage":3,"enemies":"Cultist and Chosen","floor":21,"turns":6},{"damage":35,"enemies":"Slavers","floor":24,"turns":8},{"damage":9,"enemies":"Centurion and Healer","floor":25,"turns":1}],"seed_played":"4745742290220135372","potions_obtained":[{"floor":11,"key":"FearPotion"},{"floor":13,"key":"Fire Potion"},{"floor":18,"key":"Dexterity Potion"}],"is_trial":false,"path_per_floor":["M","?","$","M","?","R","M","R","T","M","M","?","M","?","R","B",null,"M","?","M","M","?","R","E","M"],"character_chosen":"THE_SILENT","items_purchased":["Endless Agony"],"campfire_rested":1,"item_purchase_floors":[3],"current_hp_per_floor":[77,77,77,76,76,76,75,75,75,75,69,69,58,58,58,12,61,52,52,30,27,21,44,9,0],"gold":286,"neow_bonus":"TEN_PERCENT_HP_BONUS","is_prod":false,"is_daily":false,"chose_seed":false,"campfire_upgraded":3,"win_rate":0,"timestamp":1556244061,"path_taken":["M","?","$","M","?","R","M","R","T","?","M","?","M","?","R","BOSS","M","?","M","M","?","R","E","M"],"build_version":"2019-01-23","purchased_purges":0,"victory":false,"max_hp_per_floor":[77,77,77,77,77,77,77,77,77,77,77,77,77,77,77,77,77,77,77,77,77,77,77,77,77],"card_choices":[{"not_picked":["Underhanded Strike","Bane"],"picked":"Sucker Punch","floor":1},{"not_picked":["Prepared","Calculated Gamble"],"picked":"Caltrops","floor":4},{"not_picked":["Outmaneuver","Acrobatics"],"picked":"Dagger Spray","floor":7},{"not_picked":["Outmaneuver","Sucker Punch"],"picked":"PiercingWail","floor":10},{"not_picked":["Terror","Bouncing Flask"],"picked":"Dodge and Roll","floor":11},{"not_picked":["Acrobatics","Calculated Gamble"],"picked":"Choke+1","floor":13},{"not_picked":["Die Die Die+1","Phantasmal Killer"],"picked":"A Thousand Cuts","floor":16},{"not_picked":["Expertise","Backflip"],"picked":"Finisher+1","floor":18},{"not_picked":["Deadly Poison+1","Reflex"],"picked":"Footwork","floor":20},{"not_picked":["Prepared+1","Underhanded Strike+1","Outmaneuver"],"picked":"SKIP","floor":21},{"not_picked":["Concentrate","Underhanded Strike+1"],"picked":"Dash+1","floor":24}],"player_experience":362079,"relics_obtained":[{"floor":9,"key":"Blue Candle"},{"floor":24,"key":"Paper Crane"}],"event_choices":[{"damage_healed":0,"gold_gain":0,"player_choice":"Grow","damage_taken":0,"max_hp_gain":0,"max_hp_loss":0,"event_name":"Living Wall","floor":2,"gold_loss":0,"cards_upgraded":["Neutralize"]},{"damage_healed":0,"gold_gain":0,"player_choice":"Ignored","damage_taken":0,"max_hp_gain":0,"max_hp_loss":0,"event_name":"NoteForYourself","floor":5,"gold_loss":0},{"damage_healed":0,"gold_gain":0,"player_choice":"Box","damage_taken":0,"relics_obtained":["Molten Egg 2"],"max_hp_gain":0,"max_hp_loss":0,"event_name":"Big Fish","floor":12,"gold_loss":0,"cards_obtained":["Regret"]},{"damage_healed":0,"gold_gain":175,"player_choice":"AGREE","damage_taken":0,"max_hp_gain":0,"max_hp_loss":0,"event_name":"Liars Game","floor":14,"gold_loss":0,"cards_obtained":["Doubt"]},{"damage_healed":0,"gold_gain":0,"player_choice":"Obtained Relic","damage_taken":0,"relics_obtained":["MawBank"],"max_hp_gain":0,"max_hp_loss":0,"event_name":"Addict","floor":19,"gold_loss":85},{"damage_healed":0,"gold_gain":0,"player_choice":"Joined the Cult","damage_taken":6,"max_hp_gain":0,"max_hp_loss":0,"event_name":"Nest","floor":22,"gold_loss":0,"cards_obtained":["RitualDagger"]}],"is_beta":false,"boss_relics":[{"not_picked":["Fusion Hammer","Lizard Tail"],"picked":"Ectoplasm"}],"items_purged_floors":[],"is_endless":false,"potions_floor_spawned":[11,13,18],"killed_by":"Centurion and Healer","ascension_level":5}