{"gold_per_floor":[113,113,131,56,73,73,107,120,120,38,38,67,67,96,96,199,199,212,132,148,48,58,58],"floor_reached":23,"playtime":1324,"items_purged":["Pain","Strike_B","Strike_B"],"score":240,"play_id":"34862d35-bc05-43a8-bcb1-b9b86b086242","local_time":"20190417100603","is_ascension_mode":true,"campfire_choices":[{"data":"Zap","floor":6.0,"key":"SMITH"},{"data":"Ball Lightning","floor":11.0,"key":"SMITH"},{"data":"Glacier","floor":13.0,"key":"SMITH"},{"data":"Reinforced Body","floor":15.0,"key":"SMITH"}],"neow_cost":"NONE","seed_source_timestamp":0,"circlet_count":0,"master_deck":["Strike_B","Strike_B","Defend_B","Defend_B","Defend_B","Defend_B","Zap+1","Dualcast","Auto Shields","Leap","Chill","Reinforced Body+1","Ball Lightning+1","Glacier+1","Ball Lightning","Genetic Algorithm","Biased Cognition","Go for the Eyes","Conserve Battery","Cold Snap"],"special_seed":0,"relics":["Cracked Core","Art of War","WarpedTongs","Ornamental Fan","Pantograph","The Courier","Matryoshka","Fusion Hammer"],"potions_floor_usage":[],"damage_taken":[{"damage":0.0,"enemies":"2 Louse","floor":1.0,"turns":1.0},{"damage":3.0,"enemies":"Cultist","floor":3.0,"turns":3.0},{"damage":2.0,"enemies":"Jaw Worm","floor":5.0,"turns":3.0},{"damage":11.0,"enemies":"Lagavulin","floor":7.0,"turns":7.0},{"damage":0.0,"enemies":"Blue Slaver","floor":8.0,"turns":4.0},{"damage":12.0,"enemies":"Gremlin Nob","floor":12.0,"turns":5.0},{"damage":6.0,"enemies":"3 Sentries","floor":14.0,"turns":7.0},{"damage":8.0,"enemies":"The Guardian","floor":16.0,"turns":13.0},{"damage":5.0,"enemies":"Spheric Guardian","floor":18.0,"turns":6.0},{"damage":0.0,"enemies":"Shell Parasite","floor":20.0,"turns":7.0},{"damage":0.0,"enemies":"Snecko","floor":22.0,"turns":9.0},{"damage":83,"enemies":"Gremlin Leader","floor":23,"turns":11}],"seed_played":"-3492255177832845617","potions_obtained":[{"floor":1.0,"key":"Explosive Potion"},{"floor":8.0,"key":"GamblersBrew"},{"floor":14.0,"key":"Ancient Potion"}],"is_trial":false,"path_per_floor":["M","?","M","$","M","R","E","M","T","$","R","E","R","E","R","B",null,"M","$","M","$","M","E"],"character_chosen":"DEFECT","items_purchased":["Glacier"],"campfire_rested":0,"item_purchase_floors":[10],"current_hp_per_floor":[75,75,72,72,70,70,59,59,59,59,59,47,47,41,41,58,75,70,70,70,70,70,0],"gold":58,"neow_bonus":"RANDOM_COMMON_RELIC","is_prod":false,"is_daily":false,"chose_seed":false,"campfire_upgraded":4,"win_rate":0,"timestamp":1555520763,"path_taken":["M","?","M","$","M","R","E","M","T","$","R","E","R","E","R","BOSS","M","$","M","$","M","E"],"build_version":"2019-01-23","purchased_purges":3,"victory":false,"max_hp_per_floor":[75,75,75,75,75,75,75,75,75,75,75,75,75,75,75,75,75,75,75,75,75,75,75],"card_choices":[{"not_picked":["Double Energy","Lockon"],"picked":"Auto Shields","floor":1.0},{"not_picked":["Lockon","Stack"],"picked":"Leap","floor":3.0},{"not_picked":["Redo","Reprogram"],"picked":"Chill","floor":5.0},{"not_picked":["Barrage","Beam Cell"],"picked":"Reinforced Body","floor":7.0},{"not_picked":["Sweeping Beam","Reinforced Body"],"picked":"Ball Lightning","floor":8.0},{"not_picked":["Steam","Streamline"],"picked":"Ball Lightning","floor":12.0},{"not_picked":["Ball Lightning","Go for the Eyes"],"picked":"Genetic Algorithm","floor":14.0},{"not_picked":["Meteor Strike","Seek"],"picked":"Biased Cognition","floor":16.0},{"not_picked":["Gash","Hologram"],"picked":"Go for the Eyes","floor":18.0},{"not_picked":["Ball Lightning+1","Steam+1"],"picked":"Conserve Battery","floor":20.0},{"not_picked":["Genetic Algorithm","Compile Driver"],"picked":"Cold Snap","floor":22.0}],"player_experience":309720,"relics_obtained":[{"floor":7.0,"key":"Ornamental Fan"},{"floor":9.0,"key":"Pantograph"},{"floor":12.0,"key":"The Courier"},{"floor":14.0,"key":"Matryoshka"}],"event_choices":[{"damage_healed":0.0,"max_hp_gain":0.0,"max_hp_loss":0.0,"gold_gain":0.0,"event_name":"Accursed Blacksmith","player_choice":"Rummage","floor":2.0,"gold_loss":0.0,"damage_taken":0.0,"relics_obtained":["WarpedTongs"],"cards_obtained":["Pain"]}],"is_beta":false,"boss_relics":[{"not_picked":["Eternal Feather","FrozenCore"],"picked":"Fusion Hammer"}],"items_purged_floors":[4,19,21],"is_endless":false,"potions_floor_spawned":[1,8,14,16,22],"killed_by":"Gremlin Leader","ascension_level":3}