{"gold_per_floor":[113,131,131,141,141,141,141,141,141,27,27,27,27,47,47,151,151,161,161,261,16,33,33,68,68,92,2,2,2,18,38,38,136,136,156,156,156,172,189,189,9,39,39,39,0,0,0,13,13,13],"floor_reached":51,"playtime":4176,"items_purged":[],"score":1071,"play_id":"75f3083c-4e34-4d11-b61d-d85e4a102d00","local_time":"20190415233857","is_ascension_mode":true,"campfire_choices":[{"floor":6,"key":"REST"},{"data":"Deadly Poison","floor":8,"key":"SMITH"},{"data":"Well Laid Plans","floor":12,"key":"SMITH"},{"data":"Escape Plan","floor":15,"key":"SMITH"},{"floor":23,"key":"REST"},{"data":"Expertise","floor":25,"key":"SMITH"},{"data":"Calculated Gamble","floor":29,"key":"SMITH"},{"data":"Reflex","floor":32,"key":"SMITH"},{"data":"Malaise","floor":40,"key":"SMITH"},{"data":"Malaise","floor":44,"key":"SMITH"},{"data":"Acrobatics","floor":46,"key":"SMITH"},{"data":"Prepared","floor":49,"key":"SMITH"}],"neow_cost":"NONE","seed_source_timestamp":365748463653042,"circlet_count":0,"master_deck":["Defend_G","Defend_G","Defend_G+1","Defend_G","Defend_G","Survivor","Neutralize","Calculated Gamble+1","A Thousand Cuts+1","Deflect","Backflip","Escape Plan+1","Well Laid Plans+1","Deflect","Malaise+1","Caltrops+1","Expertise+1","Backflip+1","Calculated Gamble+1","Acrobatics+1","Cloak And Dagger","Reflex+1","Reflex+1","Underhanded Strike+1","Deflect+1","Malaise+1","Acrobatics+1","Setup+1","Prepared+1","Expertise","Deflect","Prepared+1"],"relics":["Astrolabe","WarpedTongs","Anchor","Letter Opener","Empty Cage","Gambling Chip","Ornamental Fan","Blood Vial","Strawberry","Potion Belt","Enchiridion","Runic Pyramid","War Paint","Molten Egg 2","Ninja Scroll","Red Mask"],"potions_floor_usage":[16,20,38,42,42,50],"damage_taken":[{"damage":1,"enemies":"Cultist","floor":1,"turns":3},{"damage":6,"enemies":"Small Slimes","floor":2,"turns":3},{"damage":10,"enemies":"2 Louse","floor":4,"turns":3},{"damage":0,"enemies":"Looter","floor":14,"turns":3},{"damage":0,"enemies":"The Guardian","floor":16,"turns":7},{"damage":8,"enemies":"Spheric Guardian","floor":18,"turns":5},{"damage":4,"enemies":"Colosseum Slavers","floor":20,"turns":3},{"damage":13,"enemies":"Colosseum Nobs","floor":20,"turns":6},{"damage":0,"enemies":"3 Byrds","floor":22,"turns":3},{"damage":0,"enemies":"Book of Stabbing","floor":24,"turns":7},{"damage":0,"enemies":"Centurion and Healer","floor":30,"turns":4},{"damage":7,"enemies":"Shelled Parasite and Fungi","floor":31,"turns":4},{"damage":3,"enemies":"Automaton","floor":33,"turns":7},{"damage":0,"enemies":"Orb Walker","floor":35,"turns":4},{"damage":0,"enemies":"3 Darklings","floor":38,"turns":4},{"damage":0,"enemies":"Spire Growth","floor":39,"turns":5},{"damage":22,"enemies":"Giant Head","floor":42,"turns":7},{"damage":0,"enemies":"Maw","floor":48,"turns":6},{"damage":22,"enemies":"Time Eater","floor":50,"turns":11}],"seed_played":"-2160952028174640308","potions_obtained":[{"floor":1,"key":"SteroidPotion"},{"floor":14,"key":"LiquidBronze"},{"floor":18,"key":"Ancient Potion"},{"floor":20,"key":"SpeedPotion"},{"floor":31,"key":"Swift Potion"},{"floor":35,"key":"PowerPotion"},{"floor":37,"key":"FairyPotion"},{"floor":37,"key":"Energy Potion"},{"floor":37,"key":"Regen Potion"},{"floor":38,"key":"Dexterity Potion"}],"is_trial":false,"path_per_floor":["M","M","?","M","?","R","?","R","T","$","?","R","$","M","R","B",null,"M","?","?","$","M","R","E","R","T","$","?","R","M","M","R","B",null,"M","?","?","M","M","R","$","E","T","R","?","R","?","M","R","B",null],"character_chosen":"THE_SILENT","items_purchased":["Escape Plan","Well Laid Plans","Blood Vial","Calculated Gamble","Acrobatics","Reflex","AttackPotion","War Paint","Expertise"],"campfire_rested":2,"item_purchase_floors":[10,10,21,21,21,27,27,41,41],"current_hp_per_floor":[62,56,56,46,46,67,64,64,64,64,64,64,64,64,64,64,69,61,61,44,44,46,67,76,76,76,76,60,60,62,57,57,56,72,74,74,74,76,77,77,77,60,60,60,60,60,65,67,67,47],"gold":13,"neow_bonus":"BOSS_RELIC","is_prod":false,"is_daily":false,"chose_seed":false,"campfire_upgraded":10,"win_rate":0,"timestamp":1555396737,"path_taken":["M","?","?","?","?","R","?","R","T","$","?","R","?","M","R","BOSS","M","?","?","$","M","R","E","R","T","$","?","R","M","?","R","BOSS","M","?","?","M","?","R","?","E","T","R","?","R","?","M","R","BOSS"],"build_version":"2019-01-23","purchased_purges":0,"victory":true,"max_hp_per_floor":[70,70,70,70,70,70,70,70,70,70,70,70,70,70,70,70,70,70,70,70,70,70,70,77,77,77,77,77,77,77,77,77,77,77,77,77,77,77,77,77,77,77,77,77,77,77,77,77,77,77],"card_choices":[{"not_picked":["Distraction","Deadly Poison"],"picked":"Deflect","floor":1},{"not_picked":["Masterful Stab","Outmaneuver"],"picked":"Deadly Poison","floor":2},{"not_picked":["Sucker Punch","PiercingWail"],"picked":"Backflip","floor":4},{"not_picked":["Dash","Poisoned Stab"],"picked":"Deflect","floor":14},{"not_picked":["Grand Finale","Bullet Time"],"picked":"Malaise","floor":16},{"not_picked":["Dagger Throw","Flying Knee"],"picked":"Caltrops+1","floor":18},{"not_picked":["Leg Sweep","Masterful Stab+1"],"picked":"Backflip+1","floor":20},{"not_picked":["Poisoned Stab+1","Dash"],"picked":"Cloak And Dagger","floor":22},{"not_picked":["Blur","Bane"],"picked":"Reflex+1","floor":24},{"not_picked":["Slice","Night Terror"],"picked":"Underhanded Strike+1","floor":30},{"not_picked":["All Out Attack","Underhanded Strike+1"],"picked":"Deflect+1","floor":31},{"not_picked":["Storm of Steel","Die Die Die"],"picked":"Malaise","floor":33},{"not_picked":["Outmaneuver","Poisoned Stab+1"],"picked":"Acrobatics","floor":35},{"not_picked":["Accuracy+1","Acrobatics+1"],"picked":"Setup+1","floor":38},{"not_picked":["Quick Slash+1","Slice"],"picked":"Prepared+1","floor":39},{"not_picked":["Dagger Spray","Backflip+1"],"picked":"Deflect","floor":42},{"not_picked":["Outmaneuver","Bane+1"],"picked":"Prepared","floor":48}],"player_experience":1388298,"relics_obtained":[{"floor":9,"key":"Letter Opener"},{"floor":20,"key":"Gambling Chip"},{"floor":20,"key":"Ornamental Fan"},{"floor":24,"key":"Strawberry"},{"floor":26,"key":"Potion Belt"},{"floor":28,"key":"Enchiridion"},{"floor":42,"key":"Molten Egg 2"},{"floor":43,"key":"Ninja Scroll"}],"event_choices":[{"damage_healed":0,"gold_gain":0,"player_choice":"Rummage","damage_taken":0,"relics_obtained":["WarpedTongs"],"max_hp_gain":0,"max_hp_loss":0,"event_name":"Accursed Blacksmith","floor":3,"gold_loss":0,"cards_obtained":["Pain"]},{"cards_removed":["Pain"],"damage_healed":0,"gold_gain":0,"player_choice":"Forget","damage_taken":0,"max_hp_gain":0,"max_hp_loss":0,"event_name":"Living Wall","floor":5,"gold_loss":0},{"damage_healed":0,"gold_gain":0,"player_choice":"Success","damage_taken":3,"relics_obtained":["Anchor"],"max_hp_gain":0,"max_hp_loss":0,"event_name":"Scrap Ooze","floor":7,"gold_loss":0},{"damage_healed":0,"gold_gain":0,"player_choice":"Leave","damage_taken":0,"max_hp_gain":0,"max_hp_loss":0,"event_name":"The Cleric","floor":11,"gold_loss":0},{"damage_healed":0,"gold_gain":0,"player_choice":"Read","damage_taken":0,"max_hp_gain":0,"max_hp_loss":0,"event_name":"The Library","floor":19,"gold_loss":0,"cards_obtained":["Expertise"]},{"damage_healed":0,"gold_gain":0,"player_choice":"Fight","damage_taken":0,"max_hp_gain":0,"max_hp_loss":0,"event_name":"Colosseum","floor":20,"gold_loss":0},{"damage_healed":0,"gold_gain":0,"player_choice":"Fought Nobs","damage_taken":0,"max_hp_gain":0,"max_hp_loss":0,"event_name":"Colosseum","floor":20,"gold_loss":0},{"damage_healed":0,"gold_gain":0,"player_choice":"Obtained Book","damage_taken":16,"max_hp_gain":0,"max_hp_loss":0,"event_name":"Cursed Tome","floor":28,"gold_loss":0},{"cards_removed":["Bane"],"damage_healed":0,"gold_gain":0,"player_choice":"Removed Attack","damage_taken":0,"max_hp_gain":0,"max_hp_loss":0,"event_name":"Falling","floor":36,"gold_loss":0},{"damage_healed":0,"gold_gain":0,"player_choice":"Got Potions","damage_taken":0,"max_hp_gain":0,"max_hp_loss":0,"event_name":"Lab","floor":37,"gold_loss":0},{"damage_healed":0,"gold_gain":0,"player_choice":"Paid","damage_taken":0,"relics_obtained":["Red Mask"],"max_hp_gain":0,"max_hp_loss":0,"event_name":"Tomb of Lord Red Mask","floor":45,"gold_loss":39},{"cards_removed":["Deadly Poison"],"damage_healed":5,"gold_gain":0,"player_choice":"Offered Common","damage_taken":0,"max_hp_gain":0,"max_hp_loss":0,"event_name":"Bonfire Elementals","floor":47,"gold_loss":0},{"cards_removed":["Deadly Poison"],"damage_healed":5,"gold_gain":0,"player_choice":"Offered Special","damage_taken":0,"max_hp_gain":0,"max_hp_loss":0,"event_name":"Bonfire Elementals","floor":47,"gold_loss":0}],"is_beta":false,"boss_relics":[{"not_picked":["White Beast Statue","HoveringKite"],"picked":"Empty Cage"},{"not_picked":["Snecko Eye","WristBlade"],"picked":"Runic Pyramid"}],"items_purged_floors":[],"is_endless":false,"potions_floor_spawned":[1,14,18,20,20,31,35,38],"ascension_level":8}