{"gold_per_floor":[117,192,49,224,236,271,271,271,271,283,34,50,68,97,97,197,197,207,220,55,55,65,65,79,79],"floor_reached":25,"playtime":2781,"items_purged":["Doubt"],"score":251,"play_id":"b9558265-a4e7-4875-8157-83913b2e735a","local_time":"20190504180414","is_ascension_mode":true,"campfire_choices":[{"data":"Bash","floor":7,"key":"SMITH"},{"data":"Metallicize","floor":15,"key":"SMITH"},{"data":"Barricade","floor":23,"key":"SMITH"}],"neow_cost":"NONE","seed_source_timestamp":1377946512456732,"circlet_count":0,"master_deck":["Strike_R+1","Strike_R","Strike_R","Strike_R","Defend_R","Defend_R","Defend_R+1","Bash+1","Iron Wave","Shockwave+1","Shrug It Off+1","Intimidate+1","Shrug It Off+1","Metallicize+1","Barricade+1","Warcry+1","Headbutt","Offering+1","Flash of Steel","Shockwave+1"],"relics":["Burning Blood","NeowsBlessing","Art of War","Toxic Egg 2","Self Forming Clay","Strawberry","Odd Mushroom","Empty Cage","MutagenicStrength"],"potions_floor_usage":[18,25],"damage_taken":[{"damage":0,"enemies":"Jaw Worm","floor":1,"turns":1},{"damage":0,"enemies":"Small Slimes","floor":5,"turns":1},{"damage":0,"enemies":"Lagavulin","floor":6,"turns":1},{"damage":2,"enemies":"2 Louse","floor":10,"turns":2},{"damage":3,"enemies":"Looter","floor":12,"turns":3},{"damage":0,"enemies":"2 Fungi Beasts","floor":13,"turns":4},{"damage":20,"enemies":"The Mushroom Lair","floor":14,"turns":6},{"damage":49,"enemies":"Slime Boss","floor":16,"turns":23},{"damage":25,"enemies":"3 Byrds","floor":18,"turns":13},{"damage":7,"enemies":"Shell Parasite","floor":19,"turns":9},{"damage":18,"enemies":"Snake Plant","floor":22,"turns":8},{"damage":15,"enemies":"Shelled Parasite and Fungi","floor":24,"turns":10},{"damage":69,"enemies":"Gremlin Leader","floor":25,"turns":8}],"seed_played":"-1321280433439652381","potions_obtained":[{"floor":6,"key":"BloodPotion"},{"floor":12,"key":"SpeedPotion"},{"floor":14,"key":"Regen Potion"},{"floor":18,"key":"Weak Potion"}],"is_trial":false,"path_per_floor":["M","?","$","?","M","E","R","?","T","M","$","M","M","?","R","B",null,"M","M","$","?","M","R","M","E"],"character_chosen":"IRONCLAD","items_purchased":["Art of War","Shrug It Off+1","Strawberry","Offering+1","Flash of Steel"],"campfire_rested":0,"item_purchase_floors":[3,11,11,20,20],"current_hp_per_floor":[80,69,69,69,75,80,80,64,64,68,75,78,84,70,70,27,87,68,67,67,67,55,55,46,0],"gold":79,"neow_bonus":"THREE_ENEMY_KILL","is_prod":false,"is_daily":false,"chose_seed":false,"campfire_upgraded":3,"win_rate":0,"timestamp":1557011054,"path_taken":["M","?","$","?","M","E","R","?","T","M","$","M","M","?","R","BOSS","M","M","$","?","M","R","M","E"],"build_version":"2019-01-23","purchased_purges":1,"victory":false,"max_hp_per_floor":[80,80,80,80,80,80,80,80,80,80,87,87,87,87,87,87,87,87,87,87,87,87,87,87,87],"card_choices":[{"not_picked":["Clash","Feel No Pain","Havoc"],"picked":"SKIP","floor":1},{"not_picked":["Reckless Charge","Flex"],"picked":"Iron Wave","floor":5},{"not_picked":["Berserk","Thunderclap","Twin Strike"],"picked":"SKIP","floor":6},{"not_picked":["Berserk","Thunderclap","Twin Strike"],"picked":"SKIP","floor":6},{"not_picked":["Rampage","Flex+1"],"picked":"Shockwave+1","floor":10},{"not_picked":["Wild Strike","Reckless Charge"],"picked":"Intimidate+1","floor":12},{"not_picked":["Armaments+1","Fire Breathing"],"picked":"Shrug It Off+1","floor":13},{"not_picked":["Headbutt","Anger"],"picked":"Metallicize","floor":14},{"not_picked":["Brutality","Double Tap+1"],"picked":"Barricade","floor":16},{"not_picked":["Havoc+1","Perfected Strike+1"],"picked":"Warcry+1","floor":18},{"not_picked":["Thunderclap","Pummel"],"picked":"Headbutt","floor":19},{"not_picked":["Heavy Blade","Corruption","Twin Strike"],"picked":"SKIP","floor":22},{"not_picked":["Twin Strike","Thunderclap+1"],"picked":"Shockwave+1","floor":24}],"player_experience":249201,"relics_obtained":[{"floor":6,"key":"Toxic Egg 2"},{"floor":9,"key":"Self Forming Clay"},{"floor":14,"key":"Odd Mushroom"}],"event_choices":[{"damage_healed":0,"gold_gain":75,"player_choice":"Gather Gold","damage_taken":11,"max_hp_gain":0,"max_hp_loss":0,"event_name":"World of Goop","floor":2,"gold_loss":0},{"damage_healed":0,"gold_gain":175,"player_choice":"AGREE","damage_taken":0,"max_hp_gain":0,"max_hp_loss":0,"event_name":"Liars Game","floor":4,"gold_loss":0,"cards_obtained":["Doubt"]},{"damage_healed":0,"gold_gain":0,"player_choice":"Entered Light","damage_taken":16,"max_hp_gain":0,"max_hp_loss":0,"event_name":"Shining Light","floor":8,"gold_loss":0,"cards_upgraded":["Strike_R","Defend_R"]},{"damage_healed":0,"gold_gain":0,"player_choice":"Fought Mushrooms","damage_taken":0,"max_hp_gain":0,"max_hp_loss":0,"event_name":"Mushrooms","floor":14,"gold_loss":0},{"damage_healed":0,"gold_gain":0,"player_choice":"Inject Mutagens","damage_taken":0,"relics_obtained":["MutagenicStrength"],"max_hp_gain":0,"max_hp_loss":0,"event_name":"Drug Dealer","floor":21,"gold_loss":0}],"is_beta":false,"boss_relics":[{"not_picked":["Astrolabe","Philosopher\u0027s Stone"],"picked":"Empty Cage"}],"items_purged_floors":[11],"is_endless":false,"potions_floor_spawned":[6,12,14,16,18],"killed_by":"Gremlin Leader","ascension_level":2}