{"gold_per_floor":[115,115,40,0,0,32,32,58,136,136,146,165,178,197,197,292,292,305,322,347,119,135,135,135],"floor_reached":24,"playtime":1161,"items_purged":["Strike_B"],"score":346,"play_id":"cc5e995e-ed9a-466f-a682-227c1de00b00","local_time":"20181109215851","is_ascension_mode":true,"campfire_choices":[{"data":"Chaos","floor":7,"key":"SMITH"},{"floor":15,"key":"REST"},{"floor":23,"key":"REST"}],"neow_cost":"NONE","seed_source_timestamp":253563494614200,"circlet_count":0,"master_deck":["Strike_B","Defend_B","Defend_B","Defend_B","Defend_B","Zap","Dualcast","Chaos","Chaos+1","Barrage","Conserve Battery","Hologram+1","Buffer","Loop","Rainbow+1","Hologram+1","Turbo+1","Fission+1","Defragment","Sunder","Redo+1"],"relics":["Cracked Core","NeowsBlessing","Meat on the Bone","StoneCalendar","Question Card","Toxic Egg 2","Mango","Empty Cage","Red Mask"],"potions_floor_usage":[19,19,20],"damage_taken":[{"damage":0,"enemies":"Jaw Worm","floor":1,"turns":1},{"damage":0,"enemies":"Gremlin Nob","floor":6,"turns":1},{"damage":0,"enemies":"Lagavulin","floor":8,"turns":1},{"damage":8,"enemies":"2 Louse","floor":11,"turns":3},{"damage":1,"enemies":"Cultist","floor":12,"turns":3},{"damage":13,"enemies":"Large Slime","floor":13,"turns":4},{"damage":0,"enemies":"Blue Slaver","floor":14,"turns":4},{"damage":24,"enemies":"Slime Boss","floor":16,"turns":7},{"damage":9,"enemies":"Chosen","floor":18,"turns":5},{"damage":21,"enemies":"3 Byrds","floor":19,"turns":4},{"damage":67,"enemies":"Masked Bandits","floor":20,"turns":6},{"damage":13,"enemies":"Centurion and Healer","floor":22,"turns":7},{"damage":42,"enemies":"Slavers","floor":24,"turns":5}],"seed_played":"7472998815213083599","potions_obtained":[{"floor":1,"key":"Regen Potion"},{"floor":12,"key":"Regen Potion"},{"floor":16,"key":"Explosive Potion"}],"is_trial":false,"path_per_floor":["M","?","$","?","$","E","R","E","T","T","M","M","M","M","R","B",null,"M","M","?","$","M","R","E"],"character_chosen":"DEFECT","items_purchased":["Chaos","Defragment","Sunder"],"campfire_rested":2,"item_purchase_floors":[3,21,21],"current_hp_per_floor":[68,61,61,61,61,61,61,61,61,75,67,66,53,53,79,55,81,72,56,16,16,15,41,0],"gold":135,"neow_bonus":"THREE_ENEMY_KILL","is_prod":false,"is_daily":false,"chose_seed":false,"campfire_upgraded":1,"win_rate":0,"timestamp":1541797131,"path_taken":["M","?","$","?","?","E","R","E","T","?","M","M","?","M","R","BOSS","M","M","?","$","M","R","E"],"build_version":"2018-11-08","purchased_purges":1,"victory":false,"max_hp_per_floor":[75,75,75,75,75,75,75,75,75,89,89,89,89,89,89,89,89,89,89,89,89,89,89,89],"card_choices":[{"not_picked":["FTL","Stack"],"picked":"Chaos","floor":1},{"not_picked":["Leap","FTL"],"picked":"Barrage","floor":6},{"not_picked":["Leap","Blizzard"],"picked":"Conserve Battery","floor":8},{"not_picked":["Scrape","Conserve Battery+1","Cold Snap"],"picked":"Hologram+1","floor":11},{"not_picked":["Rebound","Undo+1","Reinforced Body+1"],"picked":"Buffer","floor":12},{"not_picked":["Barrage","Compile Driver","Steam+1","Sweeping Beam"],"picked":"SKIP","floor":13},{"not_picked":["Creative AI","Beam Cell","Go for the Eyes"],"picked":"Loop","floor":14},{"not_picked":["Hyperbeam","Creative AI","Reboot+1"],"picked":"Rainbow+1","floor":16},{"not_picked":["Steam Power+1","Coolheaded+1","Barrage+1"],"picked":"Hologram+1","floor":18},{"not_picked":["Compile Driver","Doom and Gloom","Rip and Tear"],"picked":"Turbo+1","floor":19},{"not_picked":["Turbo+1","Lockon","Gash"],"picked":"Fission+1","floor":20},{"not_picked":["Coolheaded+1","Streamline","Ball Lightning"],"picked":"Redo+1","floor":22}],"player_experience":876543,"relics_obtained":[{"floor":6,"key":"StoneCalendar"},{"floor":8,"key":"Question Card"},{"floor":9,"key":"Toxic Egg 2"},{"floor":10,"key":"Mango"},{"floor":20,"key":"Red Mask"}],"event_choices":[{"damage_healed":0,"gold_gain":0,"player_choice":"Success","damage_taken":7,"relics_obtained":["Meat on the Bone"],"max_hp_gain":0,"max_hp_loss":0,"event_name":"Scrap Ooze","floor":2,"gold_loss":0},{"damage_healed":0,"gold_gain":0,"player_choice":"Left Gold","damage_taken":0,"max_hp_gain":0,"max_hp_loss":0,"event_name":"World of Goop","floor":4,"gold_loss":40},{"damage_healed":0,"gold_gain":0,"player_choice":"Fought Bandits","damage_taken":0,"max_hp_gain":0,"max_hp_loss":0,"event_name":"Masked Bandits","floor":20,"gold_loss":0}],"is_beta":false,"boss_relics":[{"not_picked":["Snecko Eye","Tiny House"],"picked":"Empty Cage"}],"items_purged_floors":[21],"is_endless":false,"potions_floor_spawned":[1,12,16,18],"killed_by":"Slavers","ascension_level":7}