{"gold_per_floor":[363,438,102,67,67,67,77,105,105,105,105],"floor_reached":11,"playtime":479,"items_purged":[],"score":104,"play_id":"26d5ad71-fd92-4ab4-ba9f-ea7c912ce778","local_time":"20190324095139","is_ascension_mode":true,"campfire_choices":[{"floor":6,"key":"REST"},{"floor":10,"key":"REST"}],"neow_cost":"PERCENT_DAMAGE","seed_source_timestamp":334110953405800,"circlet_count":0,"master_deck":["AscendersBane","Defend_G+1","Defend_G","Defend_G","Defend_G","Defend_G","Strike_G","Strike_G","Strike_G","Strike_G","Strike_G","Survivor","Neutralize","Sadistic Nature","Jack Of All Trades+1","Dagger Spray","Predator"],"relics":["Ring of the Snake","Membership Card","Pantograph","Shovel"],"potions_floor_usage":[],"damage_taken":[{"damage":1,"enemies":"2 Louse","floor":1,"turns":3},{"damage":1,"enemies":"Small Slimes","floor":7,"turns":3},{"damage":54,"enemies":"3 Sentries","floor":8,"turns":16},{"damage":27,"enemies":"Lagavulin","floor":11,"turns":8}],"seed_played":"-1470379221340767903","potions_obtained":[],"is_trial":false,"path_per_floor":["M","?","$","?","?","R","M","E","T","R","E"],"character_chosen":"THE_SILENT","items_purchased":["Membership Card","Sadistic Nature","Jack Of All Trades"],"campfire_rested":2,"item_purchase_floors":[3,3,3],"current_hp_per_floor":[44,33,33,50,36,57,56,2,2,23,0],"gold":105,"neow_bonus":"TWO_FIFTY_GOLD","is_prod":false,"is_daily":false,"chose_seed":false,"campfire_upgraded":0,"win_rate":0,"timestamp":1553417499,"path_taken":["M","?","$","?","?","R","M","E","T","R","E"],"build_version":"2019-01-23","purchased_purges":0,"victory":false,"max_hp_per_floor":[70,70,70,70,70,70,70,70,70,70,70],"card_choices":[{"not_picked":["Acrobatics","Backflip","Prepared"],"picked":"SKIP","floor":1},{"not_picked":["Slice","Well Laid Plans"],"picked":"Dagger Spray","floor":7},{"not_picked":["Dagger Throw","Bane"],"picked":"Predator","floor":8}],"player_experience":1568990,"relics_obtained":[{"floor":8,"key":"Pantograph"},{"floor":9,"key":"Shovel"}],"event_choices":[{"damage_healed":0,"gold_gain":75,"player_choice":"Gather Gold","damage_taken":11,"max_hp_gain":0,"max_hp_loss":0,"event_name":"World of Goop","floor":2,"gold_loss":0},{"damage_healed":17,"gold_gain":0,"player_choice":"Healed","damage_taken":0,"max_hp_gain":0,"max_hp_loss":0,"event_name":"The Cleric","floor":4,"gold_loss":35},{"damage_healed":0,"gold_gain":0,"player_choice":"Entered Light","damage_taken":14,"max_hp_gain":0,"max_hp_loss":0,"event_name":"Shining Light","floor":5,"gold_loss":0,"cards_upgraded":["Jack Of All Trades","Defend_G"]}],"is_beta":false,"boss_relics":[],"items_purged_floors":[],"is_endless":false,"potions_floor_spawned":[],"killed_by":"Lagavulin","ascension_level":10}