{"gold_per_floor":[109,127,138,150,164,189,189,201,228,228,254,264,264,47,47,144,144,155,155,3,3,3,3,3,15,67,117,133,190,190,225,225,324,324,339,38,48,67,81,81,106,117,117,117,127,153,153,185,185,185],"floor_reached":51,"playtime":3240,"items_purged":["Strike_G","Pain"],"score":1073,"play_id":"13bbe49c-7d45-4a6e-a262-7d825016fca9","local_time":"20190504102802","is_ascension_mode":true,"campfire_choices":[{"data":"Dagger Spray","floor":7,"key":"SMITH"},{"data":"Bouncing Flask","floor":10,"key":"SMITH"},{"data":"Neutralize","floor":13,"key":"SMITH"},{"floor":15,"key":"REST"},{"floor":23,"key":"REST"},{"floor":30,"key":"REST"},{"floor":32,"key":"REST"},{"floor":40,"key":"REST"},{"floor":44,"key":"REST"},{"floor":47,"key":"REST"},{"floor":49,"key":"REST"}],"neow_cost":"NONE","seed_source_timestamp":2578481514800,"circlet_count":0,"master_deck":["Defend_G","Defend_G","Defend_G","Defend_G","Defend_G","Strike_G","Strike_G","Strike_G","Strike_G","Survivor","Neutralize+1","Bouncing Flask+1","Deflect","Dash","Deadly Poison","Adrenaline","Dagger Spray+1","Endless Agony","Well Laid Plans","Quick Slash","Corpse Explosion","Envenom","Dagger Spray+1","RitualDagger","Cloak And Dagger+1","Glass Knife","Wraith Form v2","Cloak And Dagger+1","Catalyst","Footwork","Acrobatics+1","Bouncing Flask","Riddle With Holes+1","Backflip","Crippling Poison","Parasite","Dodge and Roll+1","Backflip+1","Backflip+1"],"relics":["Ring of the Snake","Shuriken","Juzu Bracelet","Oddly Smooth Stone","Fusion Hammer","WarpedTongs","Ancient Tea Set","Tiny Chest","Orichalcum","Cursed Key","Snake Skull","Ninja Scroll","Nunchaku","Bag of Preparation","Bottled Tornado"],"potions_floor_usage":[29,38,50,50],"damage_taken":[{"damage":0,"enemies":"Cultist","floor":1,"turns":4},{"damage":5,"enemies":"Small Slimes","floor":2,"turns":4},{"damage":0,"enemies":"2 Louse","floor":3,"turns":3},{"damage":1,"enemies":"Looter","floor":4,"turns":4},{"damage":3,"enemies":"3 Louse","floor":5,"turns":3},{"damage":26,"enemies":"Gremlin Nob","floor":6,"turns":4},{"damage":0,"enemies":"Gremlin Gang","floor":8,"turns":5},{"damage":12,"enemies":"Lagavulin","floor":11,"turns":4},{"damage":1,"enemies":"Blue Slaver","floor":12,"turns":3},{"damage":11,"enemies":"Hexaghost","floor":16,"turns":8},{"damage":0,"enemies":"Chosen","floor":18,"turns":3},{"damage":0,"enemies":"3 Byrds","floor":25,"turns":3},{"damage":10,"enemies":"Snecko","floor":28,"turns":4},{"damage":17,"enemies":"Slavers","floor":29,"turns":3},{"damage":14,"enemies":"Gremlin Leader","floor":31,"turns":5},{"damage":73,"enemies":"Champ","floor":33,"turns":10},{"damage":0,"enemies":"3 Darklings","floor":35,"turns":4},{"damage":0,"enemies":"3 Shapes","floor":37,"turns":3},{"damage":19,"enemies":"Writhing Mass","floor":38,"turns":6},{"damage":5,"enemies":"Sphere and 2 Shapes","floor":39,"turns":3},{"damage":11,"enemies":"Giant Head","floor":41,"turns":6},{"damage":0,"enemies":"Spire Growth","floor":42,"turns":3},{"damage":11,"enemies":"Writhing Mass","floor":45,"turns":4},{"damage":16,"enemies":"Nemesis","floor":46,"turns":3},{"damage":0,"enemies":"Reptomancer","floor":48,"turns":3},{"damage":54,"enemies":"Time Eater","floor":50,"turns":11}],"seed_played":"3381642068127504142","potions_obtained":[{"floor":2,"key":"Strength Potion"},{"floor":5,"key":"SteroidPotion"},{"floor":6,"key":"EssenceOfSteel"},{"floor":28,"key":"GhostInAJar"},{"floor":31,"key":"GamblersBrew"},{"floor":39,"key":"Explosive Potion"},{"floor":41,"key":"Dexterity Potion"}],"is_trial":false,"path_per_floor":["M","M","M","M","M","E","R","M","T","R","E","M","R","$","R","B",null,"M","?","$","?","?","R","$","M","T","?","M","E","R","E","R","B",null,"M","$","M","M","M","R","E","M","T","R","M","E","R","E","R","B",null],"character_chosen":"THE_SILENT","items_purchased":["Corpse Explosion","PowerPotion","Catalyst","Snake Skull","Footwork"],"campfire_rested":8,"item_purchase_floors":[14,20,36,36,36],"current_hp_per_floor":[70,65,65,64,61,35,35,35,35,35,23,22,22,22,45,34,66,66,66,66,60,46,70,70,70,70,70,60,43,67,53,77,4,63,63,63,63,44,39,63,52,52,52,76,65,49,73,73,82,28],"gold":185,"neow_bonus":"TEN_PERCENT_HP_BONUS","is_prod":false,"is_daily":false,"chose_seed":false,"campfire_upgraded":3,"win_rate":0,"timestamp":1556990882,"path_taken":["M","M","M","M","M","E","R","?","T","R","E","M","R","$","R","BOSS","M","?","?","?","?","R","?","M","T","?","M","E","R","E","R","BOSS","M","$","M","M","M","R","E","M","T","R","M","E","R","E","R","BOSS"],"build_version":"2019-01-23","purchased_purges":2,"victory":true,"max_hp_per_floor":[77,77,77,77,77,77,77,77,77,77,77,77,77,77,77,77,77,77,77,77,77,82,82,82,82,82,82,82,82,82,82,82,82,82,82,82,82,82,82,82,82,82,82,82,82,82,82,82,82,82],"card_choices":[{"not_picked":["Bane","Cloak And Dagger"],"picked":"Bouncing Flask","floor":1},{"not_picked":["Slice","Acrobatics"],"picked":"Deflect","floor":2},{"not_picked":["Backflip","Dagger Throw"],"picked":"Dash","floor":3},{"not_picked":["Blur","Deflect"],"picked":"Deadly Poison","floor":4},{"not_picked":["Backstab","Bane"],"picked":"Adrenaline","floor":5},{"not_picked":["Terror","Flying Knee"],"picked":"Dagger Spray","floor":6},{"not_picked":["Poisoned Stab","Eviscerate"],"picked":"Endless Agony","floor":8},{"not_picked":["Dodge and Roll","Bane"],"picked":"Well Laid Plans","floor":11},{"not_picked":["Setup","Reflex"],"picked":"Quick Slash","floor":12},{"not_picked":["Tools of the Trade","A Thousand Cuts"],"picked":"Envenom","floor":16},{"not_picked":["Slice+1","Bane"],"picked":"Dagger Spray+1","floor":18},{"not_picked":["Sucker Punch","Tactician"],"picked":"Cloak And Dagger+1","floor":25},{"not_picked":["Distraction+1","Quick Slash","Sucker Punch"],"picked":"SKIP","floor":28},{"not_picked":["Cloak And Dagger","Choke","Outmaneuver+1"],"picked":"SKIP","floor":29},{"not_picked":["Caltrops","Terror+1"],"picked":"Glass Knife","floor":31},{"not_picked":["Phantasmal Killer","Adrenaline"],"picked":"Wraith Form v2","floor":33},{"not_picked":["Outmaneuver+1","Concentrate+1"],"picked":"Cloak And Dagger+1","floor":35},{"not_picked":["Distraction+1","Slice+1"],"picked":"Acrobatics+1","floor":37},{"not_picked":["Blur","Poisoned Stab+1"],"picked":"Bouncing Flask","floor":38},{"not_picked":["Corpse Explosion","Finisher"],"picked":"Riddle With Holes+1","floor":39},{"not_picked":["Blade Dance+1","Heel Hook"],"picked":"Backflip","floor":41},{"not_picked":["Slice","Sucker Punch"],"picked":"Crippling Poison","floor":42},{"not_picked":["Prepared+1","Slice+1"],"picked":"Dodge and Roll+1","floor":45},{"not_picked":["PiercingWail+1","Flying Knee"],"picked":"Backflip+1","floor":46},{"not_picked":["Slice","Acrobatics"],"picked":"Backflip+1","floor":48}],"player_experience":426654,"relics_obtained":[{"floor":6,"key":"Shuriken"},{"floor":9,"key":"Juzu Bracelet"},{"floor":11,"key":"Oddly Smooth Stone"},{"floor":26,"key":"Ancient Tea Set"},{"floor":29,"key":"Tiny Chest"},{"floor":31,"key":"Orichalcum"},{"floor":41,"key":"Ninja Scroll"},{"floor":43,"key":"Nunchaku"},{"floor":46,"key":"Bag of Preparation"},{"floor":48,"key":"Bottled Tornado"}],"event_choices":[{"damage_healed":0,"gold_gain":0,"player_choice":"Rummage","damage_taken":0,"relics_obtained":["WarpedTongs"],"max_hp_gain":0,"max_hp_loss":0,"event_name":"Accursed Blacksmith","floor":19,"gold_loss":0,"cards_obtained":["Pain"]},{"damage_healed":0,"gold_gain":0,"player_choice":"Joined the Cult","damage_taken":6,"max_hp_gain":0,"max_hp_loss":0,"event_name":"Nest","floor":21,"gold_loss":0,"cards_obtained":["RitualDagger"]},{"damage_healed":0,"gold_gain":0,"player_choice":"Shed Blood","damage_taken":19,"max_hp_gain":5,"max_hp_loss":0,"event_name":"Forgotten Altar","floor":22,"gold_loss":0},{"damage_healed":0,"gold_gain":100,"player_choice":"Bet on Murderer","damage_taken":0,"max_hp_gain":0,"max_hp_loss":0,"event_name":"The Joust","floor":27,"gold_loss":50}],"is_beta":false,"boss_relics":[{"not_picked":["Calling Bell","Pandora\u0027s Box"],"picked":"Fusion Hammer"},{"not_picked":["Philosopher\u0027s Stone","Orrery"],"picked":"Cursed Key"}],"items_purged_floors":[14,20],"is_endless":false,"potions_floor_spawned":[2,5,6,8,28,31,33,39,41,45,46],"ascension_level":6}