{"gold_per_floor":[364,375,26,36,46,46,71,71,71,71,88,88,107,122,122,200,200,213,213,213,93,16,49,61,61,138,138,138,148,179,197,197,273,273,292,27,43,0,0,25,25,60,60,70,97,17,34,62,62,62,62,62,62,62,96,96],"floor_reached":57,"playtime":11367,"items_purged":["Regret","Normality"],"score":3020,"play_id":"578427ca-5cf1-4edb-a237-fb0b890546e5","local_time":"20190501213418","is_ascension_mode":true,"campfire_choices":[{"data":"Footwork","floor":6.0,"key":"SMITH"},{"floor":15.0,"key":"REST"},{"data":"Wraith Form v2","floor":25.0,"key":"SMITH"},{"data":"Ghostly","floor":32,"key":"SMITH"},{"data":"Well Laid Plans","floor":41,"key":"SMITH"},{"floor":49,"key":"RECALL"},{"data":"Ghostly","floor":53,"key":"SMITH"}],"neow_cost":"TEN_PERCENT_HP_LOSS","seed_source_timestamp":391229069975743,"circlet_count":0,"master_deck":["AscendersBane","Defend_G","Defend_G","Defend_G","Defend_G","Defend_G","Strike_G","Strike_G","Strike_G","Survivor","Neutralize","Dash","Bouncing Flask","Deadly Poison","Footwork+1","Backflip","Backflip","Well Laid Plans+1","Deflect","Leg Sweep","Footwork","Backflip","PiercingWail","Wraith Form v2+1","Injury","Acrobatics","Ghostly+1","Ghostly+1","Ghostly","Noxious Fumes+1","Footwork+1","Tools of the Trade+1","Footwork+1","Backflip","Backstab","Night Terror","Dodge and Roll","Noxious Fumes+1","Corpse Explosion","Acrobatics","Noxious Fumes+1","Blur","Impatience","Dark Shackles","Acrobatics+1","Blur","Catalyst","Footwork+1","Parasite","PiercingWail+1","Adrenaline"],"special_seed":0,"relics":["Ring of the Snake","Prayer Wheel","Tough Bandages","Darkstone Periapt","Singing Bowl","Calling Bell","Oddly Smooth Stone","Frozen Egg 2","Bird Faced Urn","Question Card","Pantograph","Sozu","Red Mask","Gremlin Horn","Ninja Scroll","Blood Vial","Incense Burner","Thread and Needle"],"potions_floor_usage":[30,56],"damage_taken":[{"damage":0.0,"enemies":"Jaw Worm","floor":1.0,"turns":5.0},{"damage":0.0,"enemies":"2 Louse","floor":2.0,"turns":3.0},{"damage":0.0,"enemies":"Small Slimes","floor":4.0,"turns":3.0},{"damage":4.0,"enemies":"Exordium Wildlife","floor":5.0,"turns":5.0},{"damage":46.0,"enemies":"3 Sentries","floor":7.0,"turns":12.0},{"damage":7.0,"enemies":"Exordium Thugs","floor":11.0,"turns":7.0},{"damage":0.0,"enemies":"2 Fungi Beasts","floor":13.0,"turns":5.0},{"damage":9.0,"enemies":"Large Slime","floor":14.0,"turns":8.0},{"damage":0.0,"enemies":"Hexaghost","floor":16.0,"turns":12.0},{"damage":5.0,"enemies":"Chosen","floor":18.0,"turns":7.0},{"damage":29.0,"enemies":"Colosseum Slavers","floor":19.0,"turns":15.0},{"damage":26.0,"enemies":"Book of Stabbing","floor":23.0,"turns":9.0},{"damage":0.0,"enemies":"3 Byrds","floor":24.0,"turns":9.0},{"damage":1.0,"enemies":"Centurion and Healer","floor":29.0,"turns":14.0},{"damage":19,"enemies":"Slavers","floor":30,"turns":8},{"damage":16,"enemies":"Snake Plant","floor":31,"turns":11},{"damage":1,"enemies":"Automaton","floor":33,"turns":14},{"damage":8,"enemies":"3 Shapes","floor":35,"turns":6},{"damage":7,"enemies":"3 Darklings","floor":37,"turns":4},{"damage":0,"enemies":"Giant Head","floor":40,"turns":13},{"damage":3,"enemies":"Nemesis","floor":42,"turns":11},{"damage":0,"enemies":"4 Shapes","floor":44,"turns":6},{"damage":14,"enemies":"Giant Head","floor":45,"turns":11},{"damage":0,"enemies":"Writhing Mass","floor":47,"turns":6},{"damage":1,"enemies":"Nemesis","floor":48,"turns":9},{"damage":33,"enemies":"Donu and Deca","floor":50,"turns":9},{"damage":2,"enemies":"Awakened One","floor":51,"turns":19},{"damage":35,"enemies":"Shield and Spear","floor":55,"turns":9},{"damage":65,"enemies":"The Heart","floor":56,"turns":13}],"seed_played":"-6772422405345608942","potions_obtained":[{"floor":4.0,"key":"FairyPotion"},{"floor":13.0,"key":"FearPotion"},{"floor":16.0,"key":"Ancient Potion"},{"floor":18.0,"key":"Swift Potion"},{"floor":30,"key":"SteroidPotion"},{"floor":33,"key":"PowerPotion"}],"is_trial":false,"path_per_floor":["M","M","$","M","M","R","E","?","T","?","M","?","M","M","R","B",null,"M","?","?","$","$","E","M","R","T","?","?","M","E","M","R","B",null,"M","$","M","?","?","E","R","E","T","M","E","$","M","E","R","B","B",null,"R","$","E","B",null],"character_chosen":"THE_SILENT","items_purchased":["Prayer Wheel","Deadly Poison","Noxious Fumes+1","Footwork+1","Noxious Fumes+1","Blur","Footwork+1"],"campfire_rested":1,"item_purchase_floors":[3,3,21,22,36,36,46],"current_hp_per_floor":[59,59,59,59,55,55,9,29,29,18,11,11,11,4,22,22,70,75,54,41,41,41,21,35,35,35,26,26,45,42,48,48,52,52,53,53,58,58,50,60,60,62,62,62,58,58,72,74,74,57,74,74,74,74,49,29],"gold":96,"neow_bonus":"TWO_FIFTY_GOLD","is_prod":false,"is_daily":false,"chose_seed":false,"campfire_upgraded":5,"win_rate":0,"timestamp":1556760858,"path_taken":["M","M","$","M","M","R","E","?","T","?","M","?","M","M","R","BOSS","M","?","?","?","$","E","?","R","T","?","?","M","E","M","R","BOSS","M","$","M","?","?","E","R","E","T","M","E","$","M","E","R","BOSS","BOSS","R","$","E","BOSS"],"build_version":"2019-01-23","purchased_purges":2,"victory":true,"max_hp_per_floor":[60,60,60,60,60,60,60,60,60,60,60,60,60,62,62,62,80,82,82,41,41,41,41,41,41,41,46,46,50,50,52,52,52,52,54,54,58,58,60,60,60,62,62,62,64,64,72,74,74,74,74,74,74,74,74,74],"card_choices":[{"not_picked":["Deadly Poison","Dodge and Roll"],"picked":"Dash","floor":1.0},{"not_picked":["Sucker Punch","Dagger Throw"],"picked":"Bouncing Flask","floor":2.0},{"not_picked":["After Image","Flechettes"],"picked":"Footwork","floor":4.0},{"not_picked":["Quick Slash","Tactician","Dagger Spray"],"picked":"SKIP","floor":4.0},{"not_picked":["Acrobatics","Flying Knee"],"picked":"Backflip","floor":5.0},{"not_picked":["Sucker Punch","Acrobatics"],"picked":"Backflip","floor":5.0},{"not_picked":["Expertise","All Out Attack"],"picked":"Well Laid Plans","floor":7.0},{"not_picked":["Dagger Spray","Flying Knee"],"picked":"Deflect","floor":11.0},{"not_picked":["Acrobatics","Outmaneuver"],"picked":"Leg Sweep","floor":11.0},{"not_picked":["PiercingWail","Dagger Spray"],"picked":"Footwork","floor":13.0},{"not_picked":["Acrobatics","After Image"],"picked":"Backflip","floor":13.0},{"not_picked":["Quick Slash","Cloak And Dagger"],"picked":"PiercingWail","floor":14.0},{"not_picked":["Underhanded Strike","Prepared","Deadly Poison"],"picked":"Singing Bowl","floor":14.0},{"not_picked":["Burst","Glass Knife"],"picked":"Wraith Form v2","floor":16.0},{"not_picked":["Predator","Poisoned Stab+1","Expertise"],"picked":"Singing Bowl","floor":18.0},{"not_picked":["Sucker Punch","Dodge and Roll"],"picked":"Acrobatics","floor":18.0},{"not_picked":["Dagger Spray","PiercingWail"],"picked":"Tools of the Trade+1","floor":23.0},{"not_picked":["Blade Dance","Dagger Spray","Bane"],"picked":"Footwork+1","floor":24.0},{"not_picked":["Dash+1","Finisher","Slice"],"picked":"Backflip","floor":24.0},{"not_picked":["Acrobatics","Bullet Time","Terror","Underhanded Strike+1"],"picked":"Singing Bowl","floor":29.0},{"not_picked":["Bane","Flying Knee","Expertise+1","Bouncing Flask"],"picked":"Singing Bowl","floor":29.0},{"not_picked":["Blade Dance","Bane","Deflect"],"picked":"Dodge and Roll","floor":30},{"not_picked":["Endless Agony","Outmaneuver","Dagger Throw"],"picked":"Noxious Fumes+1","floor":31},{"not_picked":["Underhanded Strike","Flechettes","Endless Agony","Quick Slash"],"picked":"Singing Bowl","floor":31},{"not_picked":["After Image+1","Storm of Steel","A Thousand Cuts+1"],"picked":"Corpse Explosion","floor":33},{"not_picked":["Quick Slash+1","Terror","Accuracy+1","Bane"],"picked":"Singing Bowl","floor":35},{"not_picked":["Flying Knee","Concentrate","Deflect"],"picked":"Acrobatics","floor":35},{"not_picked":["Deadly Poison","Eviscerate","Tactician","Masterful Stab"],"picked":"Singing Bowl","floor":37},{"not_picked":["Dash","Bane+1","Sucker Punch","Prepared"],"picked":"Singing Bowl","floor":37},{"not_picked":["Jack Of All Trades","Purity","Flash of Steel"],"picked":"Impatience","floor":39},{"not_picked":["Flash of Steel","Impatience","Secret Weapon"],"picked":"Dark Shackles","floor":39},{"not_picked":["Secret Weapon","Mayhem+1","Good Instincts","HandOfGreed"],"picked":"Singing Bowl","floor":39},{"not_picked":["Deadly Poison","Cloak And Dagger","Blade Dance"],"picked":"Acrobatics+1","floor":40},{"not_picked":["Blade Dance","Caltrops+1","Slice+1","Accuracy+1"],"picked":"Singing Bowl","floor":42},{"not_picked":["All Out Attack+1","Poisoned Stab","Backstab"],"picked":"Blur","floor":44},{"not_picked":["Riddle With Holes","Dodge and Roll","Envenom+1"],"picked":"Catalyst","floor":44},{"not_picked":["All Out Attack","Tactician","Finisher","Reflex"],"picked":"Singing Bowl","floor":45},{"not_picked":["Sucker Punch","Flying Knee+1","Blade Dance","Deflect"],"picked":"Singing Bowl","floor":47},{"not_picked":["Sucker Punch","Caltrops+1","Venomology"],"picked":"PiercingWail+1","floor":47},{"not_picked":["Masterful Stab","Choke","Flying Knee","Cloak And Dagger"],"picked":"Singing Bowl","floor":48},{"not_picked":["Accuracy+1","Poisoned Stab","Riddle With Holes"],"picked":"Adrenaline","floor":55}],"player_experience":805974,"relics_obtained":[{"floor":7.0,"key":"Tough Bandages"},{"floor":9.0,"key":"Darkstone Periapt"},{"floor":17.0,"key":"Oddly Smooth Stone"},{"floor":17.0,"key":"Frozen Egg 2"},{"floor":17.0,"key":"Bird Faced Urn"},{"floor":23.0,"key":"Question Card"},{"floor":26.0,"key":"Pantograph"},{"floor":40,"key":"Gremlin Horn"},{"floor":42,"key":"Ninja Scroll"},{"floor":45,"key":"Blood Vial"},{"floor":48,"key":"Incense Burner"},{"floor":55,"key":"Thread and Needle"}],"event_choices":[{"damage_healed":20.0,"max_hp_gain":0.0,"max_hp_loss":0.0,"gold_gain":0.0,"event_name":"Big Fish","player_choice":"Banana","floor":8.0,"gold_loss":0.0,"damage_taken":0.0},{"damage_healed":0.0,"max_hp_gain":0.0,"max_hp_loss":0.0,"gold_gain":0.0,"event_name":"Scrap Ooze","player_choice":"Success","floor":10.0,"gold_loss":0.0,"damage_taken":11.0,"relics_obtained":["Singing Bowl"]},{"damage_healed":0.0,"max_hp_gain":0.0,"max_hp_loss":0.0,"gold_gain":0.0,"event_name":"Liars Game","player_choice":"Ignored","floor":12.0,"gold_loss":0.0,"damage_taken":0.0},{"damage_healed":0.0,"max_hp_gain":0.0,"max_hp_loss":0.0,"gold_gain":0.0,"event_name":"Colosseum","player_choice":"Fight","floor":19.0,"gold_loss":0.0,"damage_taken":0.0},{"damage_healed":0.0,"max_hp_gain":0.0,"max_hp_loss":0.0,"gold_gain":0.0,"event_name":"Colosseum","player_choice":"Fled From Nobs","floor":19.0,"gold_loss":0.0,"damage_taken":0.0},{"damage_healed":0.0,"max_hp_gain":0.0,"max_hp_loss":41.0,"gold_gain":0.0,"event_name":"Ghosts","player_choice":"Became a Ghost","floor":20.0,"gold_loss":0.0,"damage_taken":0.0,"cards_obtained":["Ghostly","Ghostly","Ghostly"]},{"damage_healed":0.0,"max_hp_gain":5.0,"max_hp_loss":0.0,"gold_gain":0.0,"event_name":"Forgotten Altar","player_choice":"Shed Blood","floor":27.0,"gold_loss":0.0,"damage_taken":14.0},{"damage_healed":0.0,"max_hp_gain":0.0,"max_hp_loss":0.0,"gold_gain":0.0,"cards_transformed":["Strike_G","Strike_G"],"event_name":"Drug Dealer","player_choice":"Became Test Subject","floor":28.0,"gold_loss":0.0,"damage_taken":0.0,"cards_obtained":["Backstab","Night Terror"]},{"damage_healed":0,"gold_gain":0,"player_choice":"Paid","damage_taken":0,"relics_obtained":["Red Mask"],"max_hp_gain":0,"max_hp_loss":0,"event_name":"Tomb of Lord Red Mask","floor":38,"gold_loss":43},{"damage_healed":0,"gold_gain":0,"player_choice":"Memory 3","damage_taken":10,"max_hp_gain":0,"max_hp_loss":0,"event_name":"SensoryStone","floor":39,"gold_loss":0}],"is_beta":false,"boss_relics":[{"not_picked":["Ectoplasm","WristBlade"],"picked":"Calling Bell"},{"not_picked":["Orrery","Empty Cage"],"picked":"Sozu"}],"items_purged_floors":[21,36],"is_endless":false,"potions_floor_spawned":[4,13,16,18,19,30,33,40,45,55],"ascension_level":20}