{"gold_per_floor":[20,33,50,119,119,154,154,174,174,174,187,37,65,65,65,163,213,227,253,263,263],"floor_reached":21,"playtime":1069,"items_purged":[],"score":284,"play_id":"2b6d9515-4c07-4456-8f9c-d35411527e3e","local_time":"20190224133222","is_ascension_mode":true,"campfire_choices":[{"floor":7,"key":"REST"},{"floor":10,"key":"REST"},{"floor":15,"key":"REST"}],"neow_cost":"NO_GOLD","seed_source_timestamp":50797674612400,"circlet_count":0,"master_deck":["AscendersBane","Strike_R","Strike_R","Strike_R","Strike_R+1","Defend_R","Defend_R","Defend_R","Defend_R","Bash","Sadistic Nature","Blind","Cleave","Inflame","Heavy Blade","Armaments","Flame Barrier","Blood for Blood+1","Whirlwind+1","Reaper+1","Infernal Blade","Uppercut+1","Pommel Strike+1"],"relics":["Burning Blood","Omamori","Bottled Lightning","Molten Egg 2","Centennial Puzzle","Mummified Hand","Tiny House","Ancient Tea Set"],"potions_floor_usage":[16,18,21],"damage_taken":[{"damage":2,"enemies":"Cultist","floor":1,"turns":4},{"damage":9,"enemies":"Jaw Worm","floor":2,"turns":4},{"damage":10,"enemies":"Small Slimes","floor":3,"turns":3},{"damage":50,"enemies":"3 Sentries","floor":6,"turns":8},{"damage":10,"enemies":"Red Slaver","floor":8,"turns":3},{"damage":5,"enemies":"2 Fungi Beasts","floor":11,"turns":4},{"damage":36,"enemies":"Gremlin Nob","floor":13,"turns":5},{"damage":14,"enemies":"Hexaghost","floor":16,"turns":7},{"damage":40,"enemies":"Spheric Guardian","floor":18,"turns":7},{"damage":20,"enemies":"Shell Parasite","floor":20,"turns":6},{"damage":38,"enemies":"Sentry and Sphere","floor":21,"turns":3}],"seed_played":"4978266216958981228","potions_obtained":[{"floor":2,"key":"Weak Potion"},{"floor":8,"key":"Ancient Potion"},{"floor":16,"key":"Explosive Potion"},{"floor":17,"key":"SmokeBomb"},{"floor":18,"key":"PowerPotion"}],"is_trial":false,"path_per_floor":["M","M","M","?","T","E","R","M","T","R","M","$","E","?","R","B",null,"M","T","M","M"],"character_chosen":"IRONCLAD","items_purchased":["Centennial Puzzle"],"campfire_rested":3,"item_purchase_floors":[12],"current_hp_per_floor":[76,73,69,69,69,25,49,45,45,69,70,70,40,40,64,56,79,45,45,31,0],"gold":263,"neow_bonus":"RANDOM_COLORLESS_2","is_prod":false,"is_daily":false,"chose_seed":false,"campfire_upgraded":0,"win_rate":0,"timestamp":1551011542,"path_taken":["M","M","?","?","?","E","R","M","T","R","?","?","E","?","R","BOSS","M","?","M","?"],"build_version":"2019-01-23","purchased_purges":0,"victory":false,"max_hp_per_floor":[80,80,80,80,80,80,80,80,80,80,80,80,80,80,80,80,85,85,85,85,85],"card_choices":[{"not_picked":["Shrug It Off","Flex"],"picked":"Cleave","floor":1},{"not_picked":["Blood for Blood","Thunderclap"],"picked":"Inflame","floor":2},{"not_picked":["Iron Wave","Carnage"],"picked":"Heavy Blade","floor":3},{"not_picked":["Clothesline","Clash"],"picked":"Armaments","floor":6},{"not_picked":["True Grit","Intimidate"],"picked":"Flame Barrier","floor":8},{"not_picked":["Iron Wave+1","Bludgeon+1"],"picked":"Blood for Blood+1","floor":11},{"not_picked":["Cleave+1","Corruption"],"picked":"Whirlwind+1","floor":13},{"not_picked":["Berserk","Brutality"],"picked":"Reaper+1","floor":16},{"not_picked":["Intimidate","Havoc"],"picked":"Infernal Blade","floor":17},{"not_picked":["True Grit","Flex+1"],"picked":"Uppercut+1","floor":18},{"not_picked":["Intimidate","Clash+1"],"picked":"Pommel Strike+1","floor":20}],"player_experience":1421527,"relics_obtained":[{"floor":5,"key":"Omamori"},{"floor":6,"key":"Bottled Lightning"},{"floor":9,"key":"Molten Egg 2"},{"floor":13,"key":"Mummified Hand"},{"floor":19,"key":"Ancient Tea Set"}],"event_choices":[{"damage_healed":0,"gold_gain":69,"player_choice":"Gained Gold","damage_taken":0,"max_hp_gain":0,"max_hp_loss":0,"event_name":"Golden Wing","floor":4,"gold_loss":0},{"cards_removed":["Strike_R"],"damage_healed":0,"gold_gain":0,"player_choice":"Purged","damage_taken":0,"max_hp_gain":0,"max_hp_loss":0,"event_name":"Purifier","floor":14,"gold_loss":0}],"is_beta":false,"boss_relics":[{"not_picked":["Coffee Dripper","Busted Crown"],"picked":"Tiny House"}],"items_purged_floors":[],"is_endless":false,"potions_floor_spawned":[2,8,16,18],"killed_by":"Sentry and Sphere","ascension_level":10}