{"gold_per_floor":[109,284,301,301,317,317,317,294,320,352,352,76,90,149,149,245,245,257,257,257],"floor_reached":20,"playtime":818,"items_purged":["Doubt"],"score":243,"play_id":"95b21985-381e-4c40-8776-8df0a5a6eb2e","local_time":"20181128003057","is_ascension_mode":true,"campfire_choices":[{"data":"Inflame","floor":6,"key":"SMITH"},{"data":"Bludgeon","floor":11,"key":"SMITH"},{"floor":15,"key":"REST"}],"neow_cost":"NONE","seed_source_timestamp":221034305427500,"circlet_count":0,"master_deck":["Strike_R","Strike_R","Strike_R","Strike_R","Strike_R","Defend_R","Defend_R","Defend_R","Defend_R","Bash","Dual Wield","Inflame+1","Thunderclap","Bludgeon+1","Seeing Red","Impervious","Armaments"],"relics":["Burning Blood","NlothsMask","Omamori","Bag of Marbles","Toolbox","Tiny Chest","Black Star","Nilry\u0027s Codex"],"potions_floor_usage":[16],"damage_taken":[{"damage":2,"enemies":"2 Louse","floor":1,"turns":4},{"damage":18,"enemies":"Jaw Worm","floor":3,"turns":5},{"damage":11,"enemies":"Cultist","floor":5,"turns":4},{"damage":16,"enemies":"Gremlin Nob","floor":10,"turns":3},{"damage":12,"enemies":"Exordium Wildlife","floor":13,"turns":3},{"damage":25,"enemies":"3 Sentries","floor":14,"turns":7},{"damage":19,"enemies":"Slime Boss","floor":16,"turns":8},{"damage":40,"enemies":"3 Byrds","floor":18,"turns":6},{"damage":29,"enemies":"Spheric Guardian","floor":20,"turns":5}],"seed_played":"-4811483063628149037","potions_obtained":[{"floor":3,"key":"Ancient Potion"},{"floor":5,"key":"GamblersBrew"},{"floor":14,"key":"Weak Potion"}],"is_trial":false,"path_per_floor":["M","?","M","?","M","R","T","?","T","E","R","$","M","E","R","B",null,"M","?","M"],"character_chosen":"IRONCLAD","items_purchased":["Toolbox"],"campfire_rested":1,"item_purchase_floors":[12],"current_hp_per_floor":[84,84,72,72,67,67,67,67,67,57,57,57,51,32,58,45,77,43,27,0],"gold":257,"neow_bonus":"TEN_PERCENT_HP_BONUS","is_prod":false,"is_daily":false,"chose_seed":false,"campfire_upgraded":2,"win_rate":0,"timestamp":1543361457,"path_taken":["M","?","M","?","?","R","?","?","T","E","R","$","M","E","R","BOSS","M","?","M"],"build_version":"2018-11-15","purchased_purges":1,"victory":false,"max_hp_per_floor":[88,88,88,88,88,88,88,88,88,88,88,88,88,88,88,88,88,88,88,88],"card_choices":[{"not_picked":["Clothesline","True Grit"],"picked":"Dual Wield","floor":1},{"not_picked":["Flex","Burning Pact"],"picked":"Inflame","floor":3},{"not_picked":["Clothesline","True Grit"],"picked":"Thunderclap","floor":5},{"not_picked":["Reckless Charge","Hemokinesis"],"picked":"Bludgeon","floor":10},{"not_picked":["Flex","Searing Blow","Entrench"],"picked":"SKIP","floor":13},{"not_picked":["Headbutt","Thunderclap"],"picked":"Seeing Red","floor":14},{"not_picked":["Berserk","Demon Form"],"picked":"Impervious","floor":16},{"not_picked":["Hemokinesis","Burning Pact"],"picked":"Armaments","floor":18}],"player_experience":1032563,"relics_obtained":[{"floor":9,"key":"Omamori"},{"floor":10,"key":"Bag of Marbles"},{"floor":14,"key":"Tiny Chest"},{"floor":19,"key":"Nilry\u0027s Codex"}],"event_choices":[{"damage_healed":0,"gold_gain":175,"player_choice":"AGREE","damage_taken":0,"max_hp_gain":0,"max_hp_loss":0,"event_name":"Liars Game","floor":2,"gold_loss":0,"cards_obtained":["Doubt"]},{"damage_healed":0,"gold_gain":0,"player_choice":"Trade","damage_taken":0,"relics_obtained":["NlothsMask"],"max_hp_gain":0,"max_hp_loss":0,"event_name":"FaceTrader","floor":4,"gold_loss":0},{"damage_healed":0,"gold_gain":0,"player_choice":"Left Gold","damage_taken":0,"max_hp_gain":0,"max_hp_loss":0,"event_name":"World of Goop","floor":8,"gold_loss":23},{"damage_healed":0,"gold_gain":0,"player_choice":"Obtained Book","damage_taken":16,"max_hp_gain":0,"max_hp_loss":0,"event_name":"Cursed Tome","floor":19,"gold_loss":0}],"is_beta":false,"boss_relics":[{"not_picked":["Velvet Choker","Runic Pyramid"],"picked":"Black Star"}],"items_purged_floors":[12],"is_endless":false,"potions_floor_spawned":[3,5,14],"killed_by":"Spheric Guardian","ascension_level":7}