{"gold_per_floor":[119,84,384,559,575,575,585,326,326,326,4,4,18,36,36,140,140,150,167,7,7,27,27,27],"floor_reached":24,"playtime":937,"items_purged":["Doubt","Pain","Strike_B"],"score":260,"play_id":"6b5906b7-5fd7-42dd-a87d-3eef5d4e2d38","local_time":"20190126191632","is_ascension_mode":true,"campfire_choices":[{"floor":6,"key":"REST"},{"floor":12,"key":"REST"},{"data":"Defragment","floor":15,"key":"SMITH"},{"data":"Double Energy","floor":23,"key":"SMITH"}],"neow_cost":"PERCENT_DAMAGE","seed_source_timestamp":264479725354400,"circlet_count":0,"master_deck":["Strike_B","Strike_B","Defend_B","Defend_B","Defend_B","Defend_B","Zap","Dualcast","Rebound","Melter","Defragment+1","Sadistic Nature","Double Energy+1","Self Repair","Undo","Core Surge","White Noise+1","Tempest+1","Storm","Chaos+1"],"relics":["FrozenCore","WingedGreaves","Old Coin","Letter Opener","WarpedTongs","Lantern"],"potions_floor_usage":[14,18,22,24],"damage_taken":[{"damage":6,"enemies":"2 Louse","floor":1,"turns":3},{"damage":4,"enemies":"Small Slimes","floor":5,"turns":3},{"damage":7,"enemies":"Jaw Worm","floor":7,"turns":3},{"damage":17,"enemies":"Looter","floor":13,"turns":3},{"damage":5,"enemies":"Gremlin Gang","floor":14,"turns":4},{"damage":26,"enemies":"The Guardian","floor":16,"turns":11},{"damage":4,"enemies":"Chosen","floor":18,"turns":6},{"damage":0,"enemies":"Spheric Guardian","floor":19,"turns":3},{"damage":0,"enemies":"Snecko","floor":22,"turns":5},{"damage":79,"enemies":"Slavers","floor":24,"turns":3}],"seed_played":"4445728839040324372","potions_obtained":[{"floor":7,"key":"SpeedPotion"},{"floor":13,"key":"Fire Potion"},{"floor":14,"key":"Ancient Potion"},{"floor":16,"key":"Poison Potion"},{"floor":18,"key":"Energy Potion"},{"floor":22,"key":"Dexterity Potion"}],"is_trial":false,"path_per_floor":["M","?","?","?","M","R","M","$","T","?","$","R","M","M","R","B",null,"M","M","$","?","M","R","E"],"character_chosen":"DEFECT","items_purchased":["Sadistic Nature","Double Energy","Lantern","Storm"],"campfire_rested":2,"item_purchase_floors":[8,11,11,20],"current_hp_per_floor":[44,62,37,37,33,55,48,48,48,48,48,70,53,55,55,39,66,72,75,75,75,75,75,0],"gold":27,"neow_bonus":"ONE_RARE_RELIC","is_prod":false,"is_daily":false,"chose_seed":false,"campfire_upgraded":2,"win_rate":0,"timestamp":1548526592,"path_taken":["M","?","?","?","?","R","M","$","T","?","$","R","M","?","R","BOSS","M","M","$","?","?","R","E"],"build_version":"2019-01-23","purchased_purges":3,"victory":false,"max_hp_per_floor":[75,75,75,75,75,75,75,75,75,75,75,75,75,75,75,75,75,75,75,75,75,75,75,75],"card_choices":[{"not_picked":["Gash","Consume"],"picked":"Rebound","floor":1},{"not_picked":["Ball Lightning","Beam Cell"],"picked":"Melter","floor":5},{"not_picked":["Recycle","Aggregate"],"picked":"Defragment","floor":7},{"not_picked":["Hologram","Doom and Gloom"],"picked":"Self Repair","floor":13},{"not_picked":["Rip and Tear","Coolheaded"],"picked":"Undo","floor":14},{"not_picked":["Machine Learning","Reboot"],"picked":"Core Surge","floor":16},{"not_picked":["Barrage+1","Recycle"],"picked":"White Noise+1","floor":18},{"not_picked":["Cold Snap","Sweeping Beam"],"picked":"Tempest+1","floor":19},{"not_picked":["Compile Driver","Aggregate"],"picked":"Chaos+1","floor":22}],"player_experience":1317576,"relics_obtained":[{"floor":9,"key":"Letter Opener"}],"event_choices":[{"damage_healed":18,"gold_gain":0,"player_choice":"Healed","damage_taken":0,"max_hp_gain":0,"max_hp_loss":0,"event_name":"The Cleric","floor":2,"gold_loss":35},{"damage_healed":0,"gold_gain":0,"player_choice":"Success","damage_taken":25,"relics_obtained":["Old Coin"],"max_hp_gain":0,"max_hp_loss":0,"event_name":"Scrap Ooze","floor":3,"gold_loss":0},{"damage_healed":0,"gold_gain":175,"player_choice":"AGREE","damage_taken":0,"max_hp_gain":0,"max_hp_loss":0,"event_name":"Liars Game","floor":4,"gold_loss":0,"cards_obtained":["Doubt"]},{"damage_healed":0,"gold_gain":0,"player_choice":"Rummage","damage_taken":0,"relics_obtained":["WarpedTongs"],"max_hp_gain":0,"max_hp_loss":0,"event_name":"Accursed Blacksmith","floor":10,"gold_loss":0,"cards_obtained":["Pain"]},{"cards_removed":["Strike_B"],"damage_healed":0,"gold_gain":0,"player_choice":"Purged","damage_taken":0,"max_hp_gain":0,"max_hp_loss":0,"event_name":"Purifier","floor":21,"gold_loss":0}],"is_beta":false,"boss_relics":[{"not_picked":["Philosopher\u0027s Stone","Coffee Dripper"],"picked":"FrozenCore"}],"items_purged_floors":[8,11,20],"is_endless":false,"potions_floor_spawned":[7,13,14,16,18,22],"killed_by":"Slavers","ascension_level":8}