{"gold_per_floor":[111,111,36,36,113,113,127,153,153,185,185,360,375,390,390,490,490,506,518,69,69,81],"floor_reached":22,"playtime":949,"items_purged":["Strike_B"],"score":240,"play_id":"1b1ca60c-79a2-4f17-98f8-397fb0e67dcd","local_time":"20181027180920","is_ascension_mode":true,"campfire_choices":[{"data":"Zap","floor":6,"key":"SMITH"},{"floor":11,"key":"REST"},{"floor":15,"key":"REST"}],"neow_cost":"NONE","seed_source_timestamp":248766216622200,"circlet_count":0,"master_deck":["Strike_B","Strike_B","Defend_B","Defend_B","Defend_B","Defend_B","Zap+1","Dualcast","Self Repair","Defragment","Defragment","Doubt","White Noise","Electrodynamics","Chill","Self Repair+1","Self Repair","Shame"],"relics":["Velvet Choker","Blue Candle","Molten Egg 2","Question Card","Singing Bowl","Eternal Feather","Darkstone Periapt","Lantern","MawBank"],"potions_floor_usage":[8,13,16,19],"damage_taken":[{"damage":4,"enemies":"Jaw Worm","floor":1,"turns":4},{"damage":0,"enemies":"Cultist","floor":7,"turns":3},{"damage":43,"enemies":"3 Sentries","floor":8,"turns":13},{"damage":30,"enemies":"Lagavulin","floor":10,"turns":7},{"damage":12,"enemies":"2 Louse","floor":13,"turns":4},{"damage":1,"enemies":"Large Slime","floor":14,"turns":5},{"damage":54,"enemies":"Hexaghost","floor":16,"turns":11},{"damage":39,"enemies":"Spheric Guardian","floor":18,"turns":6},{"damage":6,"enemies":"3 Byrds","floor":19,"turns":4},{"damage":39,"enemies":"Snecko","floor":22,"turns":6}],"seed_played":"-8656750265282279371","potions_obtained":[{"floor":7,"key":"EssenceOfSteel"},{"floor":10,"key":"SkillPotion"},{"floor":14,"key":"FearPotion"},{"floor":18,"key":"Dexterity Potion"}],"is_trial":false,"path_per_floor":["M","?","$","?","T","R","M","E","T","E","R","?","M","M","R","B",null,"M","M","$","?"],"character_chosen":"DEFECT","items_purchased":["Darkstone Periapt","Lantern","Self Repair"],"campfire_rested":2,"item_purchase_floors":[20,20,20],"current_hp_per_floor":[71,71,71,64,64,64,71,35,35,12,34,34,29,37,60,13,61,29,30,30,36,0],"gold":81,"neow_bonus":"BOSS_RELIC","is_prod":false,"is_daily":false,"chose_seed":false,"campfire_upgraded":1,"win_rate":0,"timestamp":1540656560,"path_taken":["M","?","$","?","?","R","?","E","T","E","R","?","M","M","R","BOSS","M","M","$","?","M"],"build_version":"2018-10-25v2","purchased_purges":1,"victory":false,"max_hp_per_floor":[75,75,75,75,75,75,75,75,75,75,75,75,75,77,77,77,77,77,77,77,83,83],"card_choices":[{"not_picked":["Ball Lightning","Tempest"],"picked":"Self Repair","floor":1},{"not_picked":["Barrage","Go for the Eyes","Stack"],"picked":"SKIP","floor":7},{"not_picked":["Leap","Darkness"],"picked":"Defragment","floor":8},{"not_picked":["Barrage+1","Steam","Seek"],"picked":"Defragment","floor":10},{"not_picked":["Steam","Darkness","Hologram"],"picked":"White Noise","floor":13},{"not_picked":["Scrape+1","Hello World","Redo","Ball Lightning+1"],"picked":"Singing Bowl","floor":14},{"not_picked":["Machine Learning","Rainbow","Thunder Strike+1"],"picked":"Electrodynamics","floor":16},{"not_picked":["Redo+1","Scrape+1","FTL+1"],"picked":"Chill","floor":18},{"not_picked":["White Noise+1","Sweeping Beam+1","Coolheaded"],"picked":"Self Repair+1","floor":19}],"player_experience":779688,"relics_obtained":[{"floor":5,"key":"Blue Candle"},{"floor":8,"key":"Molten Egg 2"},{"floor":9,"key":"Question Card"},{"floor":10,"key":"Singing Bowl"}],"event_choices":[{"damage_healed":0,"gold_gain":0,"player_choice":"Leave","damage_taken":0,"max_hp_gain":0,"max_hp_loss":0,"event_name":"FaceTrader","floor":2,"gold_loss":0},{"cards_removed":["Strike_B"],"damage_healed":0,"gold_gain":0,"player_choice":"Card Removal","damage_taken":7,"max_hp_gain":0,"max_hp_loss":0,"event_name":"Golden Wing","floor":4,"gold_loss":0},{"damage_healed":0,"gold_gain":175,"player_choice":"AGREE","damage_taken":0,"max_hp_gain":0,"max_hp_loss":0,"event_name":"Liars Game","floor":12,"gold_loss":0,"cards_obtained":["Doubt"]},{"damage_healed":0,"gold_gain":0,"player_choice":"Stole Relic","damage_taken":0,"relics_obtained":["MawBank"],"max_hp_gain":0,"max_hp_loss":0,"event_name":"Addict","floor":21,"gold_loss":0,"cards_obtained":["Shame"]}],"is_beta":false,"boss_relics":[{"not_picked":["Snecko Eye","Astrolabe"],"picked":"Eternal Feather"}],"items_purged_floors":[3],"is_endless":false,"potions_floor_spawned":[7,10,14,18],"killed_by":"Snecko","ascension_level":5}