{"path_per_floor":["M","$","?","?","?","E","R","M","T","?","?","R","M","M","R","B",null,"M","?","?","M","M","R","$","R","T","R","M"],"character_chosen":"IRONCLAD","items_purchased":["Reckless Charge","Shrug It Off","Metallicize","Finesse"],"gold_per_floor":[113,76,76,76,76,103,103,118,118,118,118,118,141,156,156,281,281,297,387,312,331,344,344,140,140,140,140,158],"floor_reached":29,"campfire_rested":6,"playtime":2230,"current_hp_per_floor":[32,32,32,32,32,10,34,29,29,29,29,53,55,48,72,38,80,49,33,33,47,22,46,46,70,70,80,52],"items_purged":[],"gold":158,"play_id":"5013185e-4d58-49b5-8424-44aaa465739d","is_prod":false,"is_daily":false,"is_ascension_mode":false,"campfire_upgraded":0,"path_taken":["M","$","?","?","?","E","R","?","T","?","?","R","M","M","R","BOSS","M","?","?","M","M","R","$","R","T","R","M","E"],"build_version":"2018-02-01-PROD1","purchased_purges":0,"victory":false,"master_deck":["Strike_R","Strike_R","Strike_R","Strike_R","Strike_R","Defend_R","Defend_R","Defend_R","Defend_R","Bash","Impervious","Corruption","Reckless Charge","Feel No Pain","Pommel Strike","Shockwave","Body Slam","Dark Embrace","Rupture+1","Rampage+1","Iron Wave+1","Shrug It Off","Metallicize","Finesse","Body Slam"],"max_hp_per_floor":[80,80,80,80,80,80,80,80,80,80,80,80,80,80,80,80,80,80,80,80,80,80,80,80,80,80,80,80],"relics":["Black Blood","Red Skull","Ancient Tea Set","Golden Idol","Champion Belt"],"card_choices":[{"not_picked":["Dark Embrace","Double Tap"],"picked":"Impervious"},{"not_picked":["Headbutt","Shrug It Off"],"picked":"Corruption"},{"not_picked":["Blood for Blood","Flame Barrier"],"picked":"Feel No Pain"},{"not_picked":["Second Wind","Combust"],"picked":"Pommel Strike"},{"not_picked":["Clothesline","Hemokinesis"],"picked":"Shockwave"},{"not_picked":["Flex","Armaments"],"picked":"Body Slam"},{"not_picked":["Bludgeon","Feed"],"picked":"Dark Embrace"},{"not_picked":["Warcry","Iron Wave"],"picked":"Rupture"},{"not_picked":["Sword Boomerang","Bloodletting"],"picked":"Rampage"},{"not_picked":["Burning Pact","Corruption"],"picked":"Iron Wave"},{"not_picked":["Sword Boomerang","Intimidate"],"picked":"Body Slam"}],"player_experience":26876,"potions_floor_usage":[14,21,21,22,29],"damage_taken":[{"damage":14,"enemies":"Jaw Worm","floor":1,"turns":4},{"damage":28,"enemies":"Gremlin Nob","floor":6,"turns":5},{"damage":11,"enemies":"2 Louse","floor":8,"turns":4},{"damage":4,"enemies":"Cultist","floor":13,"turns":4},{"damage":13,"enemies":"Large Slime","floor":14,"turns":6},{"damage":40,"enemies":"Hexaghost","floor":16,"turns":8},{"damage":41,"enemies":"Shell Parasite","floor":18,"turns":9},{"damage":8,"enemies":"Chosen","floor":21,"turns":7},{"damage":35,"enemies":"Snake Plant","floor":22,"turns":5},{"damage":38,"enemies":"3 Cultists","floor":28,"turns":9},{"damage":59,"enemies":"Book of Stabbing","floor":29,"turns":7}],"event_choices":[{"event_name":"Shining Light","player_choice":"Ignored","floor":3,"damage_taken":0},{"event_name":"The Lab","player_choice":"Got Potions","floor":4,"damage_taken":0},{"event_name":"Golden Wing","player_choice":"Ignored","floor":5,"damage_taken":0},{"event_name":"Liars Game","player_choice":"disagreed","floor":10,"damage_taken":0},{"event_name":"Golden Idol","player_choice":"Take Wound","floor":11,"damage_taken":0},{"event_name":"Knowing Skull","player_choice":"GOLD ","floor":19,"damage_taken":0},{"event_name":"Beggar","player_choice":"Gave Gold","floor":20,"damage_taken":0}],"boss_relics":[{"not_picked":["Runic Dome","Philosopher\u0027s Stone"],"picked":"Black Blood"}],"potions_floor_spawned":[1,8,16,18,21],"seed_played":"5265466690658679368","killed_by":"Book of Stabbing","ascension_level":0,"is_trial":false}