{"gold_per_floor":[127,214,226,253,265,277,305,352,364,393,405],"floor_reached":11,"playtime":245,"items_purged":[],"score":124,"play_id":"b0bc3798-7e97-4b17-b77b-8eb4306f6ef8","local_time":"20190419021535","is_ascension_mode":true,"campfire_choices":[{"floor":6,"key":"REST"}],"neow_cost":"NONE","seed_source_timestamp":106322460489700,"circlet_count":0,"master_deck":["AscendersBane","Strike_R","Strike_R","Strike_R","Strike_R","Strike_R","Defend_R","Defend_R","Defend_R","Defend_R","Bash","Searing Blow","Clash","Cleave","Limit Break","Searing Blow"],"relics":["Burning Blood","MawBank","Letter Opener","Ice Cream","Mummified Hand","Art of War"],"potions_floor_usage":[11],"damage_taken":[{"damage":4,"enemies":"Jaw Worm","floor":1,"turns":4},{"damage":6,"enemies":"2 Louse","floor":4,"turns":3},{"damage":0,"enemies":"Cultist","floor":7,"turns":3},{"damage":44,"enemies":"Gremlin Nob","floor":8,"turns":5},{"damage":8,"enemies":"3 Louse","floor":10,"turns":3},{"damage":32,"enemies":"Large Slime","floor":11,"turns":3}],"seed_played":"4509063490226468968","potions_obtained":[{"floor":7,"key":"SpeedPotion"}],"is_trial":false,"path_per_floor":["M","?","?","M","?","R","M","E","T","M","M"],"character_chosen":"IRONCLAD","items_purchased":[],"campfire_rested":1,"item_purchase_floors":[],"current_hp_per_floor":[70,59,34,34,34,56,62,24,24,22,0],"gold":405,"neow_bonus":"RANDOM_COMMON_RELIC","is_prod":false,"is_daily":false,"chose_seed":false,"campfire_upgraded":0,"win_rate":0,"timestamp":1555632935,"path_taken":["M","?","?","M","?","R","?","E","T","M","M"],"build_version":"2019-01-23","purchased_purges":0,"victory":false,"max_hp_per_floor":[75,75,75,75,75,75,75,75,75,75,75],"card_choices":[{"not_picked":["True Grit","Entrench"],"picked":"Searing Blow","floor":1},{"not_picked":["Pommel Strike","Perfected Strike"],"picked":"Clash","floor":4},{"not_picked":["Pommel Strike","Havoc"],"picked":"Cleave","floor":7},{"not_picked":["Evolve","Havoc"],"picked":"Limit Break","floor":8},{"not_picked":["Shockwave","Twin Strike"],"picked":"Searing Blow","floor":10}],"player_experience":1740166,"relics_obtained":[{"floor":5,"key":"Ice Cream"},{"floor":8,"key":"Mummified Hand"},{"floor":9,"key":"Art of War"}],"event_choices":[{"damage_healed":0,"gold_gain":75,"player_choice":"Gather Gold","damage_taken":11,"max_hp_gain":0,"max_hp_loss":0,"event_name":"World of Goop","floor":2,"gold_loss":0},{"damage_healed":0,"gold_gain":0,"player_choice":"Success","damage_taken":25,"relics_obtained":["Letter Opener"],"max_hp_gain":0,"max_hp_loss":0,"event_name":"Scrap Ooze","floor":3,"gold_loss":0},{"damage_healed":0,"gold_gain":0,"player_choice":"Relic","damage_taken":0,"max_hp_gain":0,"max_hp_loss":0,"event_name":"Wheel of Change","floor":5,"gold_loss":0}],"is_beta":false,"boss_relics":[],"items_purged_floors":[],"is_endless":false,"potions_floor_spawned":[7],"killed_by":"Large Slime","ascension_level":14}