{"gold_per_floor":[109,409,409,37,37,37,73,73,99,24,24,24,38,65,65,193,193,209,243,267,287,287,287,320,445,445,445,468,503,503,534,534,534],"floor_reached":33,"playtime":2063,"items_purged":["Regret"],"score":493,"play_id":"97640227-8860-49dc-aca9-90fd59cac406","local_time":"20181128001704","is_ascension_mode":true,"campfire_choices":[{"data":"Rage","floor":6,"key":"SMITH"},{"data":"Feed","floor":8,"key":"SMITH"},{"data":"Bash","floor":12,"key":"SMITH"},{"floor":15,"key":"RECALL"},{"data":"Flex","floor":23,"key":"SMITH"},{"data":"Feed","floor":30,"key":"SMITH"},{"data":"Whirlwind","floor":32,"key":"SMITH"}],"neow_cost":"NONE","seed_source_timestamp":218954581071800,"circlet_count":0,"master_deck":["Strike_R","Strike_R","Strike_R","Strike_R","Strike_R","Defend_R","Defend_R","Defend_R+1","Defend_R","Bash+1","Rage+1","Cleave+1","Feed+1","Flex+1","Offering","Whirlwind+1","Flame Barrier","Burning Pact","Headbutt+1","Ghostly","Ghostly","Ghostly","Ghostly","Ghostly","Sword Boomerang","Infernal Blade","Feed+1"],"relics":["Burning Blood","NeowsBlessing","Old Coin","Golden Idol","Tiny Chest","Strange Spoon","Centennial Puzzle","Red Skull","Juzu Bracelet","Philosopher\u0027s Stone","Red Mask","Bag of Preparation","WingedGreaves","Bottled Flame","Dream Catcher","Blue Candle"],"potions_floor_usage":[16,18,21,33,33,33],"damage_taken":[{"damage":0,"enemies":"Small Slimes","floor":1,"turns":1},{"damage":0,"enemies":"3 Sentries","floor":7,"turns":1},{"damage":0,"enemies":"2 Louse","floor":13,"turns":1},{"damage":49,"enemies":"The Guardian","floor":16,"turns":9},{"damage":9,"enemies":"Chosen","floor":18,"turns":5},{"damage":0,"enemies":"Masked Bandits","floor":19,"turns":2},{"damage":9,"enemies":"3 Byrds","floor":20,"turns":5},{"damage":16,"enemies":"Snake Plant","floor":21,"turns":4},{"damage":4,"enemies":"Slavers","floor":24,"turns":7},{"damage":7,"enemies":"Colosseum Slavers","floor":25,"turns":6},{"damage":2,"enemies":"Colosseum Nobs","floor":25,"turns":7},{"damage":1,"enemies":"3 Cultists","floor":28,"turns":5},{"damage":6,"enemies":"Gremlin Leader","floor":29,"turns":7},{"damage":2,"enemies":"Book of Stabbing","floor":31,"turns":9},{"damage":89,"enemies":"Champ","floor":33,"turns":16}],"seed_played":"-5042518463071776580","potions_obtained":[{"floor":1,"key":"Weak Potion"},{"floor":13,"key":"Regen Potion"},{"floor":16,"key":"Block Potion"},{"floor":20,"key":"SkillPotion"},{"floor":28,"key":"Regen Potion"},{"floor":29,"key":"Regen Potion"}],"is_trial":false,"path_per_floor":["M","?","?","$","?","R","E","R","T","$","?","R","M","T","R","B",null,"M","?","M","M","?","R","E","?","T","?","M","E","R","E","R","B"],"character_chosen":"IRONCLAD","items_purchased":["Tiny Chest","Strange Spoon","Cleave"],"campfire_rested":0,"item_purchase_floors":[4,4,4],"current_hp_per_floor":[78,78,78,78,78,78,80,80,80,80,64,64,70,70,70,31,71,68,78,79,73,48,48,48,56,56,56,60,64,64,68,68,0],"gold":534,"neow_bonus":"THREE_ENEMY_KILL","is_prod":false,"is_daily":false,"chose_seed":false,"campfire_upgraded":6,"win_rate":0,"timestamp":1543360624,"path_taken":["M","?","?","$","?","R","E","R","T","$","?","R","M","?","R","BOSS","M","?","M","M","?","R","E","?","T","?","M","E","R","E","R","BOSS"],"build_version":"2018-11-15","purchased_purges":1,"victory":false,"max_hp_per_floor":[80,80,80,80,80,80,80,80,80,80,80,80,80,80,80,84,84,84,88,92,96,48,48,48,56,56,56,60,64,64,68,68,68],"card_choices":[{"not_picked":["Bloodletting","Entrench"],"picked":"Rage","floor":1},{"not_picked":["Twin Strike","Clothesline"],"picked":"Feed","floor":7},{"not_picked":["Thunderclap","Havoc"],"picked":"Flex","floor":13},{"not_picked":["Brutality","Bludgeon"],"picked":"Offering","floor":16},{"not_picked":["Disarm","Iron Wave"],"picked":"Whirlwind","floor":18},{"not_picked":["Twin Strike","Iron Wave"],"picked":"Flame Barrier","floor":19},{"not_picked":["Thunderclap","Havoc+1"],"picked":"Burning Pact","floor":20},{"not_picked":["Searing Blow","Havoc"],"picked":"Headbutt+1","floor":21},{"not_picked":["Thunderclap","Rage"],"picked":"Sword Boomerang","floor":24},{"not_picked":["Uppercut","Anger+1"],"picked":"Infernal Blade","floor":25},{"not_picked":["Corruption","True Grit"],"picked":"Feed","floor":28},{"not_picked":["Havoc","True Grit+1","Sword Boomerang"],"picked":"SKIP","floor":29},{"not_picked":["Iron Wave","Ghostly Armor","True Grit"],"picked":"SKIP","floor":31}],"player_experience":1030500,"relics_obtained":[{"floor":7,"key":"Centennial Puzzle"},{"floor":9,"key":"Red Skull"},{"floor":14,"key":"Juzu Bracelet"},{"floor":19,"key":"Red Mask"},{"floor":24,"key":"Bag of Preparation"},{"floor":25,"key":"WingedGreaves"},{"floor":25,"key":"Bottled Flame"},{"floor":29,"key":"Dream Catcher"},{"floor":31,"key":"Blue Candle"}],"event_choices":[{"damage_healed":0,"gold_gain":0,"player_choice":"Box","damage_taken":0,"relics_obtained":["Old Coin"],"max_hp_gain":0,"max_hp_loss":0,"event_name":"Big Fish","floor":2,"gold_loss":0,"cards_obtained":["Regret"]},{"damage_healed":0,"gold_gain":0,"player_choice":"Take Wound","damage_taken":0,"relics_obtained":["Golden Idol"],"max_hp_gain":0,"max_hp_loss":0,"event_name":"Golden Idol","floor":3,"gold_loss":0,"cards_obtained":["Injury"]},{"damage_healed":0,"gold_gain":0,"player_choice":"Leave","damage_taken":0,"max_hp_gain":0,"max_hp_loss":0,"event_name":"The Cleric","floor":5,"gold_loss":0},{"damage_healed":0,"gold_gain":0,"player_choice":"Entered Light","damage_taken":16,"max_hp_gain":0,"max_hp_loss":0,"event_name":"Shining Light","floor":11,"gold_loss":0,"cards_upgraded":["Defend_R","Cleave"]},{"damage_healed":0,"gold_gain":0,"player_choice":"Fought Bandits","damage_taken":0,"max_hp_gain":0,"max_hp_loss":0,"event_name":"Masked Bandits","floor":19,"gold_loss":0},{"damage_healed":0,"gold_gain":0,"player_choice":"Became a Ghost","damage_taken":0,"max_hp_gain":0,"max_hp_loss":48,"event_name":"Ghosts","floor":22,"gold_loss":0,"cards_obtained":["Ghostly","Ghostly","Ghostly","Ghostly","Ghostly"]},{"damage_healed":0,"gold_gain":0,"player_choice":"Fight","damage_taken":0,"max_hp_gain":0,"max_hp_loss":0,"event_name":"Colosseum","floor":25,"gold_loss":0},{"damage_healed":0,"gold_gain":0,"player_choice":"Fought Nobs","damage_taken":0,"max_hp_gain":0,"max_hp_loss":0,"event_name":"Colosseum","floor":25,"gold_loss":0},{"cards_removed":["Injury"],"damage_healed":0,"gold_gain":0,"player_choice":"Removed Curses","damage_taken":0,"max_hp_gain":0,"max_hp_loss":0,"event_name":"Fountain of Cleansing","floor":27,"gold_loss":0}],"is_beta":false,"boss_relics":[{"not_picked":["Snecko Eye","Astrolabe"],"picked":"Philosopher\u0027s Stone"}],"items_purged_floors":[10],"is_endless":false,"potions_floor_spawned":[1,13,16,20,25,28,29],"killed_by":"Champ","ascension_level":7}