{"gold_per_floor":[115,115,11,32,32,32,71,96,96,137,18,42,66,84,84,84],"floor_reached":16,"playtime":765,"items_purged":[],"score":226,"play_id":"484afa68-558f-443b-8252-2729840cf805","local_time":"20190430221553","is_ascension_mode":true,"campfire_choices":[{"data":"Infinite Blades","floor":6,"key":"SMITH"},{"floor":15,"key":"REST"}],"neow_cost":"NONE","seed_source_timestamp":14179096954311,"circlet_count":0,"master_deck":["AscendersBane","Defend_G","Defend_G","Defend_G","Defend_G","Defend_G","Strike_G","Strike_G","Strike_G","Strike_G","Strike_G","Survivor","Neutralize","Infinite Blades+1","Accuracy","Crippling Poison","All Out Attack","Crippling Poison","Tactician","Footwork","Infinite Blades","Accuracy","Backstab"],"relics":["Ring of the Snake","NeowsBlessing","Golden Idol","Singing Bowl","Bag of Marbles","Anchor","Blood Vial"],"potions_floor_usage":[10,14,16],"damage_taken":[{"damage":0,"enemies":"Cultist","floor":1,"turns":1},{"damage":0,"enemies":"Jaw Worm","floor":4,"turns":1},{"damage":0,"enemies":"Lagavulin","floor":7,"turns":1},{"damage":3,"enemies":"2 Louse","floor":8,"turns":3},{"damage":34,"enemies":"Gremlin Nob","floor":10,"turns":5},{"damage":0,"enemies":"Blue Slaver","floor":12,"turns":5},{"damage":0,"enemies":"Red Slaver","floor":13,"turns":5},{"damage":0,"enemies":"Exordium Thugs","floor":14,"turns":3},{"damage":41,"enemies":"Hexaghost","floor":16,"turns":9}],"seed_played":"7365467431084872709","potions_obtained":[{"floor":4,"key":"EssenceOfSteel"},{"floor":7,"key":"AttackPotion"},{"floor":10,"key":"Explosive Potion"}],"is_trial":false,"path_per_floor":["M","?","$","M","?","R","E","M","T","E","$","M","M","M","R","B"],"character_chosen":"THE_SILENT","items_purchased":["Accuracy","Crippling Poison","Footwork","Fire Potion"],"campfire_rested":1,"item_purchase_floors":[3,3,11,11],"current_hp_per_floor":[63,46,46,46,46,46,46,43,43,11,11,13,15,17,38,0],"gold":84,"neow_bonus":"THREE_ENEMY_KILL","is_prod":false,"is_daily":false,"chose_seed":false,"campfire_upgraded":1,"win_rate":0,"timestamp":1556687753,"path_taken":["M","?","$","M","?","R","E","M","T","E","$","M","M","?","R","BOSS"],"build_version":"2019-01-23","purchased_purges":0,"victory":false,"max_hp_per_floor":[70,70,70,70,70,70,70,70,70,72,72,72,72,72,72,72],"card_choices":[{"not_picked":["Outmaneuver","Backflip"],"picked":"Infinite Blades","floor":1},{"not_picked":["Outmaneuver","Poisoned Stab"],"picked":"All Out Attack","floor":4},{"not_picked":["Flying Knee","Bane"],"picked":"Crippling Poison","floor":7},{"not_picked":["PiercingWail","Backflip"],"picked":"Tactician","floor":8},{"not_picked":["Quick Slash","Outmaneuver","PiercingWail"],"picked":"Singing Bowl","floor":10},{"not_picked":["Prepared","Dodge and Roll"],"picked":"Infinite Blades","floor":12},{"not_picked":["Crippling Poison","Outmaneuver"],"picked":"Accuracy","floor":13},{"not_picked":["Grand Finale","Flying Knee"],"picked":"Backstab","floor":14}],"player_experience":1529062,"relics_obtained":[{"floor":7,"key":"Bag of Marbles"},{"floor":9,"key":"Anchor"},{"floor":10,"key":"Blood Vial"}],"event_choices":[{"damage_healed":0,"gold_gain":0,"player_choice":"Take Damage","damage_taken":17,"relics_obtained":["Golden Idol"],"max_hp_gain":0,"max_hp_loss":0,"event_name":"Golden Idol","floor":2,"gold_loss":0},{"damage_healed":0,"gold_gain":0,"player_choice":"Gave Potion","damage_taken":0,"relics_obtained":["Singing Bowl"],"max_hp_gain":0,"max_hp_loss":0,"event_name":"WeMeetAgain","floor":5,"gold_loss":0}],"is_beta":false,"boss_relics":[],"items_purged_floors":[],"is_endless":false,"potions_floor_spawned":[4,7,10,13],"killed_by":"Hexaghost","ascension_level":13}