{"gold_per_floor":[119,119,119,131,131,131,144,94,120,120,120,152,152,176,176,281,281,296,296,29,44,57,57,74,74,74,74,86,103,120,120,120,120],"floor_reached":33,"playtime":1477,"items_purged":["Pain"],"score":270,"play_id":"02d45909-dba9-408e-ae8f-9a88ec83395a","local_time":"20181019015503","is_ascension_mode":false,"campfire_choices":[{"floor":6,"key":"REST"},{"data":"Flex","floor":10,"key":"SMITH"},{"data":"Inflame","floor":13,"key":"SMITH"},{"data":"Flex","floor":15,"key":"SMITH"},{"floor":23,"key":"REST"},{"data":"Reaper","floor":25,"key":"SMITH"},{"floor":27,"key":"REST"},{"floor":32,"key":"REST"}],"neow_cost":"TEN_PERCENT_HP_LOSS","seed_source_timestamp":184695655799700,"circlet_count":0,"master_deck":["Strike_R","Strike_R+1","Strike_R","Defend_R","Defend_R","Defend_R","Defend_R","Bash+1","Flex+1","Shockwave","Sever Soul","Sword Boomerang","Flex+1","Inflame+1","Spot Weakness","Hemokinesis","Blood for Blood","Demon Form","Body Slam+1","Rage","Feed","Whirlwind","Blood for Blood","Flex","Warcry","Corruption+1","Dual Wield+1","Reaper+1","Battle Trance","Blood for Blood","Armaments+1","Searing Blow+1","Bloodletting+1","Shrug It Off+1"],"relics":["Burning Blood","Prayer Wheel","Boot","WarpedTongs","Darkstone Periapt","Oddly Smooth Stone","Runic Cube","Shuriken","MutagenicStrength"],"potions_floor_usage":[21,22,28,30],"damage_taken":[{"damage":8,"enemies":"Jaw Worm","floor":1,"turns":5},{"damage":4,"enemies":"Cultist","floor":4,"turns":3},{"damage":5,"enemies":"Small Slimes","floor":7,"turns":3},{"damage":3,"enemies":"Gremlin Nob","floor":12,"turns":2},{"damage":30,"enemies":"The Guardian","floor":16,"turns":6},{"damage":7,"enemies":"Spheric Guardian","floor":18,"turns":3},{"damage":18,"enemies":"Chosen","floor":21,"turns":5},{"damage":33,"enemies":"Snake Plant","floor":22,"turns":3},{"damage":24,"enemies":"3 Cultists","floor":24,"turns":5},{"damage":26,"enemies":"Centurion and Healer","floor":28,"turns":4},{"damage":23,"enemies":"Shelled Parasite and Fungi","floor":29,"turns":5},{"damage":13,"enemies":"Chosen and Byrds","floor":30,"turns":3},{"damage":111,"enemies":"Automaton","floor":33,"turns":8}],"seed_played":"-3432872074857741408","potions_obtained":[{"floor":12,"key":"SpeedPotion"},{"floor":18,"key":"Energy Potion"},{"floor":22,"key":"SteroidPotion"},{"floor":29,"key":"Weak Potion"}],"is_trial":false,"path_per_floor":["M","?","?","M","?","R","M","?","T","R","?","E","R","T","R","B",null,"M","?","$","M","M","R","M","R","T","R","M","M","M","?","R"],"character_chosen":"IRONCLAD","items_purchased":["Whirlwind","Blood for Blood","Flex"],"campfire_rested":4,"item_purchase_floors":[20,20,20],"current_hp_per_floor":[70,70,70,72,58,72,72,72,72,72,72,72,72,72,72,48,72,71,71,71,59,32,53,49,49,49,71,54,40,33,33,57,0],"gold":120,"neow_bonus":"ONE_RARE_RELIC","is_prod":false,"is_daily":false,"chose_seed":false,"campfire_upgraded":4,"win_rate":0,"timestamp":1539906903,"path_taken":["M","?","?","M","?","R","?","?","T","R","?","E","R","?","R","BOSS","M","?","$","M","M","R","?","R","T","R","M","M","M","?","R","BOSS"],"build_version":"2018-10-11","purchased_purges":1,"victory":false,"max_hp_per_floor":[72,72,72,72,72,72,72,72,72,72,72,72,72,72,72,72,72,72,72,72,72,72,72,75,75,75,75,78,81,81,81,81,81],"card_choices":[{"not_picked":["Twin Strike","Sever Soul"],"picked":"Flex","floor":1},{"not_picked":["Shrug It Off","True Grit"],"picked":"Shockwave","floor":1},{"not_picked":["Clash","Shrug It Off"],"picked":"Flex","floor":4},{"not_picked":["Perfected Strike","Flex"],"picked":"Inflame","floor":4},{"not_picked":["Hemokinesis","Pummel"],"picked":"Spot Weakness","floor":7},{"not_picked":["Power Through","Sever Soul"],"picked":"Hemokinesis","floor":7},{"not_picked":["Twin Strike","Perfected Strike"],"picked":"Blood for Blood","floor":12},{"not_picked":["Berserk","Offering"],"picked":"Demon Form","floor":16},{"not_picked":["Corruption","Clothesline"],"picked":"Body Slam+1","floor":18},{"not_picked":["Perfected Strike","Headbutt+1"],"picked":"Rage","floor":18},{"not_picked":["Thunderclap","Headbutt"],"picked":"Warcry","floor":21},{"not_picked":["Pommel Strike","Anger"],"picked":"Corruption+1","floor":21},{"not_picked":["True Grit","Shrug It Off"],"picked":"Dual Wield+1","floor":22},{"not_picked":["Clash+1","Wild Strike"],"picked":"Reaper","floor":22},{"not_picked":["Thunderclap","Perfected Strike"],"picked":"Battle Trance","floor":24},{"not_picked":["Entrench","Spot Weakness"],"picked":"Blood for Blood","floor":24},{"not_picked":["Anger","Flame Barrier"],"picked":"Armaments+1","floor":28},{"not_picked":["Fire Breathing","Anger+1","Corruption"],"picked":"SKIP","floor":28},{"not_picked":["Evolve","Shrug It Off"],"picked":"Searing Blow+1","floor":29},{"not_picked":["Clothesline","Reckless Charge"],"picked":"Bloodletting+1","floor":29},{"not_picked":["Bloodletting","Intimidate"],"picked":"Shrug It Off+1","floor":30},{"not_picked":["Iron Wave+1","Sword Boomerang+1","Dropkick"],"picked":"SKIP","floor":30}],"player_experience":716769,"relics_obtained":[{"floor":9,"key":"Boot"},{"floor":12,"key":"Darkstone Periapt"},{"floor":14,"key":"Oddly Smooth Stone"},{"floor":26,"key":"Shuriken"}],"event_choices":[{"event_name":"Match and Keep!","player_choice":"1 cards matched","floor":2,"damage_taken":0},{"event_name":"Living Wall","player_choice":"Change","floor":3,"damage_taken":0},{"event_name":"Shining Light","player_choice":"Entered Light","floor":5,"damage_taken":0},{"event_name":"The Cleric","player_choice":"Card Removal","floor":8,"damage_taken":0},{"event_name":"Accursed Blacksmith","player_choice":"Rummage","floor":11,"damage_taken":0},{"event_name":"Match and Keep!","player_choice":"1 cards matched","floor":19,"damage_taken":0},{"event_name":"Drug Dealer","player_choice":"Inject Mutagens","floor":31,"damage_taken":0}],"is_beta":false,"boss_relics":[{"not_picked":["Orrery","Fusion Hammer"],"picked":"Runic Cube"}],"items_purged_floors":[20],"is_endless":false,"potions_floor_spawned":[12,18,22,29],"killed_by":"Automaton","ascension_level":0}