{"gold_per_floor":[115,4,4,4,14,14,30,30,55,72,72,247,247,274,274,379,379,389,488,0,14,29,29,44,44,44,44,44,60,92,92,92,92],"floor_reached":33,"playtime":1450,"items_purged":[],"score":520,"play_id":"9736dc58-fc4c-4c2c-86f9-f910abdb8d4c","local_time":"20190424211035","is_ascension_mode":true,"campfire_choices":[{"floor":6,"key":"REST"},{"floor":11,"key":"RECALL"},{"floor":15,"key":"REST"},{"floor":23,"key":"REST"},{"floor":25,"key":"REST"},{"floor":32,"key":"REST"}],"neow_cost":"NONE","seed_source_timestamp":32679230098269,"circlet_count":0,"master_deck":["AscendersBane","Defend_G","Defend_G","Defend_G","Defend_G","Defend_G","Strike_G","Strike_G+1","Strike_G","Strike_G","Strike_G","Survivor+1","Neutralize","Quick Slash","Dash","Finisher","Footwork","Dagger Throw","Terror","Doubt","Adrenaline","Adrenaline","Footwork","Regret","Blade Dance","Shame","Doubt","Corpse Explosion"],"relics":["Fusion Hammer","Dream Catcher","Singing Bowl","Shuriken","Cursed Key","DollysMirror","PreservedInsect","Potion Belt","Centennial Puzzle","The Specimen","The Courier"],"potions_floor_usage":[7,14,16,16,22,30,33,33],"damage_taken":[{"damage":0,"enemies":"Jaw Worm","floor":1,"turns":5},{"damage":0,"enemies":"Small Slimes","floor":5,"turns":3},{"damage":0,"enemies":"Cultist","floor":7,"turns":3},{"damage":0,"enemies":"Large Slime","floor":10,"turns":5},{"damage":8,"enemies":"Lagavulin","floor":14,"turns":7},{"damage":32,"enemies":"Hexaghost","floor":16,"turns":9},{"damage":15,"enemies":"Shell Parasite","floor":18,"turns":5},{"damage":12,"enemies":"Chosen","floor":21,"turns":5},{"damage":24,"enemies":"Snecko","floor":22,"turns":6},{"damage":20,"enemies":"Centurion and Healer","floor":24,"turns":7},{"damage":17,"enemies":"Snake Plant","floor":29,"turns":3},{"damage":30,"enemies":"Book of Stabbing","floor":30,"turns":4},{"damage":65,"enemies":"Collector","floor":33,"turns":7}],"seed_played":"-8210724524612376532","potions_obtained":[{"floor":4,"key":"Weak Potion"},{"floor":4,"key":"Strength Potion"},{"floor":4,"key":"SkillPotion"},{"floor":7,"key":"Block Potion"},{"floor":24,"key":"Poison Potion"},{"floor":29,"key":"SpeedPotion"},{"floor":30,"key":"SteroidPotion"}],"is_trial":false,"path_per_floor":["M","$","?","?","M","R","M","?","T","M","R","?","T","E","R","B",null,"M","?","$","M","M","R","M","R","T","?","?","M","E","T","R","B"],"character_chosen":"THE_SILENT","items_purchased":["Dash","Finisher","DollysMirror","Footwork","PreservedInsect","Regen Potion"],"campfire_rested":5,"item_purchase_floors":[2,2,20,20,20,20],"current_hp_per_floor":[63,63,49,49,49,70,70,70,70,70,70,70,70,64,74,42,66,53,53,53,43,36,62,44,71,71,71,71,56,28,28,55,0],"gold":92,"neow_bonus":"BOSS_RELIC","is_prod":false,"is_daily":false,"chose_seed":false,"campfire_upgraded":0,"win_rate":0,"timestamp":1556165435,"path_taken":["M","$","?","?","M","R","?","?","T","M","R","?","?","E","R","BOSS","M","?","$","M","M","R","M","R","T","?","?","?","E","?","R","BOSS"],"build_version":"2019-01-23","purchased_purges":0,"victory":false,"max_hp_per_floor":[70,70,70,70,70,70,70,70,70,70,70,70,70,72,74,74,74,76,76,76,78,80,82,84,86,86,86,86,88,90,90,90,90],"card_choices":[{"not_picked":["Prepared","Masterful Stab"],"picked":"Quick Slash","floor":1},{"not_picked":["Dodge and Roll","Underhanded Strike"],"picked":"Footwork","floor":5},{"not_picked":["Skewer","Underhanded Strike"],"picked":"Dagger Throw","floor":7},{"not_picked":["Blur","Sucker Punch"],"picked":"Terror","floor":10},{"not_picked":["Terror","PiercingWail","Tactician"],"picked":"Singing Bowl","floor":14},{"not_picked":["Underhanded Strike","Riddle With Holes","Expertise"],"picked":"Singing Bowl","floor":15},{"not_picked":["Grand Finale","Bullet Time"],"picked":"Adrenaline","floor":16},{"not_picked":["Deadly Poison+1","Heel Hook","Prepared"],"picked":"Singing Bowl","floor":18},{"not_picked":["PiercingWail","Backflip","Deflect"],"picked":"Singing Bowl","floor":21},{"not_picked":["Flying Knee","Poisoned Stab+1","Accuracy"],"picked":"Singing Bowl","floor":22},{"not_picked":["Acrobatics","Deadly Poison","Expertise"],"picked":"Singing Bowl","floor":23},{"not_picked":["Noxious Fumes+1","Accuracy+1","Terror"],"picked":"Singing Bowl","floor":24},{"not_picked":["Setup+1","Riddle With Holes","Reflex"],"picked":"Singing Bowl","floor":25},{"not_picked":["Flying Knee","Slice+1","All Out Attack"],"picked":"Singing Bowl","floor":29},{"not_picked":["Accuracy+1","Predator","Dagger Spray"],"picked":"Singing Bowl","floor":30},{"not_picked":["Quick Slash","Outmaneuver"],"picked":"Corpse Explosion","floor":32}],"player_experience":1471790,"relics_obtained":[{"floor":9,"key":"Dream Catcher"},{"floor":13,"key":"Singing Bowl"},{"floor":14,"key":"Shuriken"},{"floor":26,"key":"Potion Belt"},{"floor":30,"key":"The Specimen"},{"floor":31,"key":"The Courier"}],"event_choices":[{"damage_healed":0,"gold_gain":0,"player_choice":"Entered Light","damage_taken":14,"max_hp_gain":0,"max_hp_loss":0,"event_name":"Shining Light","floor":3,"gold_loss":0,"cards_upgraded":["Strike_G","Survivor"]},{"damage_healed":0,"gold_gain":0,"player_choice":"Got Potions","damage_taken":0,"max_hp_gain":0,"max_hp_loss":0,"event_name":"Lab","floor":4,"gold_loss":0},{"damage_healed":0,"gold_gain":0,"player_choice":"Leave","damage_taken":0,"max_hp_gain":0,"max_hp_loss":0,"event_name":"The Cleric","floor":8,"gold_loss":0},{"damage_healed":0,"gold_gain":175,"player_choice":"AGREE","damage_taken":0,"max_hp_gain":0,"max_hp_loss":0,"event_name":"Liars Game","floor":12,"gold_loss":0,"cards_obtained":["Doubt"]},{"damage_healed":0,"gold_gain":99,"player_choice":"Stole From Cult","damage_taken":0,"max_hp_gain":0,"max_hp_loss":0,"event_name":"Nest","floor":19,"gold_loss":0},{"damage_healed":0,"gold_gain":0,"player_choice":"Read","damage_taken":0,"max_hp_gain":0,"max_hp_loss":0,"event_name":"The Library","floor":27,"gold_loss":0,"cards_obtained":["Blade Dance"]},{"damage_healed":0,"gold_gain":0,"player_choice":"Stole Relic","damage_taken":0,"relics_obtained":["Centennial Puzzle"],"max_hp_gain":0,"max_hp_loss":0,"event_name":"Addict","floor":28,"gold_loss":0,"cards_obtained":["Shame"]}],"is_beta":false,"boss_relics":[{"not_picked":["Sozu","Eternal Feather"],"picked":"Cursed Key"}],"items_purged_floors":[],"is_endless":false,"potions_floor_spawned":[7,10,24,29,30],"killed_by":"Collector","ascension_level":10}