{"gold_per_floor":[365,365,385,163,183,216,216,233,233,233,262,279,279,290,290,392,392,402,402,421,434,451,486,506,506,531,531,531,631,648,29,29,127,127,139,154,4,19,38,67,67,87,111,111,142,542,542,554,554,554],"floor_reached":51,"playtime":2773,"items_purged":["Strike_B","Pain"],"score":816,"play_id":"96b2b568-e0ab-4319-8916-9120cb586870","local_time":"20181118175010","is_ascension_mode":false,"campfire_choices":[{"data":"Biased Cognition","floor":7,"key":"SMITH"},{"floor":10,"key":"REST"},{"floor":15,"key":"REST"},{"floor":25,"key":"REST"},{"floor":28,"key":"REST"},{"floor":32,"key":"REST"},{"floor":44,"key":"REST"},{"data":"Ghostly","floor":49,"key":"SMITH"}],"neow_cost":"TEN_PERCENT_HP_LOSS","seed_source_timestamp":343232956997100,"circlet_count":0,"master_deck":["Strike_B","Strike_B","Defend_B","Defend_B","Defend_B","Defend_B","Zap+1","Dualcast","Compile Driver","Melter","Biased Cognition+1","Fission","Conserve Battery","Static Discharge","Turbo","Storm","Electrodynamics","Sunder","Heatsinks","Redo","White Noise","Ghostly+1","Ghostly","Ghostly","Ghostly","Ghostly","Master of Strategy","Bandage Up","Seek","Chaos+1","Creative AI","Doom and Gloom","Dark Shackles","Apotheosis","Secret Technique","Chill+1","Redo+1","Tempest+1"],"relics":["Cracked Core","DataDisk","Bronze Scales","Smiling Mask","Darkstone Periapt","Nuclear Battery","WarpedTongs","Juzu Bracelet","Omamori","Turnip","Meat on the Bone","Happy Flower","Anchor","Inserter","Thread and Needle","Lantern","Bag of Marbles","Old Coin"],"potions_floor_usage":[11,12,21,23,29,33,50,50,50],"damage_taken":[{"damage":2,"enemies":"2 Louse","floor":1,"turns":3},{"damage":1,"enemies":"Cultist","floor":3,"turns":3},{"damage":1,"enemies":"Jaw Worm","floor":5,"turns":2},{"damage":14,"enemies":"Gremlin Nob","floor":6,"turns":3},{"damage":9,"enemies":"Blue Slaver","floor":8,"turns":2},{"damage":22,"enemies":"Lagavulin","floor":11,"turns":6},{"damage":8,"enemies":"Red Slaver","floor":12,"turns":2},{"damage":0,"enemies":"3 Louse","floor":14,"turns":2},{"damage":19,"enemies":"Hexaghost","floor":16,"turns":6},{"damage":0,"enemies":"3 Byrds","floor":18,"turns":2},{"damage":16,"enemies":"Shell Parasite","floor":20,"turns":2},{"damage":10,"enemies":"Snake Plant","floor":21,"turns":2},{"damage":0,"enemies":"Sentry and Sphere","floor":22,"turns":1},{"damage":30,"enemies":"Gremlin Leader","floor":23,"turns":3},{"damage":17,"enemies":"Snecko","floor":24,"turns":3},{"damage":5,"enemies":"Colosseum Slavers","floor":29,"turns":4},{"damage":4,"enemies":"Colosseum Nobs","floor":29,"turns":3},{"damage":3,"enemies":"3 Cultists","floor":30,"turns":3},{"damage":3,"enemies":"Collector","floor":33,"turns":6},{"damage":4,"enemies":"3 Darklings","floor":35,"turns":5},{"damage":0,"enemies":"3 Shapes","floor":36,"turns":2},{"damage":2,"enemies":"Transient","floor":38,"turns":5},{"damage":3,"enemies":"Writhing Mass","floor":39,"turns":4},{"damage":2,"enemies":"Reptomancer","floor":40,"turns":5},{"damage":0,"enemies":"Jaw Worm Horde","floor":42,"turns":4},{"damage":9,"enemies":"Giant Head","floor":45,"turns":7},{"damage":0,"enemies":"Mind Bloom Boss Battle","floor":46,"turns":5},{"damage":0,"enemies":"Sphere and 2 Shapes","floor":48,"turns":4},{"damage":19,"enemies":"Time Eater","floor":50,"turns":10}],"seed_played":"-4883939012981199902","potions_obtained":[{"floor":6,"key":"Weak Potion"},{"floor":8,"key":"FearPotion"},{"floor":12,"key":"Strength Potion"},{"floor":14,"key":"FearPotion"},{"floor":16,"key":"Poison Potion"},{"floor":18,"key":"AttackPotion"},{"floor":21,"key":"SkillPotion"},{"floor":23,"key":"FearPotion"},{"floor":35,"key":"Ancient Potion"},{"floor":38,"key":"Explosive Potion"},{"floor":46,"key":"LiquidBronze"}],"is_trial":false,"path_per_floor":["M","?","M","$","M","E","R","M","T","R","E","M","?","M","R","B",null,"M","?","M","M","M","E","M","R","T","?","R","?","M","$","R","B",null,"M","M","$","M","M","E","?","M","T","R","E","?","?","M","R","B",null],"character_chosen":"DEFECT","items_purchased":["DataDisk","Happy Flower","Anchor","Master of Strategy","Bandage Up","Creative AI"],"campfire_rested":6,"item_purchase_floors":[4,31,31,31,31,37],"current_hp_per_floor":[66,66,65,65,64,50,50,41,41,61,39,31,31,31,51,32,68,68,74,58,48,48,18,1,23,23,23,34,25,22,22,33,34,37,37,37,37,35,36,34,24,30,30,37,34,37,37,37,37,30],"gold":554,"neow_bonus":"TWO_FIFTY_GOLD","is_prod":false,"is_daily":false,"chose_seed":false,"campfire_upgraded":2,"win_rate":0,"timestamp":1542559810,"path_taken":["M","?","?","$","M","E","R","M","T","R","E","M","?","M","R","BOSS","M","?","?","M","M","E","M","R","T","?","R","?","M","$","R","BOSS","M","M","$","M","M","E","?","M","T","R","E","?","?","M","R","BOSS"],"build_version":"2018-11-15","purchased_purges":2,"victory":true,"max_hp_per_floor":[68,68,68,68,68,68,68,68,68,68,68,68,68,68,68,68,68,68,74,74,74,74,74,74,74,74,37,37,37,37,37,37,37,37,37,37,37,37,37,37,37,37,37,37,37,37,37,37,37,37],"card_choices":[{"not_picked":["Cold Snap","Stack"],"picked":"Compile Driver","floor":1},{"not_picked":["Defragment","Beam Cell"],"picked":"Melter","floor":3},{"not_picked":["Aggregate","Recycle"],"picked":"Biased Cognition","floor":5},{"not_picked":["Go for the Eyes","Streamline"],"picked":"Fission","floor":6},{"not_picked":["Coolheaded","Leap"],"picked":"Conserve Battery","floor":8},{"not_picked":["Streamline","Compile Driver"],"picked":"Static Discharge","floor":11},{"not_picked":["Beam Cell","Leap"],"picked":"Turbo","floor":12},{"not_picked":["Chaos","Loop"],"picked":"Storm","floor":14},{"not_picked":["Multi-Cast","Buffer"],"picked":"Electrodynamics","floor":16},{"not_picked":["Coolheaded+1","Steam"],"picked":"Sunder","floor":18},{"not_picked":["Rebound","Cold Snap","Steam Power"],"picked":"SKIP","floor":20},{"not_picked":["Rebound","Aggregate"],"picked":"Heatsinks","floor":21},{"not_picked":["FTL","Coolheaded","Stack"],"picked":"SKIP","floor":22},{"not_picked":["Rebound+1","Beam Cell+1"],"picked":"Redo","floor":23},{"not_picked":["Go for the Eyes","Rip and Tear"],"picked":"White Noise","floor":24},{"not_picked":["Steam","Beam Cell+1","Conserve Battery"],"picked":"SKIP","floor":30},{"not_picked":["Reboot","Core Surge"],"picked":"Seek","floor":33},{"not_picked":["Skim+1","Sunder"],"picked":"Chaos+1","floor":35},{"not_picked":["Skim+1","Ball Lightning+1","Turbo"],"picked":"SKIP","floor":36},{"not_picked":["Cold Snap+1","Turbo","Steam+1"],"picked":"SKIP","floor":38},{"not_picked":["Leap","Compile Driver+1"],"picked":"Doom and Gloom","floor":39},{"not_picked":["Rebound","Stack+1","Ball Lightning"],"picked":"SKIP","floor":40},{"not_picked":["Mind Blast","Thinking Ahead"],"picked":"Dark Shackles","floor":41},{"not_picked":["Dramatic Entrance","Secret Technique"],"picked":"Apotheosis","floor":41},{"not_picked":["Panache","Thinking Ahead"],"picked":"Secret Technique","floor":41},{"not_picked":["Leap+1","FTL"],"picked":"Chill+1","floor":42},{"not_picked":["Force Field+1","Ball Lightning"],"picked":"Redo+1","floor":45},{"not_picked":["Steam","Loop"],"picked":"Tempest+1","floor":48}],"player_experience":929099,"relics_obtained":[{"floor":6,"key":"Bronze Scales"},{"floor":9,"key":"Smiling Mask"},{"floor":11,"key":"Darkstone Periapt"},{"floor":23,"key":"Juzu Bracelet"},{"floor":26,"key":"Omamori"},{"floor":29,"key":"Turnip"},{"floor":29,"key":"Meat on the Bone"},{"floor":40,"key":"Thread and Needle"},{"floor":43,"key":"Lantern"},{"floor":45,"key":"Bag of Marbles"},{"floor":46,"key":"Old Coin"}],"event_choices":[{"damage_healed":0,"gold_gain":0,"player_choice":"Upgraded","damage_taken":0,"max_hp_gain":0,"max_hp_loss":0,"event_name":"Upgrade Shrine","floor":2,"gold_loss":0,"cards_upgraded":["Zap"]},{"cards_removed":["Strike_B"],"damage_healed":0,"gold_gain":0,"player_choice":"Forget","damage_taken":0,"max_hp_gain":0,"max_hp_loss":0,"event_name":"Living Wall","floor":13,"gold_loss":0},{"damage_healed":0,"gold_gain":0,"player_choice":"Rummage","damage_taken":0,"relics_obtained":["WarpedTongs"],"max_hp_gain":0,"max_hp_loss":0,"event_name":"Accursed Blacksmith","floor":19,"gold_loss":0,"cards_obtained":["Pain"]},{"damage_healed":0,"gold_gain":0,"player_choice":"Became a Ghost","damage_taken":0,"max_hp_gain":0,"max_hp_loss":37,"event_name":"Ghosts","floor":27,"gold_loss":0,"cards_obtained":["Ghostly","Ghostly","Ghostly","Ghostly","Ghostly"]},{"damage_healed":0,"gold_gain":0,"player_choice":"Fight","damage_taken":0,"max_hp_gain":0,"max_hp_loss":0,"event_name":"Colosseum","floor":29,"gold_loss":0},{"damage_healed":0,"gold_gain":0,"player_choice":"Fought Nobs","damage_taken":0,"max_hp_gain":0,"max_hp_loss":0,"event_name":"Colosseum","floor":29,"gold_loss":0},{"damage_healed":0,"gold_gain":0,"player_choice":"Memory 3","damage_taken":10,"max_hp_gain":0,"max_hp_loss":0,"event_name":"SensoryStone","floor":41,"gold_loss":0},{"damage_healed":0,"gold_gain":0,"player_choice":"Fight","damage_taken":0,"max_hp_gain":0,"max_hp_loss":0,"event_name":"MindBloom","floor":46,"gold_loss":0},{"damage_healed":0,"gold_gain":0,"player_choice":"Ignored","damage_taken":0,"max_hp_gain":0,"max_hp_loss":0,"event_name":"Tomb of Lord Red Mask","floor":47,"gold_loss":0}],"is_beta":false,"boss_relics":[{"not_picked":["Snecko Eye","Black Star"],"picked":"Nuclear Battery"},{"not_picked":["Astrolabe","Eternal Feather"],"picked":"Inserter"}],"items_purged_floors":[4,31],"is_endless":false,"potions_floor_spawned":[6,8,12,14,16,18,21,23,35,38,40,46],"ascension_level":0}