{"gold_per_floor":[368,368,443,443,443,474,474,474,499,525,538,553,228,243,243,341,341,352,9,26,26,46,46,77,77,77,90,90,105,133,14,14,14],"floor_reached":33,"playtime":2745,"items_purged":["Doubt"],"score":352,"play_id":"6aef3974-e64c-4679-82ce-5a92f7311659","local_time":"20181008134446","is_ascension_mode":true,"campfire_choices":[{"floor":8,"key":"REST"},{"floor":15,"key":"REST"},{"floor":23,"key":"REST"},{"floor":25,"key":"REST"},{"floor":28,"key":"REST"},{"floor":32,"key":"REST"}],"neow_cost":"CURSE","seed_source_timestamp":2688323500300,"circlet_count":0,"master_deck":["Strike_R","Strike_R","Strike_R","Strike_R","Strike_R","Defend_R","Defend_R","Defend_R","Defend_R","Bash","Feel No Pain","Rage+1","Rage+1","Body Slam","Metamorphosis+1","Sentinel+1","Metallicize","Double Tap+1","True Grit+1","Transmutation+1","Combust","Armaments+1","True Grit+1","Body Slam","Double Tap+1","Flex+1","Deep Breath+1"],"special_seed":0,"relics":["Burning Blood","Anchor","Toxic Egg 2","Orichalcum","Bag of Marbles","Ancient Tea Set","Omamori","Lizard Tail","PreservedInsect","Happy Flower","Mummified Hand","Centennial Puzzle"],"potions_floor_usage":[16,16,16,20,22,29,30],"damage_taken":[{"damage":21.0,"enemies":"Jaw Worm","floor":1.0,"turns":4.0},{"damage":50.0,"enemies":"Gremlin Nob","floor":6.0,"turns":7.0},{"damage":23,"enemies":"3 Sentries","floor":10,"turns":16},{"damage":0,"enemies":"Small Slimes","floor":11,"turns":5},{"damage":0,"enemies":"2 Louse","floor":12,"turns":3},{"damage":0,"enemies":"Blue Slaver","floor":14,"turns":3},{"damage":23,"enemies":"Hexaghost","floor":16,"turns":6},{"damage":22,"enemies":"Chosen","floor":18,"turns":5},{"damage":6,"enemies":"Shell Parasite","floor":20,"turns":5},{"damage":35,"enemies":"3 Cultists","floor":22,"turns":5},{"damage":50,"enemies":"Book of Stabbing","floor":24,"turns":5},{"damage":22,"enemies":"Cultist and Chosen","floor":27,"turns":7},{"damage":7,"enemies":"Centurion and Healer","floor":29,"turns":7},{"damage":24,"enemies":"Slavers","floor":30,"turns":6},{"damage":108,"enemies":"Collector","floor":33,"turns":12}],"seed_played":"1885417517007138312","potions_obtained":[{"floor":10,"key":"Energy Potion"},{"floor":11,"key":"Regen Potion"},{"floor":14,"key":"PowerPotion"},{"floor":16,"key":"Weak Potion"},{"floor":20,"key":"LiquidBronze"},{"floor":27,"key":"AttackPotion"},{"floor":29,"key":"Fire Potion"}],"is_trial":false,"path_per_floor":["M","?","?","T","T","E","$","R","T","E","M","M","$","M","R","B",null,"M","$","M","$","M","R","E","R","T","M","R","M","E","$","R"],"character_chosen":"IRONCLAD","items_purchased":["Metamorphosis+1","Sentinel+1","Transmutation+1","PreservedInsect","Flex+1","Deep Breath+1"],"campfire_rested":6,"item_purchase_floors":[13,13,19,19,31,31],"current_hp_per_floor":[65,62,51,51,51,7,7,31,31,14,20,26,26,32,56,53,80,64,64,64,64,35,59,15,39,39,23,47,46,28,28,52,0],"gold":14,"neow_bonus":"TWO_FIFTY_GOLD","is_prod":false,"is_daily":false,"chose_seed":false,"campfire_upgraded":0,"win_rate":0,"timestamp":1538999086,"path_taken":["M","?","?","?","?","E","$","R","T","E","?","M","$","M","R","BOSS","M","$","?","?","M","R","E","R","T","M","R","?","E","$","R","BOSS"],"build_version":"2018-10-04v2","purchased_purges":1,"victory":false,"max_hp_per_floor":[80,80,80,80,80,80,80,80,80,80,80,80,80,80,80,80,80,80,80,80,80,80,80,80,80,80,80,80,80,80,80,80,80],"card_choices":[{"not_picked":["Shrug It Off","Wild Strike"],"picked":"Feel No Pain","floor":1.0},{"not_picked":["True Grit+1","Uppercut"],"picked":"Rage+1","floor":6.0},{"not_picked":["Immolate","Headbutt"],"picked":"Rage+1","floor":10},{"not_picked":["Heavy Blade","Sever Soul","Power Through+1"],"picked":"SKIP","floor":11},{"not_picked":["Headbutt","Corruption"],"picked":"Body Slam","floor":12},{"not_picked":["Heavy Blade","Clothesline"],"picked":"Metallicize","floor":14},{"not_picked":["Bludgeon","Offering+1"],"picked":"Double Tap+1","floor":16},{"not_picked":["Wild Strike","Clash"],"picked":"True Grit+1","floor":18},{"not_picked":["Sword Boomerang+1","Bloodletting+1"],"picked":"Combust","floor":20},{"not_picked":["Pommel Strike","Sword Boomerang+1","Reckless Charge+1"],"picked":"SKIP","floor":22},{"not_picked":["Flame Barrier+1","Warcry+1"],"picked":"Armaments+1","floor":24},{"not_picked":["Pommel Strike","Offering+1"],"picked":"True Grit+1","floor":27},{"not_picked":["Flame Barrier+1","Headbutt+1"],"picked":"Body Slam","floor":29},{"not_picked":["Twin Strike","Armaments+1"],"picked":"Double Tap+1","floor":30}],"player_experience":579733,"relics_obtained":[{"floor":4.0,"key":"Toxic Egg 2"},{"floor":5.0,"key":"Orichalcum"},{"floor":6.0,"key":"Bag of Marbles"},{"floor":9,"key":"Ancient Tea Set"},{"floor":10,"key":"Omamori"},{"floor":24,"key":"Happy Flower"},{"floor":26,"key":"Mummified Hand"},{"floor":30,"key":"Centennial Puzzle"}],"event_choices":[{"event_name":"Scrap Ooze","player_choice":"success","floor":2.0,"damage_taken":3.0},{"event_name":"World of Goop","player_choice":"Gather Gold","floor":3.0,"damage_taken":0.0}],"is_beta":false,"boss_relics":[{"not_picked":["Runic Dome","Ectoplasm"],"picked":"Lizard Tail"}],"items_purged_floors":[13],"is_endless":false,"potions_floor_spawned":[10,11,14,16,20,27,29],"killed_by":"Collector","ascension_level":4}