{"gold_per_floor":[119,65,65,82,101,101,132,132,183,211,286,286,318,17,17,112,112,122,136,136,136,11,11,0,0,0,0,14,14,14,14],"floor_reached":31,"playtime":1238,"items_purged":[],"score":309,"play_id":"d03fea2f-df80-434b-adb2-f5a3f31cfe8b","local_time":"20181102200235","is_ascension_mode":true,"campfire_choices":[{"data":"Cleave","floor":6,"key":"SMITH"},{"floor":8,"key":"REST"},{"data":"True Grit","floor":12,"key":"SMITH"},{"floor":15,"key":"REST"},{"floor":23,"key":"REST"},{"floor":25,"key":"REST"}],"neow_cost":"NONE","seed_source_timestamp":340698569540200,"circlet_count":0,"master_deck":["Strike_R","Strike_R","Strike_R","Strike_R","Defend_R","Defend_R","Defend_R","Defend_R","Bash","Cleave+1","Pommel Strike","Shrug It Off","Fire Breathing","True Grit+1","Clash","Seeing Red","Rage","Feed","Sever Soul","Shockwave+1","Decay"],"relics":["Burning Blood","Regal Pillow","Juzu Bracelet","Art of War","Ornamental Fan","Orichalcum","Membership Card","Oddly Smooth Stone","Black Star","Matryoshka","Singing Bowl","Potion Belt","Toxic Egg 2"],"potions_floor_usage":[10,16,28],"damage_taken":[{"damage":2,"enemies":"Small Slimes","floor":1,"turns":4},{"damage":1,"enemies":"2 Louse","floor":4,"turns":2},{"damage":3,"enemies":"Cultist","floor":5,"turns":4},{"damage":32,"enemies":"Gremlin Nob","floor":7,"turns":4},{"damage":14,"enemies":"3 Sentries","floor":10,"turns":4},{"damage":29,"enemies":"Lagavulin","floor":13,"turns":6},{"damage":37,"enemies":"Slime Boss","floor":16,"turns":10},{"damage":49,"enemies":"Shell Parasite","floor":18,"turns":13},{"damage":12,"enemies":"Chosen","floor":19,"turns":5},{"damage":27,"enemies":"Colosseum Slavers","floor":27,"turns":6},{"damage":20,"enemies":"Shelled Parasite and Fungi","floor":28,"turns":6},{"damage":51,"enemies":"Sentry and Sphere","floor":31,"turns":6}],"seed_played":"-4567046083639820751","potions_obtained":[{"floor":5,"key":"LiquidBronze"},{"floor":13,"key":"SkillPotion"},{"floor":18,"key":"Ancient Potion"}],"is_trial":false,"path_per_floor":["M","$","?","M","M","R","E","R","T","E","?","R","E","$","R","B",null,"M","M","?","?","$","R","?","R","T","?","M","$","?"],"character_chosen":"IRONCLAD","items_purchased":["Pommel Strike","Membership Card","Rage","Oddly Smooth Stone","Singing Bowl"],"campfire_rested":4,"item_purchase_floors":[2,14,14,14,22],"current_hp_per_floor":[80,80,73,78,80,80,54,80,80,72,61,61,38,38,77,46,72,29,23,23,23,23,62,62,80,80,59,48,48,48,0],"gold":14,"neow_bonus":"RANDOM_COMMON_RELIC","is_prod":false,"is_daily":false,"chose_seed":false,"campfire_upgraded":2,"win_rate":0,"timestamp":1541185355,"path_taken":["M","$","?","?","?","R","E","R","T","E","?","R","E","$","R","BOSS","M","M","?","?","?","R","?","R","T","?","M","$","?","M"],"build_version":"2018-10-25v2","purchased_purges":0,"victory":false,"max_hp_per_floor":[80,80,80,80,80,80,80,80,80,80,80,80,80,80,80,80,80,80,80,80,80,80,80,80,80,80,80,83,83,83,83],"card_choices":[{"not_picked":["Pommel Strike","Flex"],"picked":"Cleave","floor":1},{"not_picked":["Clothesline","Dropkick"],"picked":"Shrug It Off","floor":4},{"not_picked":["Iron Wave","Spot Weakness"],"picked":"Fire Breathing","floor":5},{"not_picked":["Twin Strike","Cleave"],"picked":"True Grit","floor":7},{"not_picked":["Iron Wave","Havoc"],"picked":"Clash","floor":10},{"not_picked":["Twin Strike","Wild Strike"],"picked":"Seeing Red","floor":13},{"not_picked":["Immolate","Barricade"],"picked":"Feed","floor":16},{"not_picked":["Heavy Blade","Wild Strike","Sword Boomerang"],"picked":"SKIP","floor":18},{"not_picked":["Heavy Blade","Warcry"],"picked":"Sever Soul","floor":19},{"not_picked":["Sword Boomerang","Ghostly Armor+1"],"picked":"Shockwave+1","floor":28}],"player_experience":830423,"relics_obtained":[{"floor":7,"key":"Juzu Bracelet"},{"floor":9,"key":"Art of War"},{"floor":10,"key":"Ornamental Fan"},{"floor":13,"key":"Orichalcum"},{"floor":26,"key":"Potion Belt"},{"floor":26,"key":"Toxic Egg 2"}],"event_choices":[{"cards_removed":["Strike_R"],"damage_healed":0,"gold_gain":0,"player_choice":"Card Removal","damage_taken":7,"max_hp_gain":0,"max_hp_loss":0,"event_name":"Golden Wing","floor":3,"gold_loss":0},{"damage_healed":0,"gold_gain":75,"player_choice":"Gather Gold","damage_taken":11,"max_hp_gain":0,"max_hp_loss":0,"event_name":"World of Goop","floor":11,"gold_loss":0},{"damage_healed":0,"gold_gain":0,"player_choice":"Opened","damage_taken":0,"relics_obtained":["Matryoshka"],"max_hp_gain":0,"max_hp_loss":0,"event_name":"The Mausoleum","floor":20,"gold_loss":0},{"damage_healed":0,"gold_gain":0,"player_choice":"Ignored","damage_taken":0,"max_hp_gain":0,"max_hp_loss":0,"event_name":"Vampires","floor":21,"gold_loss":0},{"damage_healed":0,"gold_gain":0,"player_choice":"Paid Fearfully","damage_taken":0,"max_hp_gain":0,"max_hp_loss":0,"event_name":"Masked Bandits","floor":24,"gold_loss":11},{"damage_healed":0,"gold_gain":0,"player_choice":"Fight","damage_taken":0,"max_hp_gain":0,"max_hp_loss":0,"event_name":"Colosseum","floor":27,"gold_loss":0},{"damage_healed":0,"gold_gain":0,"player_choice":"Fled From Nobs","damage_taken":0,"max_hp_gain":0,"max_hp_loss":0,"event_name":"Colosseum","floor":27,"gold_loss":0},{"damage_healed":0,"gold_gain":0,"player_choice":"Smashed Altar","damage_taken":0,"max_hp_gain":0,"max_hp_loss":0,"event_name":"Forgotten Altar","floor":30,"gold_loss":0,"cards_obtained":["Decay"]}],"is_beta":false,"boss_relics":[{"not_picked":["Eternal Feather","Coffee Dripper"],"picked":"Black Star"}],"items_purged_floors":[],"is_endless":false,"potions_floor_spawned":[5,13,18],"killed_by":"Sentry and Sphere","ascension_level":5}