{"gold_per_floor":[114,30,83,83,8,43,56,56,79,79,79,104,120,158,158,257,257,270,270,270,53,153,153,192,212,212,212,137,160,175,189,189,285,285,310,333,333,333,129,129,152,152],"floor_reached":42,"playtime":2147,"items_purged":["Injury","Defend_B","Writhe"],"score":700,"play_id":"15388995-a765-42bf-9826-dc1f59eef26f","local_time":"20190514224624","is_ascension_mode":true,"campfire_choices":[{"floor":8,"key":"REST"},{"data":"Chaos","floor":10,"key":"SMITH"},{"floor":15,"key":"REST"},{"data":"Multi-Cast","floor":23,"key":"SMITH"},{"floor":27,"key":"REST"},{"floor":32,"key":"REST"},{"floor":40,"key":"REST"}],"neow_cost":"NONE","seed_source_timestamp":101620565073400,"circlet_count":0,"master_deck":["AscendersBane","Defend_B","Zap","Dualcast","Streamline","Dramatic Entrance","BootSequence","Chaos+1","Lockon","Doom and Gloom","Sunder","Multi-Cast+1","Creative AI+1","Fission+1","Glacier+1","White Noise","Scrape","Redo","Melter","Machine Learning","BootSequence","Turbo","Leap","BootSequence","Turbo","Machine Learning","Redo+1","Amplify"],"relics":["Cracked Core","Golden Idol","PreservedInsect","Smiling Mask","Matryoshka","Astrolabe","Gambling Chip","Ancient Tea Set","Symbiotic Virus","Busted Crown"],"potions_floor_usage":[6,6,14,16,16,18,24,33,42],"damage_taken":[{"damage":0,"enemies":"Small Slimes","floor":1,"turns":3},{"damage":20,"enemies":"3 Sentries","floor":6,"turns":4},{"damage":0,"enemies":"Jaw Worm","floor":7,"turns":3},{"damage":0,"enemies":"2 Louse","floor":12,"turns":2},{"damage":16,"enemies":"Gremlin Gang","floor":13,"turns":3},{"damage":10,"enemies":"Gremlin Nob","floor":14,"turns":3},{"damage":47,"enemies":"Hexaghost","floor":16,"turns":11},{"damage":16,"enemies":"2 Thieves","floor":18,"turns":4},{"damage":44,"enemies":"Book of Stabbing","floor":24,"turns":4},{"damage":0,"enemies":"Spheric Guardian","floor":25,"turns":1},{"damage":15,"enemies":"Snake Plant","floor":29,"turns":3},{"damage":13,"enemies":"3 Cultists","floor":30,"turns":4},{"damage":14,"enemies":"Shelled Parasite and Fungi","floor":31,"turns":6},{"damage":19,"enemies":"Champ","floor":33,"turns":10},{"damage":22,"enemies":"3 Darklings","floor":35,"turns":7},{"damage":6,"enemies":"3 Shapes","floor":36,"turns":3},{"damage":31,"enemies":"3 Darklings","floor":41,"turns":5},{"damage":51,"enemies":"Spire Growth","floor":42,"turns":4}],"seed_played":"-7389765587227682472","potions_obtained":[{"floor":0,"key":"AttackPotion"},{"floor":0,"key":"LiquidBronze"},{"floor":1,"key":"Explosive Potion"},{"floor":12,"key":"Swift Potion"},{"floor":13,"key":"Weak Potion"},{"floor":14,"key":"FearPotion"},{"floor":16,"key":"Dexterity Potion"},{"floor":18,"key":"Strength Potion"},{"floor":31,"key":"Dexterity Potion"},{"floor":41,"key":"AttackPotion"}],"is_trial":false,"path_per_floor":["M","$","?","?","$","E","M","R","T","R","?","M","M","E","R","B",null,"M","?","?","$","?","R","E","M","T","R","$","M","M","M","R","B",null,"M","M","?","?","$","R","M","M"],"character_chosen":"DEFECT","items_purchased":["Dramatic Entrance","Melter","Machine Learning","Turbo","Amplify"],"campfire_rested":5,"item_purchase_floors":[2,21,21,28,39],"current_hp_per_floor":[68,68,68,68,68,48,48,70,70,70,70,70,54,44,66,19,61,45,70,70,70,70,70,26,26,26,48,48,33,20,6,28,9,59,37,31,31,50,50,72,41,0],"gold":152,"neow_bonus":"THREE_SMALL_POTIONS","is_prod":false,"is_daily":false,"chose_seed":false,"campfire_upgraded":2,"win_rate":0,"timestamp":1557866784,"path_taken":["M","$","?","?","?","E","M","R","T","R","?","M","?","E","R","BOSS","M","?","?","$","?","R","E","?","T","R","$","M","?","M","R","BOSS","M","M","?","?","$","R","M","M"],"build_version":"2019-01-23","purchased_purges":3,"victory":false,"max_hp_per_floor":[75,75,75,75,75,75,75,75,75,75,75,75,75,75,75,75,75,75,75,75,75,75,75,75,75,75,75,75,75,75,75,75,75,75,75,75,75,75,75,75,75,75],"card_choices":[{"not_picked":["Hologram","Steam"],"picked":"Streamline","floor":1},{"not_picked":["Compile Driver","Auto Shields"],"picked":"BootSequence","floor":6},{"not_picked":["Doom and Gloom","Cold Snap"],"picked":"Chaos","floor":7},{"not_picked":["Leap","Cold Snap","Ball Lightning"],"picked":"SKIP","floor":12},{"not_picked":["Streamline","Double Energy"],"picked":"Doom and Gloom","floor":13},{"not_picked":["Aggregate","FTL"],"picked":"Sunder","floor":14},{"not_picked":["Seek","Echo Form"],"picked":"Multi-Cast","floor":16},{"not_picked":["Barrage","Static Discharge"],"picked":"White Noise","floor":18},{"not_picked":["Coolheaded","Melter"],"picked":"BootSequence","floor":24},{"not_picked":["Melter","Go for the Eyes","Sweeping Beam+1"],"picked":"SKIP","floor":25},{"not_picked":["Coolheaded","Steam"],"picked":"Leap","floor":29},{"not_picked":["Coolheaded","Ball Lightning"],"picked":"BootSequence","floor":30},{"not_picked":["Ball Lightning+1","Coolheaded"],"picked":"Turbo","floor":31},{"not_picked":["Core Surge","Hyperbeam"],"picked":"Machine Learning","floor":33},{"not_picked":["Hologram"],"picked":"SKIP","floor":35},{"not_picked":[],"picked":"Redo+1","floor":36},{"not_picked":["Coolheaded"],"picked":"SKIP","floor":41}],"player_experience":1861604,"relics_obtained":[{"floor":6,"key":"PreservedInsect"},{"floor":9,"key":"Smiling Mask"},{"floor":14,"key":"Matryoshka"},{"floor":24,"key":"Gambling Chip"},{"floor":26,"key":"Ancient Tea Set"},{"floor":26,"key":"Symbiotic Virus"}],"event_choices":[{"damage_healed":0,"gold_gain":53,"player_choice":"Gained Gold","damage_taken":0,"max_hp_gain":0,"max_hp_loss":0,"event_name":"Golden Wing","floor":3,"gold_loss":0},{"damage_healed":0,"gold_gain":0,"player_choice":"Take Wound","damage_taken":0,"relics_obtained":["Golden Idol"],"max_hp_gain":0,"max_hp_loss":0,"event_name":"Golden Idol","floor":4,"gold_loss":0,"cards_obtained":["Injury"]},{"damage_healed":0,"gold_gain":0,"cards_transformed":["Strike_B"],"player_choice":"Transformed","damage_taken":0,"max_hp_gain":0,"max_hp_loss":0,"event_name":"Transmorgrifier","floor":11,"gold_loss":0,"cards_obtained":["Lockon"]},{"damage_healed":25,"gold_gain":0,"player_choice":"Heal","damage_taken":0,"max_hp_gain":0,"max_hp_loss":0,"event_name":"The Library","floor":19,"gold_loss":0},{"damage_healed":0,"gold_gain":0,"cards_transformed":["Strike_B","Defend_B"],"player_choice":"Became Test Subject","damage_taken":0,"max_hp_gain":0,"max_hp_loss":0,"event_name":"Drug Dealer","floor":20,"gold_loss":0,"cards_obtained":["Scrape","Redo"]},{"damage_healed":0,"gold_gain":100,"player_choice":"Pray","damage_taken":0,"max_hp_gain":0,"max_hp_loss":0,"event_name":"Golden Shrine","floor":22,"gold_loss":0},{"damage_healed":0,"gold_gain":0,"player_choice":"Ignored","damage_taken":0,"max_hp_gain":0,"max_hp_loss":0,"event_name":"Mysterious Sphere","floor":37,"gold_loss":0},{"damage_healed":19,"gold_gain":0,"player_choice":"Writhe","damage_taken":0,"max_hp_gain":0,"max_hp_loss":0,"event_name":"Winding Halls","floor":38,"gold_loss":0,"cards_obtained":["Writhe"]}],"is_beta":false,"boss_relics":[{"not_picked":["Orrery","White Beast Statue"],"picked":"Astrolabe"},{"not_picked":["Runic Dome","Tiny House"],"picked":"Busted Crown"}],"items_purged_floors":[5,28,39],"is_endless":false,"potions_floor_spawned":[1,12,13,14,16,18,31,41],"killed_by":"Spire Growth","ascension_level":13}