{"gold_per_floor":[115,134,146,164,20,20,20,20,20,38,48,48,48,62,62,160,160,178,13,25,25,96,96,124,57,57,57,57,80,91,125,125,230,230,247,262,281,292,170,170,185,203,228,258,270,293,338,364,376,388],"floor_reached":51,"playtime":4395,"items_purged":["Strike_B","Regret"],"score":721,"play_id":"897b8c92-2fd3-4a23-b4b8-99d2405566a4","local_time":"20181125154536","is_ascension_mode":true,"campfire_choices":[{"floor":7.0,"key":"REST"},{"floor":15,"key":"REST"},{"floor":23,"key":"REST"},{"floor":27,"key":"REST"},{"floor":32,"key":"REST"},{"floor":40,"key":"REST"},{"floor":49,"key":"REST"}],"neow_cost":"NONE","seed_source_timestamp":223505648289645,"circlet_count":0,"master_deck":["Strike_B+1","Defend_B","Defend_B","Zap","Dualcast","Blizzard+1","Coolheaded+1","Capacitor","Hologram","Barrage","Electrodynamics","Hologram","Self Repair","Cold Snap","Chaos+1","BootSequence+1","Capacitor","Cold Snap","Consume+1","Machine Learning","Darkness+1","Compile Driver+1","Glacier+1","Capacitor","Glacier","Cold Snap","Hologram+1","Sunder","Parasite","Barrage+1","Blizzard","Glacier","Barrage+1"],"special_seed":0,"relics":["Cracked Core","PreservedInsect","Matryoshka","Nuclear Battery","Boot","Darkstone Periapt","Letter Opener","Blue Candle","Regal Pillow","Bronze Scales","Happy Flower","Bag of Preparation","Astrolabe","MawBank","Sundial"],"potions_floor_usage":[16,16,38,50],"damage_taken":[{"damage":1.0,"enemies":"Cultist","floor":1.0,"turns":3.0},{"damage":2.0,"enemies":"Small Slimes","floor":2.0,"turns":4.0},{"damage":0.0,"enemies":"2 Louse","floor":3.0,"turns":2.0},{"damage":31.0,"enemies":"Exordium Thugs","floor":4.0,"turns":6.0},{"damage":9.0,"enemies":"2 Fungi Beasts","floor":10.0,"turns":4.0},{"damage":6.0,"enemies":"Looter","floor":11.0,"turns":5.0},{"damage":22,"enemies":"Lots of Slimes","floor":14,"turns":5},{"damage":13,"enemies":"Hexaghost","floor":16,"turns":9},{"damage":22,"enemies":"Shell Parasite","floor":18,"turns":7},{"damage":5,"enemies":"Chosen","floor":20,"turns":5},{"damage":37,"enemies":"Slavers","floor":24,"turns":4},{"damage":4,"enemies":"Snecko","floor":30,"turns":5},{"damage":23,"enemies":"Book of Stabbing","floor":31,"turns":4},{"damage":24,"enemies":"Automaton","floor":33,"turns":9},{"damage":33,"enemies":"3 Darklings","floor":35,"turns":4},{"damage":1,"enemies":"3 Shapes","floor":36,"turns":4},{"damage":24,"enemies":"Jaw Worm Horde","floor":37,"turns":4},{"damage":11,"enemies":"Spire Growth","floor":38,"turns":5},{"damage":26,"enemies":"Transient","floor":41,"turns":5},{"damage":0,"enemies":"Sphere and 2 Shapes","floor":42,"turns":6},{"damage":16,"enemies":"Writhing Mass","floor":44,"turns":7},{"damage":8,"enemies":"3 Darklings","floor":46,"turns":4},{"damage":18,"enemies":"Nemesis","floor":47,"turns":8},{"damage":27,"enemies":"Transient","floor":48,"turns":5},{"damage":72,"enemies":"Donu and Deca","floor":50,"turns":13}],"seed_played":"5207419069174419664","potions_obtained":[{"floor":1.0,"key":"Block Potion"},{"floor":3.0,"key":"LiquidBronze"},{"floor":16,"key":"SteroidPotion"},{"floor":20,"key":"Poison Potion"},{"floor":30,"key":"SpeedPotion"},{"floor":31,"key":"Weak Potion"},{"floor":35,"key":"FairyPotion"},{"floor":44,"key":"GamblersBrew"}],"is_trial":false,"path_per_floor":["M","M","M","M","$","?","R","?","T","M","M","?","$","M","R","B",null,"M","$","M","?","T","R","E","$","T","R","?","T","M","E","R","B",null,"M","M","M","M","$","R","M","M","T","M","?","M","E","M","R","B",null],"character_chosen":"DEFECT","items_purchased":["PreservedInsect","Self Repair","Cold Snap","Capacitor","Cold Snap"],"campfire_rested":7,"item_purchase_floors":[5,19,19,25,39],"current_hp_per_floor":[74,72,72,41,41,26,48,48,48,39,33,33,33,11,33,20,75,53,53,55,55,55,75,45,45,45,75,81,81,81,58,81,57,87,61,67,50,46,46,87,68,75,75,72,72,71,60,33,75,3],"gold":400,"neow_bonus":"REMOVE_CARD","is_prod":false,"is_daily":false,"chose_seed":false,"campfire_upgraded":0,"win_rate":0,"timestamp":1543128336,"path_taken":["M","M","?","M","$","?","R","?","T","M","?","?","$","M","R","BOSS","M","$","M","?","?","R","E","$","T","R","?","?","M","E","R","BOSS","M","M","M","M","$","R","M","?","T","M","?","M","E","M","R","BOSS"],"build_version":"2018-11-15","purchased_purges":2,"victory":true,"max_hp_per_floor":[75,75,75,75,75,75,75,75,75,75,75,75,75,75,75,75,75,75,75,75,75,75,75,75,75,75,75,81,81,81,81,81,81,87,87,87,87,87,87,87,87,87,87,93,93,93,93,93,93,93],"card_choices":[{"not_picked":["Hello World","Gash"],"picked":"Blizzard","floor":1.0},{"not_picked":["Barrage","Conserve Battery","Compile Driver"],"picked":"SKIP","floor":2.0},{"not_picked":["Force Field","Hologram"],"picked":"Coolheaded","floor":3.0},{"not_picked":["Reinforced Body","Melter"],"picked":"Capacitor","floor":4.0},{"not_picked":["Consume","Go for the Eyes","Sweeping Beam"],"picked":"SKIP","floor":10.0},{"not_picked":["Coolheaded","Leap"],"picked":"Hologram","floor":11.0},{"not_picked":["Darkness","White Noise"],"picked":"Barrage","floor":14},{"not_picked":["Amplify","Reboot"],"picked":"Electrodynamics","floor":16},{"not_picked":["Rebound","Hello World"],"picked":"Hologram","floor":18},{"not_picked":["Steam","Skim"],"picked":"Chaos+1","floor":20},{"not_picked":["Force Field","Undo"],"picked":"BootSequence+1","floor":24},{"not_picked":["Scrape","Capacitor+1"],"picked":"Cold Snap","floor":30},{"not_picked":["Compile Driver+1","Rebound"],"picked":"Consume+1","floor":31},{"not_picked":["Fission","Buffer"],"picked":"Machine Learning","floor":33},{"not_picked":["Skim","Sweeping Beam+1","Compile Driver"],"picked":"SKIP","floor":35},{"not_picked":["Rip and Tear","Stack+1"],"picked":"Glacier+1","floor":36},{"not_picked":["Barrage+1","Beam Cell"],"picked":"Capacitor","floor":37},{"not_picked":["Loop","Coolheaded+1"],"picked":"Glacier","floor":38},{"not_picked":["Redo+1","Coolheaded+1"],"picked":"Hologram+1","floor":41},{"not_picked":["Turbo","Ball Lightning"],"picked":"Sunder","floor":42},{"not_picked":["Leap+1","Skim+1"],"picked":"Barrage+1","floor":44},{"not_picked":["Ball Lightning","Thunder Strike","Sweeping Beam"],"picked":"SKIP","floor":46},{"not_picked":["Fusion+1","Tempest+1"],"picked":"Glacier","floor":47},{"not_picked":["Gash","Auto Shields+1"],"picked":"Barrage+1","floor":48}],"player_experience":80811,"relics_obtained":[{"floor":9.0,"key":"Matryoshka"},{"floor":22,"key":"Boot"},{"floor":22,"key":"Darkstone Periapt"},{"floor":24,"key":"Letter Opener"},{"floor":26,"key":"Blue Candle"},{"floor":26,"key":"Regal Pillow"},{"floor":29,"key":"Happy Flower"},{"floor":31,"key":"Bag of Preparation"},{"floor":43,"key":"MawBank"},{"floor":47,"key":"Sundial"}],"event_choices":[{"damage_healed":0.0,"max_hp_gain":0.0,"max_hp_loss":0.0,"gold_gain":0.0,"event_name":"Shining Light","player_choice":"Entered Light","floor":6.0,"gold_loss":0.0,"damage_taken":15.0,"cards_upgraded":["Blizzard","Strike_B"]},{"damage_healed":0.0,"max_hp_gain":0.0,"max_hp_loss":0.0,"gold_gain":0.0,"event_name":"Accursed Blacksmith","player_choice":"Forge","floor":8.0,"gold_loss":0.0,"damage_taken":0.0,"cards_upgraded":["Coolheaded"]},{"damage_healed":0,"gold_gain":0,"player_choice":"Searched \u00270\u0027 times","damage_taken":0,"max_hp_gain":0,"max_hp_loss":0,"event_name":"Dead Adventurer","floor":12,"gold_loss":0},{"cards_removed":["Strike_B"],"damage_healed":0,"gold_gain":0,"player_choice":"Elegance","damage_taken":0,"max_hp_gain":0,"max_hp_loss":0,"event_name":"Back to Basics","floor":21,"gold_loss":0},{"damage_healed":0,"gold_gain":0,"player_choice":"Stole Relic","damage_taken":0,"relics_obtained":["Bronze Scales"],"max_hp_gain":0,"max_hp_loss":0,"event_name":"Addict","floor":28,"gold_loss":0,"cards_obtained":["Shame"]},{"damage_healed":0,"gold_gain":0,"player_choice":"1 cards matched","damage_taken":0,"max_hp_gain":0,"max_hp_loss":0,"event_name":"Match and Keep!","floor":45,"gold_loss":0,"cards_obtained":["Blizzard"]}],"is_beta":false,"boss_relics":[{"not_picked":["Velvet Choker","Sozu"],"picked":"Nuclear Battery"},{"not_picked":["FrozenCore","Snecko Eye"],"picked":"Astrolabe"}],"items_purged_floors":[19,39],"is_endless":false,"potions_floor_spawned":[1,3,16,20,30,31,35,37,44,48],"ascension_level":1}