{"gold_per_floor":[110,110,129,129,145,181,205,170,170,201,201,3,3,23,23,23],"floor_reached":16,"playtime":648,"items_purged":[],"score":176,"play_id":"d6c5e68a-deac-4e18-b312-09a7ed3ae98a","local_time":"20190317145253","is_ascension_mode":true,"campfire_choices":[{"floor":11,"key":"REST"},{"data":"Bash","floor":13,"key":"SMITH"},{"data":"Flame Barrier","floor":15,"key":"SMITH"}],"neow_cost":"NONE","seed_source_timestamp":246340944624200,"circlet_count":0,"master_deck":["AscendersBane","Strike_R","Strike_R","Strike_R","Strike_R","Strike_R","Defend_R","Defend_R","Defend_R","Defend_R","Bash+1","Bludgeon","Flame Barrier+1","Dropkick","Dual Wield","Evolve","Shrug It Off","Heavy Blade"],"relics":["Burning Blood","Golden Idol","Boot","Mercury Hourglass","Pantograph","Brimstone"],"potions_floor_usage":[6,10,16],"damage_taken":[{"damage":0,"enemies":"Small Slimes","floor":1,"turns":3},{"damage":0,"enemies":"2 Louse","floor":3,"turns":3},{"damage":7,"enemies":"Jaw Worm","floor":5,"turns":2},{"damage":40,"enemies":"3 Sentries","floor":6,"turns":11},{"damage":10,"enemies":"Large Slime","floor":7,"turns":7},{"damage":23,"enemies":"Lagavulin","floor":10,"turns":5},{"damage":0,"enemies":"Looter","floor":14,"turns":3},{"damage":84,"enemies":"Hexaghost","floor":16,"turns":9}],"seed_played":"3372423516208695522","potions_obtained":[{"floor":3,"key":"Swift Potion"},{"floor":7,"key":"PowerPotion"},{"floor":10,"key":"SpeedPotion"}],"is_trial":false,"path_per_floor":["M","?","M","$","M","E","M","?","T","E","R","$","R","M","R","B"],"character_chosen":"IRONCLAD","items_purchased":["Brimstone"],"campfire_rested":1,"item_purchase_floors":[12],"current_hp_per_floor":[78,58,64,64,63,29,25,45,45,28,52,52,52,58,58,0],"gold":23,"neow_bonus":"ONE_RANDOM_RARE_CARD","is_prod":false,"is_daily":false,"chose_seed":false,"campfire_upgraded":2,"win_rate":0,"timestamp":1552830773,"path_taken":["M","?","M","$","M","E","M","?","T","E","R","$","R","M","R","BOSS"],"build_version":"2019-01-23","purchased_purges":0,"victory":false,"max_hp_per_floor":[80,80,80,80,80,80,80,80,80,80,80,80,80,80,80,80],"card_choices":[{"not_picked":["Clash","Body Slam"],"picked":"Flame Barrier","floor":1},{"not_picked":["Wild Strike","Warcry"],"picked":"Dropkick","floor":3},{"not_picked":["Iron Wave","Feel No Pain"],"picked":"Dual Wield","floor":5},{"not_picked":["Second Wind","Shockwave","Carnage"],"picked":"SKIP","floor":6},{"not_picked":["Searing Blow","Heavy Blade"],"picked":"Evolve","floor":7},{"not_picked":["Warcry","Combust"],"picked":"Shrug It Off","floor":10},{"not_picked":["Sword Boomerang","Armaments"],"picked":"Heavy Blade","floor":14}],"player_experience":1530760,"relics_obtained":[{"floor":6,"key":"Boot"},{"floor":9,"key":"Mercury Hourglass"},{"floor":10,"key":"Pantograph"}],"event_choices":[{"damage_healed":0,"gold_gain":0,"player_choice":"Take Damage","damage_taken":20,"relics_obtained":["Golden Idol"],"max_hp_gain":0,"max_hp_loss":0,"event_name":"Golden Idol","floor":2,"gold_loss":0},{"damage_healed":20,"gold_gain":0,"player_choice":"Healed","damage_taken":0,"max_hp_gain":0,"max_hp_loss":0,"event_name":"The Cleric","floor":8,"gold_loss":35}],"is_beta":false,"boss_relics":[],"items_purged_floors":[],"is_endless":false,"potions_floor_spawned":[3,7,10],"killed_by":"Hexaghost","ascension_level":12}