{"gold_per_floor":[117,117,16,36,36,36,67,67,67,77,97,17,14,49,49,150,150,164,164,176,176,0,0,17,17,17,30,30,40,67,85,85,182,182,193,59,0,0,19,49,49,64,64,8,28,28,40,60,60,60],"floor_reached":50,"playtime":5314,"items_purged":["Regret","Strike_G"],"score":529,"play_id":"e854f4ec-71c7-4c5e-9032-78acabcbf5eb","local_time":"20181021033134","is_ascension_mode":false,"campfire_choices":[{"data":"Neutralize","floor":6,"key":"SMITH"},{"floor":8,"key":"REST"},{"data":"Acrobatics","floor":15,"key":"SMITH"},{"data":"Accuracy","floor":23,"key":"SMITH"},{"data":"Footwork","floor":25,"key":"SMITH"},{"floor":32,"key":"REST"},{"floor":41,"key":"REST"},{"floor":46,"key":"REST"},{"floor":49,"key":"REST"}],"neow_cost":"NONE","seed_source_timestamp":8658512446100,"circlet_count":0,"master_deck":["Survivor","Neutralize+1","Backflip","PiercingWail","Dagger Throw","Backflip","Distraction","Acrobatics+1","PiercingWail","Infinite Blades","Flechettes","Bullet Time","Leg Sweep","Distraction","Concentrate","Dash","Dagger Spray","Well Laid Plans","Footwork+1","Cloak And Dagger","Slice","RitualDagger","Underhanded Strike+1","Accuracy+1","Blade Dance","Reflex","Cloak And Dagger","Blade Dance","Footwork","Cloak And Dagger","Venomology","Discovery","Blade Dance+1","Choke","Storm of Steel","Prepared+1","Parasite"],"relics":["Ring of the Snake","Anchor","Lantern","The Courier","Pantograph","Whetstone","Pandora\u0027s Box","Membership Card","Meat on the Bone","Ginger","Tingsha","WristBlade","Paper Crane","Red Mask","Boot","Pear"],"potions_floor_usage":[7,16,27,30,31,40,40,40,45,45,47,48,50,50,50],"damage_taken":[{"damage":0,"enemies":"Jaw Worm","floor":1,"turns":4},{"damage":0,"enemies":"2 Louse","floor":4,"turns":4},{"damage":22,"enemies":"Lagavulin","floor":7,"turns":11},{"damage":0,"enemies":"Small Slimes","floor":10,"turns":5},{"damage":4,"enemies":"3 Louse","floor":11,"turns":3},{"damage":10,"enemies":"Exordium Thugs","floor":13,"turns":5},{"damage":6,"enemies":"3 Sentries","floor":14,"turns":12},{"damage":25,"enemies":"Hexaghost","floor":16,"turns":11},{"damage":0,"enemies":"3 Byrds","floor":18,"turns":5},{"damage":12,"enemies":"Shell Parasite","floor":20,"turns":6},{"damage":2,"enemies":"Cultist and Chosen","floor":24,"turns":8},{"damage":10,"enemies":"3 Cultists","floor":27,"turns":5},{"damage":2,"enemies":"Chosen and Byrds","floor":29,"turns":6},{"damage":21,"enemies":"Slavers","floor":30,"turns":7},{"damage":0,"enemies":"Cultist and Chosen","floor":31,"turns":4},{"damage":57,"enemies":"Champ","floor":33,"turns":15},{"damage":6,"enemies":"Orb Walker","floor":35,"turns":4},{"damage":0,"enemies":"3 Shapes","floor":39,"turns":5},{"damage":43,"enemies":"Nemesis","floor":40,"turns":9},{"damage":12,"enemies":"3 Darklings","floor":42,"turns":4},{"damage":4,"enemies":"Jaw Worm Horde","floor":45,"turns":6},{"damage":41,"enemies":"Spire Growth","floor":47,"turns":5},{"damage":0,"enemies":"Writhing Mass","floor":48,"turns":4},{"damage":85,"enemies":"Donu and Deca","floor":50,"turns":5}],"seed_played":"7579733326859606141","potions_obtained":[{"floor":4,"key":"GamblersBrew"},{"floor":10,"key":"Ancient Potion"},{"floor":11,"key":"Strength Potion"},{"floor":24,"key":"AttackPotion"},{"floor":27,"key":"Energy Potion"},{"floor":29,"key":"EssenceOfSteel"},{"floor":35,"key":"PowerPotion"},{"floor":40,"key":"SneckoOil"},{"floor":47,"key":"Block Potion"}],"is_trial":false,"path_per_floor":["M","?","$","M","?","R","E","R","T","M","M","$","M","E","R","B",null,"M","?","M","?","$","R","M","R","T","M","T","M","E","M","R","B",null,"M","$","?","?","M","E","R","M","T","$","M","R","M","M","R"],"character_chosen":"THE_SILENT","items_purchased":["PiercingWail","Membership Card","Blade Dance","Discovery","Paper Crane","Storm of Steel"],"campfire_rested":5,"item_purchase_floors":[3,22,22,36,36,44],"current_hp_per_floor":[70,70,70,70,70,70,48,69,69,69,65,65,55,49,49,45,70,70,64,52,52,52,52,50,50,50,40,40,38,29,41,62,25,70,64,64,64,64,64,33,54,42,52,52,48,72,43,43,67,0],"gold":60,"neow_bonus":"RANDOM_COMMON_RELIC","is_prod":false,"is_daily":false,"chose_seed":false,"campfire_upgraded":4,"win_rate":0,"timestamp":1540085494,"path_taken":["M","?","$","M","?","R","E","R","T","?","M","$","?","E","R","BOSS","M","?","M","?","$","R","M","R","T","?","?","M","E","M","R","BOSS","M","$","?","?","M","E","R","M","T","?","M","R","M","?","R","BOSS"],"build_version":"2018-10-18","purchased_purges":2,"victory":false,"max_hp_per_floor":[70,70,70,70,70,70,70,70,70,70,70,70,70,70,70,70,70,70,70,70,70,70,70,70,70,70,70,70,70,70,70,70,70,70,70,70,70,70,70,70,70,70,80,80,80,80,80,80,80,80],"card_choices":[{"not_picked":["Dagger Throw","Poisoned Stab"],"picked":"Backflip","floor":1},{"not_picked":["Slice","Bane"],"picked":"Dagger Throw","floor":4},{"not_picked":["Skewer","Riddle With Holes"],"picked":"Acrobatics","floor":7},{"not_picked":["Eviscerate","Acrobatics","Riddle With Holes"],"picked":"SKIP","floor":10},{"not_picked":["Calculated Gamble","Bane"],"picked":"PiercingWail","floor":11},{"not_picked":["Slice","Poisoned Stab"],"picked":"Infinite Blades","floor":13},{"not_picked":["Dagger Throw","Eviscerate"],"picked":"Flechettes","floor":14},{"not_picked":["Wraith Form v2","After Image"],"picked":"Bullet Time","floor":16},{"not_picked":["Outmaneuver","PiercingWail"],"picked":"Caltrops","floor":18},{"not_picked":["Quick Slash","Acrobatics"],"picked":"Underhanded Strike+1","floor":20},{"not_picked":["Outmaneuver+1","Slice"],"picked":"Reflex","floor":24},{"not_picked":["Terror","PiercingWail+1"],"picked":"Cloak And Dagger","floor":27},{"not_picked":["Acrobatics","Sucker Punch+1"],"picked":"Blade Dance","floor":29},{"not_picked":["Dagger Spray","Masterful Stab"],"picked":"Footwork","floor":30},{"not_picked":["Slice","Malaise"],"picked":"Cloak And Dagger","floor":31},{"not_picked":["Malaise","Grand Finale"],"picked":"Venomology","floor":33},{"not_picked":["All Out Attack","Acrobatics+1","Deflect"],"picked":"SKIP","floor":35},{"not_picked":["Cloak And Dagger","Masterful Stab+1"],"picked":"Blade Dance+1","floor":39},{"not_picked":["Blade Dance","Quick Slash+1"],"picked":"Choke","floor":40},{"not_picked":["Blade Dance","Deadly Poison+1","Slice"],"picked":"SKIP","floor":42},{"not_picked":["Crippling Poison+1","Bane"],"picked":"Prepared+1","floor":45},{"not_picked":["Dodge and Roll","Bullet Time","Backflip"],"picked":"SKIP","floor":47},{"not_picked":["All Out Attack+1","Dodge and Roll+1","Prepared"],"picked":"SKIP","floor":48}],"player_experience":740522,"relics_obtained":[{"floor":7,"key":"The Courier"},{"floor":9,"key":"Pantograph"},{"floor":14,"key":"Whetstone"},{"floor":26,"key":"Meat on the Bone"},{"floor":28,"key":"Ginger"},{"floor":30,"key":"Tingsha"},{"floor":40,"key":"Boot"},{"floor":43,"key":"Pear"}],"event_choices":[{"damage_healed":0,"gold_gain":0,"player_choice":"Box","damage_taken":0,"relics_obtained":["Lantern"],"max_hp_gain":0,"max_hp_loss":0,"event_name":"Big Fish","floor":2,"gold_loss":0,"cards_obtained":["Regret"]},{"damage_healed":0,"gold_gain":0,"player_choice":"2 cards matched","damage_taken":0,"max_hp_gain":0,"max_hp_loss":0,"event_name":"Match and Keep!","floor":5,"gold_loss":0,"cards_obtained":["Backflip","Distraction"]},{"damage_healed":0,"gold_gain":0,"player_choice":"Joined the Cult","damage_taken":6,"max_hp_gain":0,"max_hp_loss":0,"event_name":"Nest","floor":19,"gold_loss":0,"cards_obtained":["RitualDagger"]},{"damage_healed":0,"gold_gain":0,"player_choice":"Read","damage_taken":0,"max_hp_gain":0,"max_hp_loss":0,"event_name":"The Library","floor":21,"gold_loss":0,"cards_obtained":["Accuracy"]},{"damage_healed":0,"gold_gain":0,"player_choice":"Paid","damage_taken":0,"relics_obtained":["Red Mask"],"max_hp_gain":0,"max_hp_loss":0,"event_name":"Tomb of Lord Red Mask","floor":37,"gold_loss":59},{"cards_removed":["Caltrops"],"damage_healed":0,"gold_gain":0,"player_choice":"Removed Power","damage_taken":0,"max_hp_gain":0,"max_hp_loss":0,"event_name":"Falling","floor":38,"gold_loss":0}],"is_beta":false,"boss_relics":[{"not_picked":["Coffee Dripper","White Beast Statue"],"picked":"Pandora\u0027s Box"},{"not_picked":["Tiny House","Sozu"],"picked":"WristBlade"}],"items_purged_floors":[3,12],"is_endless":false,"potions_floor_spawned":[4,10,11,24,27,29,35,40,47],"killed_by":"Donu and Deca","ascension_level":0}