{"gold_per_floor":[113,113,126,201,219,219,252,4,51,61,61,61,61,78,78,152,152,165,176,226,226,239,267,279,279,279,279,58,88,88,88,88,162,162,172,189,23,23,1022,1049,1069,1094,1094,1121,824,858,858,878,878,878,878,878,878,434,467,467],"floor_reached":57,"playtime":2643,"items_purged":["Pain","Dagger Spray+1","Defend_G","Defend_G","Defend_G"],"score":3487,"play_id":"7b676190-d128-4d83-83ef-14e0e4d9abc6","local_time":"20190514170124","is_ascension_mode":true,"campfire_choices":[{"data":"Deadly Poison","floor":6.0,"key":"SMITH"},{"data":"Tactician","floor":11.0,"key":"SMITH"},{"data":"Neutralize","floor":13.0,"key":"SMITH"},{"data":"Well Laid Plans","floor":15.0,"key":"SMITH"},{"data":"Acrobatics","floor":25.0,"key":"SMITH"},{"data":"Terror","floor":27.0,"key":"SMITH"},{"floor":32.0,"key":"REST"},{"data":"Calculated Gamble","floor":47,"key":"SMITH"},{"floor":49,"key":"RECALL"},{"data":"Footwork","floor":53,"key":"SMITH"}],"neow_cost":"NONE","seed_source_timestamp":349743635414872,"circlet_count":0,"master_deck":["AscendersBane","Defend_G+1","Survivor+1","Neutralize+1","Endless Agony","Tactician+1","Deadly Poison+1","Terror+1","Acrobatics+1","Well Laid Plans+1","Grand Finale","Blur+1","Noxious Fumes+1","Grand Finale","Escape Plan","Backflip","Footwork+1","Master of Strategy","Finesse","Panacea","Calculated Gamble+1","AscendersBane","Well Laid Plans+1"],"special_seed":0,"relics":["Ring of the Snake","WarpedTongs","War Paint","Membership Card","Bag of Marbles","Ornamental Fan","Astrolabe","Pen Nib","Mummified Hand","Omamori","Lizard Tail","Pear","Art of War","Kunai","Juzu Bracelet","Lantern","Ancient Tea Set","Bottled Tornado","Snake Skull","Letter Opener","DollysMirror","Shuriken"],"potions_floor_usage":[44,46,56,56],"damage_taken":[{"damage":9.0,"enemies":"Cultist","floor":1.0,"turns":7.0},{"damage":3.0,"enemies":"2 Louse","floor":3.0,"turns":2.0},{"damage":4.0,"enemies":"Jaw Worm","floor":5.0,"turns":5.0},{"damage":35.0,"enemies":"Lagavulin","floor":7.0,"turns":10.0},{"damage":0.0,"enemies":"Looter","floor":10.0,"turns":3.0},{"damage":0.0,"enemies":"Blue Slaver","floor":14.0,"turns":3.0},{"damage":3.0,"enemies":"The Guardian","floor":16.0,"turns":11.0},{"damage":6.0,"enemies":"2 Thieves","floor":18.0,"turns":4.0},{"damage":6.0,"enemies":"3 Byrds","floor":19.0,"turns":4.0},{"damage":8.0,"enemies":"3 Cultists","floor":22.0,"turns":5.0},{"damage":0.0,"enemies":"Book of Stabbing","floor":23.0,"turns":5.0},{"damage":2.0,"enemies":"Snake Plant","floor":24.0,"turns":5.0},{"damage":28.0,"enemies":"Slavers","floor":29.0,"turns":5.0},{"damage":0.0,"enemies":"Automaton","floor":33.0,"turns":8.0},{"damage":0.0,"enemies":"3 Shapes","floor":35.0,"turns":2.0},{"damage":10.0,"enemies":"3 Darklings","floor":36.0,"turns":3.0},{"damage":0.0,"enemies":"Giant Head","floor":40.0,"turns":5.0},{"damage":0.0,"enemies":"Transient","floor":41.0,"turns":6.0},{"damage":13,"enemies":"Nemesis","floor":42,"turns":11},{"damage":0,"enemies":"Giant Head","floor":44,"turns":3},{"damage":0,"enemies":"Reptomancer","floor":46,"turns":3},{"damage":0,"enemies":"Maw","floor":48,"turns":3},{"damage":0,"enemies":"Donu and Deca","floor":50,"turns":4},{"damage":0,"enemies":"Awakened One","floor":51,"turns":5},{"damage":9,"enemies":"Shield and Spear","floor":55,"turns":4},{"damage":61,"enemies":"The Heart","floor":56,"turns":8}],"seed_played":"-3329976659824479828","potions_obtained":[{"floor":1.0,"key":"Regen Potion"},{"floor":5.0,"key":"Explosive Potion"},{"floor":16.0,"key":"GhostInAJar"},{"floor":18.0,"key":"AttackPotion"},{"floor":29.0,"key":"Block Potion"},{"floor":40.0,"key":"Poison Potion"},{"floor":41.0,"key":"Explosive Potion"},{"floor":42,"key":"GamblersBrew"},{"floor":44,"key":"Swift Potion"}],"is_trial":false,"path_per_floor":["M","?","M","?","M","R","E","$","T","M","R","?","R","M","R","B",null,"M","M","?","?","M","E","M","R","T","R","$","E","?","?","R","B",null,"M","M","$","?","?","E","M","E","T","E","$","E","R","M","R","B","B",null,"R","$","E","B",null],"character_chosen":"THE_SILENT","items_purchased":["Membership Card","Mummified Hand","Backflip","Master of Strategy","Lantern","Ancient Tea Set","Panacea","Snake Skull","Letter Opener","FearPotion","DollysMirror"],"campfire_rested":1,"item_purchase_floors":[8,28,28,37,45,45,45,54,54,54,54],"current_hp_per_floor":[50,50,47,36,32,32,12,12,12,12,12,12,12,12,12,9,52,46,40,40,40,32,32,30,30,30,30,30,2,2,2,21,21,55,55,45,45,45,45,55,55,42,42,42,42,42,42,42,42,42,42,68,68,68,59,38],"gold":467,"neow_bonus":"TRANSFORM_CARD","is_prod":false,"is_daily":false,"chose_seed":false,"campfire_upgraded":8,"win_rate":0,"timestamp":1557824484,"path_taken":["M","?","?","?","M","R","E","$","T","M","R","?","R","M","R","BOSS","M","M","?","?","?","E","M","R","T","R","$","E","?","?","R","BOSS","M","M","$","?","?","E","M","E","T","E","$","E","R","M","R","BOSS","BOSS","R","$","E","BOSS"],"build_version":"2019-01-23","purchased_purges":5,"victory":true,"max_hp_per_floor":[66,66,66,66,66,66,66,66,66,66,66,66,66,66,66,66,66,66,66,66,66,66,66,66,66,66,66,66,66,66,66,66,66,66,66,66,66,66,66,76,76,76,76,76,76,76,76,76,76,76,76,76,76,76,76,76],"card_choices":[{"not_picked":["Prepared","Cloak And Dagger","Outmaneuver"],"picked":"SKIP","floor":1.0},{"not_picked":["Dodge and Roll","Accuracy"],"picked":"Tactician","floor":3.0},{"not_picked":["Blade Dance","Dagger Spray"],"picked":"Deadly Poison","floor":5.0},{"not_picked":["Bane","Blur"],"picked":"Terror","floor":7.0},{"not_picked":["Dagger Throw","Slice"],"picked":"Acrobatics","floor":10.0},{"not_picked":["Wraith Form v2","Backflip"],"picked":"Well Laid Plans","floor":14.0},{"not_picked":["Night Terror","Die Die Die"],"picked":"Grand Finale","floor":16.0},{"not_picked":["Deadly Poison","Acrobatics","Prepared"],"picked":"SKIP","floor":18.0},{"not_picked":["Poisoned Stab","Flying Knee","Underhanded Strike"],"picked":"SKIP","floor":19.0},{"not_picked":["Sucker Punch","Accuracy","Quick Slash"],"picked":"SKIP","floor":22.0},{"not_picked":["Eviscerate","Predator+1"],"picked":"Escape Plan","floor":23.0},{"not_picked":["Endless Agony","PiercingWail","Dodge and Roll"],"picked":"SKIP","floor":24.0},{"not_picked":["Heel Hook+1","Masterful Stab","Dagger Throw"],"picked":"SKIP","floor":29.0},{"not_picked":["Backflip","Crippling Poison+1"],"picked":"Footwork","floor":35.0},{"not_picked":["Catalyst+1","Sucker Punch+1","Dodge and Roll+1"],"picked":"SKIP","floor":36.0},{"not_picked":["Trip","Enlightenment"],"picked":"Finesse","floor":38.0},{"not_picked":["Underhanded Strike","Deadly Poison+1","Sucker Punch"],"picked":"SKIP","floor":40.0},{"not_picked":["Quick Slash+1","Dagger Throw","Heel Hook"],"picked":"SKIP","floor":41.0},{"not_picked":["Blade Dance","Bouncing Flask+1","PiercingWail"],"picked":"SKIP","floor":42},{"not_picked":["Quick Slash","Backstab","Acrobatics"],"picked":"SKIP","floor":44},{"not_picked":["Slice","Crippling Poison"],"picked":"Calculated Gamble","floor":46},{"not_picked":["Escape Plan+1","Choke","Deflect"],"picked":"SKIP","floor":48},{"not_picked":["Reflex","Crippling Poison"],"picked":"Well Laid Plans+1","floor":55}],"player_experience":1680576,"relics_obtained":[{"floor":7.0,"key":"War Paint"},{"floor":9.0,"key":"Bag of Marbles"},{"floor":23.0,"key":"Pen Nib"},{"floor":29.0,"key":"Omamori"},{"floor":40.0,"key":"Pear"},{"floor":42,"key":"Art of War"},{"floor":43,"key":"Kunai"},{"floor":44,"key":"Juzu Bracelet"},{"floor":46,"key":"Bottled Tornado"},{"floor":55,"key":"Shuriken"}],"event_choices":[{"damage_healed":0.0,"max_hp_gain":0.0,"max_hp_loss":0.0,"gold_gain":0.0,"event_name":"Accursed Blacksmith","player_choice":"Rummage","floor":2.0,"gold_loss":0.0,"damage_taken":0.0,"relics_obtained":["WarpedTongs"],"cards_obtained":["Pain"]},{"damage_healed":0.0,"max_hp_gain":0.0,"max_hp_loss":0.0,"gold_gain":75.0,"event_name":"World of Goop","player_choice":"Gather Gold","floor":4.0,"gold_loss":0.0,"damage_taken":11.0},{"damage_healed":0.0,"max_hp_gain":0.0,"max_hp_loss":0.0,"gold_gain":0.0,"event_name":"Dead Adventurer","player_choice":"Searched \u00271\u0027 times","floor":12.0,"gold_loss":0.0,"damage_taken":0.0,"relics_obtained":["Ornamental Fan"]},{"damage_healed":0.0,"max_hp_gain":0.0,"max_hp_loss":0.0,"gold_gain":50.0,"event_name":"Nest","player_choice":"Stole From Cult","floor":20.0,"gold_loss":0.0,"damage_taken":0.0},{"damage_healed":0.0,"max_hp_gain":0.0,"max_hp_loss":0.0,"gold_gain":0.0,"cards_transformed":["Strike_G"],"event_name":"Transmorgrifier","player_choice":"Transformed","floor":21.0,"gold_loss":0.0,"damage_taken":0.0,"cards_obtained":["Grand Finale"]},{"damage_healed":0.0,"max_hp_gain":0.0,"max_hp_loss":0.0,"gold_gain":0.0,"event_name":"Cursed Tome","player_choice":"Ignored","floor":30.0,"gold_loss":0.0,"damage_taken":0.0},{"cards_removed":["Defend_G"],"damage_healed":0.0,"max_hp_gain":0.0,"max_hp_loss":0.0,"gold_gain":0.0,"event_name":"Back to Basics","player_choice":"Elegance","floor":31.0,"gold_loss":0.0,"damage_taken":0.0},{"damage_healed":0.0,"max_hp_gain":0.0,"max_hp_loss":0.0,"gold_gain":0.0,"event_name":"SensoryStone","player_choice":"Memory 1","floor":38.0,"gold_loss":0.0,"damage_taken":0.0},{"damage_healed":0.0,"max_hp_gain":0.0,"max_hp_loss":0.0,"gold_gain":999.0,"event_name":"MindBloom","player_choice":"Gold","floor":39.0,"gold_loss":0.0,"damage_taken":0.0,"cards_obtained":["Normality","Normality"]}],"is_beta":false,"boss_relics":[{"not_picked":["Orrery","WristBlade"],"picked":"Astrolabe"},{"not_picked":["Sozu","Pandora\u0027s Box"],"picked":"Lizard Tail"}],"items_purged_floors":[8,28,37,45,54],"is_endless":false,"potions_floor_spawned":[1,5,16,18,29,40,41,42,44],"ascension_level":20}