{"gold_per_floor":[111,124,142,156,175,208,208,240,291,2,2,17,17,51,51,146,146,156,156,156,174,190,190,248,248,301,301,301,311,311,91,91,195,195,213,226,238,238,2,2,20,20,20,35,35,48,48,348,348,348],"floor_reached":51,"playtime":9099,"items_purged":["Strike_G"],"score":664,"play_id":"13016318-f3e7-4ba1-b490-9ad5d260928f","local_time":"20190507183452","is_ascension_mode":false,"campfire_choices":[{"floor":7.0,"key":"REST"},{"floor":15.0,"key":"REST"},{"data":"Catalyst","floor":23.0,"key":"SMITH"},{"data":"Noxious Fumes","floor":25.0,"key":"SMITH"},{"data":"Cloak And Dagger","floor":27.0,"key":"SMITH"},{"data":"Envenom","floor":30.0,"key":"SMITH"},{"floor":32.0,"key":"REST"},{"data":"Footwork","floor":42,"key":"SMITH"},{"data":"Calculated Gamble","floor":47,"key":"SMITH"},{"data":"Neutralize","floor":49,"key":"SMITH"}],"neow_cost":"NONE","seed_source_timestamp":0,"circlet_count":0,"master_deck":["Defend_G","Defend_G","Defend_G","Defend_G","Strike_G","Strike_G","Survivor","Neutralize+1","Noxious Fumes+1","Dagger Spray","Catalyst+1","Infinite Blades","Poisoned Stab","Acrobatics","Blade Dance","PiercingWail","A Thousand Cuts","Expertise+1","Flechettes+1","Crippling Poison+1","Endless Agony+1","RitualDagger","Flying Knee+1","Calculated Gamble+1","Cloak And Dagger+1","Envenom+1","Phantasmal Killer","PiercingWail+1","Infinite Blades+1","Footwork+1","Cloak And Dagger+1","Parasite","Backflip","Reflex"],"special_seed":0,"relics":["Ring of the Snake","Bag of Preparation","Meat on the Bone","Pen Nib","Kunai","Pantograph","Tiny Chest","Ancient Tea Set","Nloth\u0027s Gift","Vajra","HoveringKite","Lee\u0027s Waffle","Ice Cream","Lantern"],"potions_floor_usage":[50,50,50],"damage_taken":[{"damage":1.0,"enemies":"Cultist","floor":1.0,"turns":5.0},{"damage":0.0,"enemies":"Small Slimes","floor":2.0,"turns":5.0},{"damage":0.0,"enemies":"Jaw Worm","floor":3.0,"turns":3.0},{"damage":12.0,"enemies":"Exordium Thugs","floor":4.0,"turns":6.0},{"damage":2.0,"enemies":"Blue Slaver","floor":5.0,"turns":5.0},{"damage":48.0,"enemies":"Gremlin Nob","floor":6.0,"turns":5.0},{"damage":24.0,"enemies":"Lagavulin","floor":8.0,"turns":7.0},{"damage":0.0,"enemies":"Large Slime","floor":12.0,"turns":5.0},{"damage":0.0,"enemies":"Gremlin Gang","floor":13.0,"turns":1.0},{"damage":26.0,"enemies":"Gremlin Nob","floor":14.0,"turns":5.0},{"damage":10.0,"enemies":"The Guardian","floor":16.0,"turns":13.0},{"damage":15.0,"enemies":"Spheric Guardian","floor":18.0,"turns":5.0},{"damage":7.0,"enemies":"2 Thieves","floor":21.0,"turns":3.0},{"damage":8.0,"enemies":"Centurion and Healer","floor":22.0,"turns":5.0},{"damage":20.0,"enemies":"Gremlin Leader","floor":24.0,"turns":7.0},{"damage":0.0,"enemies":"Cultist and Chosen","floor":29.0,"turns":4.0},{"damage":39.0,"enemies":"Collector","floor":33.0,"turns":5.0},{"damage":7.0,"enemies":"3 Darklings","floor":35.0,"turns":4.0},{"damage":20.0,"enemies":"Orb Walker","floor":36.0,"turns":3.0},{"damage":30.0,"enemies":"Sphere and 2 Shapes","floor":37.0,"turns":5.0},{"damage":21,"enemies":"Maw","floor":41,"turns":7},{"damage":21,"enemies":"Writhing Mass","floor":44,"turns":7},{"damage":21,"enemies":"3 Darklings","floor":46,"turns":5},{"damage":61,"enemies":"Awakened One","floor":50,"turns":14}],"seed_played":"-8886483948538059844","potions_obtained":[{"floor":0.0,"key":"SkillPotion"},{"floor":0.0,"key":"LiquidBronze"},{"floor":0.0,"key":"EntropicBrew"},{"floor":3.0,"key":"Ancient Potion"},{"floor":12.0,"key":"SmokeBomb"},{"floor":18.0,"key":"Weak Potion"},{"floor":24.0,"key":"Fire Potion"},{"floor":29.0,"key":"EssenceOfSteel"},{"floor":37.0,"key":"SteroidPotion"},{"floor":41,"key":"Dexterity Potion"},{"floor":44,"key":"GamblersBrew"}],"is_trial":false,"path_per_floor":["M","M","M","M","M","E","R","E","T","$","?","M","M","E","R","B",null,"M","?","?","M","M","R","E","R","T","R","?","M","R","$","R","B",null,"M","M","M","?","$","T","M","R","T","M","$","M","R","?","R","B",null],"character_chosen":"THE_SILENT","items_purchased":["Dexterity Potion","Kunai","Vajra","Lee\u0027s Waffle","Footwork"],"campfire_rested":3,"item_purchase_floors":[10,10,31,39,39],"current_hp_per_floor":[69,69,69,57,55,7,28,4,4,4,4,16,28,14,35,50,70,55,49,49,42,46,46,38,38,38,38,38,38,38,38,59,43,70,63,43,25,25,77,77,56,56,56,47,47,38,38,38,38,14],"gold":348,"neow_bonus":"THREE_SMALL_POTIONS","is_prod":false,"is_daily":false,"chose_seed":false,"campfire_upgraded":7,"win_rate":0,"timestamp":1557268492,"path_taken":["M","M","M","?","M","E","R","E","T","$","?","M","M","E","R","BOSS","M","?","?","M","M","R","E","R","T","R","?","?","R","$","R","BOSS","M","M","M","?","$","?","M","R","T","M","?","M","R","?","R","BOSS"],"build_version":"2019-01-23","purchased_purges":1,"victory":true,"max_hp_per_floor":[70,70,70,70,70,70,70,70,70,70,70,70,70,70,70,70,70,70,70,70,70,70,70,70,70,70,70,70,70,70,70,70,70,70,70,70,70,70,77,77,77,77,77,77,77,77,77,77,77,77],"card_choices":[{"not_picked":["Underhanded Strike","Quick Slash"],"picked":"Noxious Fumes","floor":1.0},{"not_picked":["Accuracy","Dodge and Roll"],"picked":"Dagger Spray","floor":2.0},{"not_picked":["Backflip","Slice"],"picked":"Catalyst","floor":3.0},{"not_picked":["Quick Slash","Prepared","Backflip"],"picked":"SKIP","floor":4.0},{"not_picked":["Underhanded Strike","Blade Dance"],"picked":"Infinite Blades","floor":5.0},{"not_picked":["Bullet Time","Infinite Blades"],"picked":"Poisoned Stab","floor":6.0},{"not_picked":["Backflip","Underhanded Strike"],"picked":"Acrobatics","floor":8.0},{"not_picked":["Flying Knee","Sucker Punch"],"picked":"Blade Dance","floor":12.0},{"not_picked":["Flechettes","Prepared"],"picked":"PiercingWail","floor":14.0},{"not_picked":["Bullet Time","After Image"],"picked":"A Thousand Cuts","floor":16.0},{"not_picked":["Acrobatics+1","Bane"],"picked":"Endless Agony+1","floor":18.0},{"not_picked":["Acrobatics","Poisoned Stab"],"picked":"Flying Knee+1","floor":21.0},{"not_picked":["Heel Hook","Crippling Poison"],"picked":"Calculated Gamble","floor":22.0},{"not_picked":["Choke","Prepared"],"picked":"Cloak And Dagger","floor":24.0},{"not_picked":["Dodge and Roll","Backflip"],"picked":"Envenom","floor":29.0},{"not_picked":["Doppelganger","Wraith Form v2"],"picked":"Phantasmal Killer","floor":33.0},{"not_picked":["Prepared","Calculated Gamble"],"picked":"PiercingWail+1","floor":35.0},{"not_picked":["Expertise","Reflex+1"],"picked":"Infinite Blades+1","floor":36.0},{"not_picked":["Dash","Wraith Form v2","Sucker Punch"],"picked":"SKIP","floor":37.0},{"not_picked":["PiercingWail+1","Acrobatics"],"picked":"Cloak And Dagger+1","floor":41},{"not_picked":["Sucker Punch","Flechettes+1"],"picked":"Backflip","floor":44},{"not_picked":["Expertise","Wraith Form v2"],"picked":"Reflex","floor":46}],"player_experience":112733,"relics_obtained":[{"floor":6.0,"key":"Bag of Preparation"},{"floor":8.0,"key":"Meat on the Bone"},{"floor":9.0,"key":"Pen Nib"},{"floor":14.0,"key":"Pantograph"},{"floor":24.0,"key":"Tiny Chest"},{"floor":26.0,"key":"Ancient Tea Set"},{"floor":40.0,"key":"Ice Cream"},{"floor":43,"key":"Lantern"}],"event_choices":[{"damage_healed":0.0,"max_hp_gain":0.0,"max_hp_loss":0.0,"gold_gain":0.0,"event_name":"Golden Wing","player_choice":"Ignored","floor":11.0,"gold_loss":0.0,"damage_taken":0.0},{"damage_healed":0.0,"max_hp_gain":0.0,"max_hp_loss":0.0,"gold_gain":0.0,"event_name":"Nest","player_choice":"Joined the Cult","floor":19.0,"gold_loss":0.0,"damage_taken":6.0,"cards_obtained":["RitualDagger"]},{"damage_healed":0.0,"max_hp_gain":0.0,"max_hp_loss":0.0,"gold_gain":0.0,"event_name":"Cursed Tome","player_choice":"Ignored","floor":20.0,"gold_loss":0.0,"damage_taken":0.0},{"damage_healed":0.0,"max_hp_gain":0.0,"max_hp_loss":0.0,"gold_gain":0.0,"event_name":"N\u0027loth","player_choice":"Traded Relic","floor":28.0,"relics_lost":["Astrolabe"],"gold_loss":0.0,"damage_taken":0.0,"relics_obtained":["Nloth\u0027s Gift"]},{"damage_healed":0.0,"max_hp_gain":0.0,"max_hp_loss":0.0,"gold_gain":0.0,"event_name":"Mysterious Sphere","player_choice":"Ignored","floor":38.0,"gold_loss":0.0,"damage_taken":0.0},{"damage_healed":0,"gold_gain":300,"player_choice":"Gold","damage_taken":0,"max_hp_gain":0,"max_hp_loss":0,"event_name":"Wheel of Change","floor":48,"gold_loss":0}],"is_beta":false,"boss_relics":[{"not_picked":["Orrery","Busted Crown"],"picked":"Astrolabe"},{"not_picked":["White Beast Statue","Eternal Feather"],"picked":"HoveringKite"}],"items_purged_floors":[31],"is_endless":false,"potions_floor_spawned":[3,5,12,18,24,29,37,41,44],"ascension_level":0}