{"gold_per_floor":[109,109,22,37,56,56,85,85,138,138,155,175,9,39,39,39],"floor_reached":16,"playtime":849,"items_purged":[],"score":165,"play_id":"05f6beb9-1c5c-493c-b829-5f1d8113dfe9","local_time":"20190224135358","is_ascension_mode":true,"campfire_choices":[{"floor":6,"key":"REST"},{"floor":8,"key":"REST"},{"floor":15,"key":"REST"}],"neow_cost":"PERCENT_DAMAGE","seed_source_timestamp":52314979162500,"circlet_count":0,"master_deck":["AscendersBane","Defend_G","Defend_G","Defend_G","Defend_G","Defend_G","Strike_G","Strike_G","Strike_G","Strike_G","Strike_G","Survivor","Neutralize","Cloak And Dagger","Dramatic Entrance","Noxious Fumes","Outmaneuver","Unload","Well Laid Plans","Envenom"],"relics":["Ring of the Snake","Ancient Tea Set","Bronze Scales","Art of War","The Courier","Sling","Orichalcum"],"potions_floor_usage":[7,14,16],"damage_taken":[{"damage":11,"enemies":"Cultist","floor":1,"turns":6},{"damage":1,"enemies":"2 Louse","floor":4,"turns":2},{"damage":8,"enemies":"Jaw Worm","floor":5,"turns":5},{"damage":43,"enemies":"Lagavulin","floor":7,"turns":9},{"damage":8,"enemies":"Blue Slaver","floor":11,"turns":4},{"damage":7,"enemies":"Exordium Thugs","floor":12,"turns":4},{"damage":5,"enemies":"Gremlin Nob","floor":14,"turns":3},{"damage":47,"enemies":"Slime Boss","floor":16,"turns":9}],"seed_played":"2601488501741868892","potions_obtained":[{"floor":4,"key":"FearPotion"},{"floor":7,"key":"Weak Potion"},{"floor":12,"key":"AttackPotion"},{"floor":14,"key":"Ancient Potion"}],"is_trial":false,"path_per_floor":["M","T","$","M","M","R","E","R","T","?","M","M","$","E","R","B"],"character_chosen":"THE_SILENT","items_purchased":["Dramatic Entrance","Sling"],"campfire_rested":3,"item_purchase_floors":[3,13],"current_hp_per_floor":[48,48,48,47,39,64,21,46,46,34,26,19,19,14,39,0],"gold":39,"neow_bonus":"TWENTY_PERCENT_HP_BONUS","is_prod":false,"is_daily":false,"chose_seed":false,"campfire_upgraded":0,"win_rate":0,"timestamp":1551012838,"path_taken":["M","?","$","M","?","R","E","R","T","?","M","M","$","E","R","BOSS"],"build_version":"2019-01-23","purchased_purges":0,"victory":false,"max_hp_per_floor":[84,84,84,84,84,84,84,84,84,84,84,84,84,84,84,84],"card_choices":[{"not_picked":["PiercingWail","Flying Knee"],"picked":"Cloak And Dagger","floor":1},{"not_picked":["Underhanded Strike","Flying Knee"],"picked":"Noxious Fumes","floor":4},{"not_picked":["Backflip","Prepared","Flechettes"],"picked":"SKIP","floor":5},{"not_picked":["Sucker Punch","All Out Attack"],"picked":"Outmaneuver","floor":7},{"not_picked":["Flying Knee","Underhanded Strike"],"picked":"Unload","floor":11},{"not_picked":["Deflect","Dagger Spray"],"picked":"Well Laid Plans","floor":12},{"not_picked":["Tactician","Bane"],"picked":"Envenom","floor":14}],"player_experience":1422596,"relics_obtained":[{"floor":2,"key":"Ancient Tea Set"},{"floor":7,"key":"Bronze Scales"},{"floor":9,"key":"Art of War"},{"floor":14,"key":"Orichalcum"}],"event_choices":[{"damage_healed":0,"gold_gain":0,"player_choice":"Success","damage_taken":12,"relics_obtained":["The Courier"],"max_hp_gain":0,"max_hp_loss":0,"event_name":"Scrap Ooze","floor":10,"gold_loss":0}],"is_beta":false,"boss_relics":[],"items_purged_floors":[],"is_endless":false,"potions_floor_spawned":[4,7,12,14],"killed_by":"Slime Boss","ascension_level":10}