{"gold_per_floor":[119,119,134,59,79,106,106,12,12,30,30,30,48,80,80,185,235,247,13,13,11,11],"floor_reached":22,"playtime":863,"items_purged":["Strike_G","Strike_G"],"score":297,"play_id":"e86557d5-ad87-439d-9bd7-231f913dc768","local_time":"20190509121904","is_ascension_mode":true,"campfire_choices":[{"floor":7.0,"key":"REST"},{"floor":11.0,"key":"REST"},{"floor":15.0,"key":"REST"}],"neow_cost":"NONE","seed_source_timestamp":0,"circlet_count":0,"master_deck":["Defend_G","Defend_G","Defend_G","Defend_G","Defend_G","Strike_G","Strike_G","Strike_G","Survivor","Neutralize","Bouncing Flask","Quick Slash","Bouncing Flask","Well Laid Plans","Noxious Fumes","Skewer","Footwork","A Thousand Cuts","After Image+1","Deflect","Escape Plan","Crippling Poison+1"],"special_seed":0,"relics":["Ring of the Snake","NeowsBlessing","The Courier","Pear","Oddly Smooth Stone","Tiny House","Chemical X","NlothsMask"],"potions_floor_usage":[18],"damage_taken":[{"damage":0.0,"enemies":"2 Louse","floor":1.0,"turns":1.0},{"damage":0.0,"enemies":"Cultist","floor":3.0,"turns":1.0},{"damage":0.0,"enemies":"Jaw Worm","floor":5.0,"turns":1.0},{"damage":52.0,"enemies":"Gremlin Nob","floor":6.0,"turns":5.0},{"damage":37.0,"enemies":"Lots of Slimes","floor":10.0,"turns":5.0},{"damage":1.0,"enemies":"Red Slaver","floor":13.0,"turns":4.0},{"damage":23.0,"enemies":"3 Sentries","floor":14.0,"turns":6.0},{"damage":20.0,"enemies":"The Guardian","floor":16.0,"turns":10.0},{"damage":44,"enemies":"Chosen","floor":18,"turns":7},{"damage":14,"enemies":"2 Thieves","floor":21,"turns":5},{"damage":14,"enemies":"Snecko","floor":22,"turns":4}],"seed_played":"-5973388919788064366","potions_obtained":[{"floor":2.0,"key":"PowerPotion"},{"floor":2.0,"key":"Weak Potion"},{"floor":2.0,"key":"Dexterity Potion"},{"floor":14.0,"key":"Regen Potion"},{"floor":16.0,"key":"Block Potion"},{"floor":17,"key":"SmokeBomb"},{"floor":21,"key":"Poison Potion"}],"is_trial":false,"path_per_floor":["M","?","M","$","M","E","R","$","T","M","R","$","M","E","R","B",null,"M","$","?","M","M"],"character_chosen":"THE_SILENT","items_purchased":["Noxious Fumes","Skewer","Chemical X"],"campfire_rested":3,"item_purchase_floors":[8,8,19],"current_hp_per_floor":[63,63,63,63,63,11,32,32,42,5,29,29,28,5,29,24,71,27,27,27,13,0],"gold":11,"neow_bonus":"THREE_ENEMY_KILL","is_prod":false,"is_daily":false,"chose_seed":false,"campfire_upgraded":0,"win_rate":0,"timestamp":1557429544,"path_taken":["M","?","M","?","?","E","R","?","T","?","R","$","M","E","R","BOSS","M","$","?","M","?"],"build_version":"2019-01-23","purchased_purges":2,"victory":false,"max_hp_per_floor":[70,70,70,70,70,70,70,70,80,80,80,80,80,80,80,80,85,85,85,85,85,85],"card_choices":[{"not_picked":["Blade Dance","Prepared"],"picked":"Bouncing Flask","floor":1.0},{"not_picked":["Backflip","Prepared"],"picked":"Quick Slash","floor":3.0},{"not_picked":["PiercingWail","Infinite Blades"],"picked":"Bouncing Flask","floor":5.0},{"not_picked":["Prepared","Blade Dance"],"picked":"Well Laid Plans","floor":6.0},{"not_picked":["Dagger Throw","Riddle With Holes","Tactician"],"picked":"SKIP","floor":10.0},{"not_picked":["Endless Agony","Flechettes"],"picked":"Footwork","floor":13.0},{"not_picked":["Acrobatics","Dagger Throw"],"picked":"A Thousand Cuts","floor":14.0},{"not_picked":["Phantasmal Killer","Grand Finale"],"picked":"After Image","floor":16.0},{"not_picked":["All Out Attack","Choke"],"picked":"Deflect","floor":17},{"not_picked":["Sucker Punch","Outmaneuver"],"picked":"Escape Plan","floor":18},{"not_picked":["Accuracy+1","Reflex+1"],"picked":"Crippling Poison+1","floor":21}],"player_experience":445088,"relics_obtained":[{"floor":6.0,"key":"The Courier"},{"floor":9.0,"key":"Pear"},{"floor":14.0,"key":"Oddly Smooth Stone"}],"event_choices":[{"damage_healed":0.0,"max_hp_gain":0.0,"max_hp_loss":0.0,"gold_gain":0.0,"event_name":"Lab","player_choice":"Got Potions","floor":2.0,"gold_loss":0.0,"damage_taken":0.0},{"damage_healed":0,"gold_gain":0,"player_choice":"Trade","damage_taken":0,"relics_obtained":["NlothsMask"],"max_hp_gain":0,"max_hp_loss":0,"event_name":"FaceTrader","floor":20,"gold_loss":0}],"is_beta":false,"boss_relics":[{"not_picked":["Calling Bell","Ring of the Serpent"],"picked":"Tiny House"}],"items_purged_floors":[4,19],"is_endless":false,"potions_floor_spawned":[5,13,14,16,21],"killed_by":"Snecko","ascension_level":8}