{"gold_per_floor":[118,138,138,138,20,20,35,35,35,51,51,51,151,166,166,242,242,262,288,388,157,170,170,196,61,61,87,13,46,65,76,76,153,153,166,146,158,169,169,169,14,31,58,280,280,280,299,319,319,319],"floor_reached":51,"playtime":3954,"items_purged":["Strike_G","Strike_G"],"score":1223,"play_id":"47e0a624-08c4-4217-b539-9b37ee43c59a","local_time":"20190503223412","is_ascension_mode":true,"campfire_choices":[{"data":"Dramatic Entrance","floor":6,"key":"SMITH"},{"data":"Dagger Spray","floor":8,"key":"SMITH"},{"data":"Backflip","floor":11,"key":"SMITH"},{"data":"Crippling Poison","floor":15,"key":"SMITH"},{"floor":23,"key":"REST"},{"floor":32,"key":"REST"},{"floor":40,"key":"REST"},{"floor":45,"key":"REST"},{"data":"Corpse Explosion","floor":49,"key":"SMITH"}],"neow_cost":"NONE","seed_source_timestamp":15928196967766,"circlet_count":0,"master_deck":["AscendersBane","Defend_G","Defend_G","Defend_G","Defend_G","Strike_G","Strike_G","Strike_G","Survivor","Neutralize","Backflip+1","Acrobatics+1","Dramatic Entrance+1","Prepared","Dagger Spray+1","All Out Attack","Crippling Poison+1","Corpse Explosion+1","Deadly Poison","Dagger Spray","PiercingWail+1","Leg Sweep","Noxious Fumes+1","PiercingWail","Well Laid Plans","Terror","Crippling Poison","Well Laid Plans","Caltrops","Die Die Die","Dash+1","Backflip","Noxious Fumes+1","Caltrops","Setup","Venomology"],"relics":["Ring of the Snake","NeowsBlessing","Question Card","Velvet Choker","Red Mask","Dead Branch","Letter Opener","Lantern","Oddly Smooth Stone","Kunai","Nunchaku","WristBlade","Orichalcum","Bag of Preparation"],"potions_floor_usage":[14,16,19,24,33,38,50,50,50],"damage_taken":[{"damage":0,"enemies":"Jaw Worm","floor":1,"turns":1},{"damage":0,"enemies":"2 Louse","floor":2,"turns":1},{"damage":0,"enemies":"Cultist","floor":7,"turns":1},{"damage":0,"enemies":"3 Louse","floor":10,"turns":1},{"damage":2,"enemies":"Exordium Wildlife","floor":14,"turns":3},{"damage":24,"enemies":"The Guardian","floor":16,"turns":12},{"damage":11,"enemies":"Chosen","floor":18,"turns":5},{"damage":0,"enemies":"Masked Bandits","floor":19,"turns":2},{"damage":6,"enemies":"Colosseum Slavers","floor":20,"turns":3},{"damage":23,"enemies":"Colosseum Nobs","floor":20,"turns":3},{"damage":3,"enemies":"2 Thieves","floor":22,"turns":3},{"damage":11,"enemies":"Gremlin Leader","floor":24,"turns":6},{"damage":20,"enemies":"Slavers","floor":27,"turns":3},{"damage":1,"enemies":"Gremlin Leader","floor":29,"turns":5},{"damage":2,"enemies":"Snake Plant","floor":30,"turns":4},{"damage":0,"enemies":"Centurion and Healer","floor":31,"turns":5},{"damage":20,"enemies":"Automaton","floor":33,"turns":9},{"damage":4,"enemies":"Orb Walker","floor":35,"turns":3},{"damage":2,"enemies":"3 Shapes","floor":37,"turns":4},{"damage":22,"enemies":"Transient","floor":38,"turns":5},{"damage":0,"enemies":"Maw","floor":42,"turns":7},{"damage":8,"enemies":"Writhing Mass","floor":47,"turns":8},{"damage":5,"enemies":"4 Shapes","floor":48,"turns":3},{"damage":37,"enemies":"Donu and Deca","floor":50,"turns":7}],"seed_played":"4506946988034867315","potions_obtained":[{"floor":7,"key":"AttackPotion"},{"floor":14,"key":"PowerPotion"},{"floor":18,"key":"Explosive Potion"},{"floor":20,"key":"SkillPotion"},{"floor":24,"key":"PowerPotion"},{"floor":35,"key":"LiquidBronze"},{"floor":36,"key":"AttackPotion"},{"floor":42,"key":"GhostInAJar"}],"is_trial":false,"path_per_floor":["M","M","?","?","$","R","M","R","T","M","R","$","?","M","R","B",null,"M","?","?","$","M","R","E","$","T","E","$","E","M","M","R","B",null,"M","?","M","M","?","R","$","M","T","?","R","?","M","M","R","B",null],"character_chosen":"THE_SILENT","items_purchased":["Dramatic Entrance","Prepared","Leg Sweep","Regen Potion","Well Laid Plans","Crippling Poison","Orichalcum"],"campfire_rested":4,"item_purchase_floors":[5,5,21,21,25,28,41],"current_hp_per_floor":[59,59,59,59,59,59,59,59,59,59,59,59,59,57,57,33,58,47,47,18,18,15,34,38,38,38,18,18,17,15,15,34,14,53,49,49,47,25,25,44,44,44,44,44,63,63,55,50,50,13],"gold":319,"neow_bonus":"THREE_ENEMY_KILL","is_prod":false,"is_daily":false,"chose_seed":false,"campfire_upgraded":5,"win_rate":0,"timestamp":1556948052,"path_taken":["M","M","?","?","$","R","M","R","T","M","R","?","?","M","R","BOSS","M","?","?","$","M","R","E","$","T","E","?","E","M","M","R","BOSS","M","?","M","?","?","R","$","M","T","?","R","?","M","M","R","BOSS"],"build_version":"2019-01-23","purchased_purges":2,"victory":true,"max_hp_per_floor":[66,66,66,66,66,66,66,66,66,66,66,66,66,66,66,66,66,66,66,66,66,66,66,66,66,66,66,66,66,66,66,66,66,66,66,66,66,66,66,66,66,66,66,66,66,66,66,66,66,66],"card_choices":[{"not_picked":["Quick Slash","Dagger Throw"],"picked":"Backflip","floor":1},{"not_picked":["Outmaneuver","Sucker Punch"],"picked":"Acrobatics","floor":2},{"not_picked":["Deadly Poison","PiercingWail"],"picked":"Dagger Spray","floor":7},{"not_picked":["Tactician","Deflect","Blade Dance"],"picked":"All Out Attack","floor":10},{"not_picked":["Setup","Underhanded Strike","Flying Knee"],"picked":"Crippling Poison","floor":14},{"not_picked":["Burst","Venomology","Doppelganger"],"picked":"Corpse Explosion","floor":16},{"not_picked":["Bane","Sucker Punch","Outmaneuver"],"picked":"Deadly Poison","floor":18},{"not_picked":["Flying Knee","Acrobatics","Backflip"],"picked":"Dagger Spray","floor":19},{"not_picked":["Prepared","Blade Dance","Dagger Spray+1"],"picked":"PiercingWail+1","floor":20},{"not_picked":["Concentrate","Leg Sweep","Prepared"],"picked":"Noxious Fumes+1","floor":22},{"not_picked":["Predator","Footwork","Masterful Stab+1"],"picked":"PiercingWail","floor":24},{"not_picked":["Caltrops","Outmaneuver","Poisoned Stab"],"picked":"Terror","floor":27},{"not_picked":["Poisoned Stab","Flechettes","Underhanded Strike","Finisher"],"picked":"SKIP","floor":29},{"not_picked":["Acrobatics","Flying Knee","Calculated Gamble"],"picked":"Well Laid Plans","floor":30},{"not_picked":["Unload","Blade Dance","Choke"],"picked":"Caltrops","floor":31},{"not_picked":["Doppelganger","Night Terror","Unload"],"picked":"Die Die Die","floor":33},{"not_picked":["Expertise","Tactician+1","Slice"],"picked":"Dash+1","floor":35},{"not_picked":["Prepared","Quick Slash","Sucker Punch+1"],"picked":"Backflip","floor":37},{"not_picked":["Catalyst","Cloak And Dagger","Dagger Spray"],"picked":"Noxious Fumes+1","floor":38},{"not_picked":["Dagger Throw","Outmaneuver","Flying Knee"],"picked":"Caltrops","floor":42},{"not_picked":["Predator","Acrobatics","Dagger Spray"],"picked":"Setup","floor":47},{"not_picked":["Sucker Punch+1","Cloak And Dagger+1","Deflect"],"picked":"Venomology","floor":48}],"player_experience":1602461,"relics_obtained":[{"floor":9,"key":"Question Card"},{"floor":19,"key":"Red Mask"},{"floor":20,"key":"Dead Branch"},{"floor":20,"key":"Letter Opener"},{"floor":24,"key":"Lantern"},{"floor":26,"key":"Oddly Smooth Stone"},{"floor":27,"key":"Kunai"},{"floor":29,"key":"Nunchaku"},{"floor":43,"key":"Bag of Preparation"}],"event_choices":[{"damage_healed":0,"gold_gain":0,"player_choice":"Leave","damage_taken":0,"max_hp_gain":0,"max_hp_loss":0,"event_name":"The Cleric","floor":3,"gold_loss":0},{"damage_healed":0,"gold_gain":0,"player_choice":"Grow","damage_taken":0,"max_hp_gain":0,"max_hp_loss":0,"event_name":"Living Wall","floor":4,"gold_loss":0,"cards_upgraded":["Acrobatics"]},{"damage_healed":0,"gold_gain":100,"player_choice":"Gold","damage_taken":0,"max_hp_gain":0,"max_hp_loss":0,"event_name":"Wheel of Change","floor":13,"gold_loss":0},{"damage_healed":0,"gold_gain":0,"player_choice":"Fought Bandits","damage_taken":0,"max_hp_gain":0,"max_hp_loss":0,"event_name":"Masked Bandits","floor":19,"gold_loss":0},{"damage_healed":0,"gold_gain":0,"player_choice":"Fight","damage_taken":0,"max_hp_gain":0,"max_hp_loss":0,"event_name":"Colosseum","floor":20,"gold_loss":0},{"damage_healed":0,"gold_gain":0,"player_choice":"Fought Nobs","damage_taken":0,"max_hp_gain":0,"max_hp_loss":0,"event_name":"Colosseum","floor":20,"gold_loss":0},{"damage_healed":0,"gold_gain":0,"player_choice":"Bought 1 Potion","damage_taken":0,"max_hp_gain":0,"max_hp_loss":0,"event_name":"The Woman in Blue","floor":36,"gold_loss":0},{"cards_removed":["Defend_G"],"damage_healed":0,"gold_gain":0,"player_choice":"Removed Skill","damage_taken":0,"max_hp_gain":0,"max_hp_loss":0,"event_name":"Falling","floor":39,"gold_loss":0},{"damage_healed":0,"gold_gain":222,"player_choice":"Wore Mask","damage_taken":0,"max_hp_gain":0,"max_hp_loss":0,"event_name":"Tomb of Lord Red Mask","floor":44,"gold_loss":0},{"damage_healed":0,"gold_gain":0,"player_choice":"Ignored","damage_taken":0,"max_hp_gain":0,"max_hp_loss":0,"event_name":"Mysterious Sphere","floor":46,"gold_loss":0}],"is_beta":false,"boss_relics":[{"not_picked":["Ring of the Serpent","Coffee Dripper"],"picked":"Velvet Choker"},{"not_picked":["Busted Crown","HoveringKite"],"picked":"WristBlade"}],"items_purged_floors":[21,25],"is_endless":false,"potions_floor_spawned":[7,14,18,20,24,27,29,35,42],"ascension_level":15}