{"gold_per_floor":[111,186,19,19,29,62,62,80,103,133,149,149,163,163,163,253,253,238,256,256,280,280,280,296,296,319,319,319,329,339,339],"floor_reached":31,"playtime":1620,"items_purged":[],"score":474,"play_id":"5c9afb4d-10f6-4857-a882-7c1c56e7e058","local_time":"20190410222141","is_ascension_mode":true,"campfire_choices":[{"data":"Magnetism","floor":7,"key":"SMITH"},{"floor":15,"key":"REST"},{"floor":23,"key":"REST"},{"floor":25,"key":"REST"}],"neow_cost":"NONE","seed_source_timestamp":85162549977500,"circlet_count":0,"master_deck":["AscendersBane","Strike_R","Strike_R","Strike_R","Strike_R","Strike_R","Defend_R","Defend_R","Defend_R","Defend_R","Bash","Burning Pact","Magnetism+1","True Grit","Reaper","Inflame","Battle Trance","Rampage","Injury","Regret","Limit Break","Dual Wield","Rage","Ghostly","Ghostly","Ghostly","Ghostly","Ghostly","Dual Wield","Pommel Strike+1"],"relics":["Burning Blood","NeowsBlessing","FaceOfCleric","Anchor","Boot","Blue Candle","Bloody Idol","Sundial","Sozu","Bag of Marbles","Question Card"],"potions_floor_usage":[16],"damage_taken":[{"damage":0,"enemies":"2 Louse","floor":1,"turns":1},{"damage":0,"enemies":"Cultist","floor":5,"turns":1},{"damage":0,"enemies":"3 Sentries","floor":6,"turns":2},{"damage":14,"enemies":"Small Slimes","floor":8,"turns":6},{"damage":46,"enemies":"Gremlin Nob","floor":10,"turns":6},{"damage":14,"enemies":"Looter","floor":11,"turns":4},{"damage":4,"enemies":"Blue Slaver","floor":13,"turns":7},{"damage":66,"enemies":"Hexaghost","floor":16,"turns":13},{"damage":18,"enemies":"2 Thieves","floor":18,"turns":4},{"damage":26,"enemies":"Chosen","floor":19,"turns":5},{"damage":39,"enemies":"Snake Plant","floor":21,"turns":5},{"damage":60,"enemies":"Centurion and Healer","floor":24,"turns":6},{"damage":30,"enemies":"Shelled Parasite and Fungi","floor":29,"turns":9},{"damage":6,"enemies":"Snecko","floor":30,"turns":6},{"damage":51,"enemies":"Book of Stabbing","floor":31,"turns":7}],"seed_played":"-4485526608342018594","potions_obtained":[{"floor":6,"key":"Ancient Potion"},{"floor":10,"key":"GamblersBrew"}],"is_trial":false,"path_per_floor":["M","?","$","?","M","E","R","M","T","E","M","?","M","?","R","B",null,"M","M","?","M","?","R","M","R","T","T","?","M","M","E"],"character_chosen":"IRONCLAD","items_purchased":["Magnetism"],"campfire_rested":3,"item_purchase_floors":[3],"current_hp_per_floor":[78,67,67,67,74,81,81,77,77,43,45,45,53,53,78,19,70,59,48,48,16,16,43,18,45,50,50,45,33,44,0],"gold":339,"neow_bonus":"THREE_ENEMY_KILL","is_prod":false,"is_daily":false,"chose_seed":false,"campfire_upgraded":1,"win_rate":0,"timestamp":1554927701,"path_taken":["M","?","$","?","M","E","R","?","T","E","M","?","M","?","R","BOSS","M","M","?","?","?","R","M","R","T","?","?","M","M","E"],"build_version":"2019-01-23","purchased_purges":0,"victory":false,"max_hp_per_floor":[80,80,80,80,81,82,82,83,83,84,85,85,86,86,86,87,87,88,89,89,90,90,90,91,91,91,91,45,46,47,47],"card_choices":[{"not_picked":["Wild Strike","Pommel Strike"],"picked":"Burning Pact","floor":1},{"not_picked":["Twin Strike","Wild Strike"],"picked":"True Grit","floor":5},{"not_picked":["Juggernaut","Clash"],"picked":"Reaper","floor":6},{"not_picked":["Thunderclap","Clash"],"picked":"Inflame","floor":8},{"not_picked":["Perfected Strike","Twin Strike"],"picked":"Battle Trance","floor":10},{"not_picked":["Iron Wave","Wild Strike"],"picked":"Rampage","floor":11},{"not_picked":["Bloodletting","Warcry","Wild Strike"],"picked":"SKIP","floor":13},{"not_picked":["Barricade","Dark Embrace"],"picked":"Limit Break","floor":16},{"not_picked":["Anger","Rampage+1","Whirlwind"],"picked":"SKIP","floor":18},{"not_picked":["Intimidate","Cleave","Warcry"],"picked":"SKIP","floor":19},{"not_picked":["Cleave","Thunderclap"],"picked":"Dual Wield","floor":21},{"not_picked":["Carnage","Armaments"],"picked":"Rage","floor":24},{"not_picked":["Thunderclap+1","Flex","True Grit"],"picked":"Dual Wield","floor":29},{"not_picked":["Body Slam","Whirlwind+1","Sword Boomerang"],"picked":"Pommel Strike+1","floor":30}],"player_experience":1630981,"relics_obtained":[{"floor":6,"key":"Anchor"},{"floor":9,"key":"Boot"},{"floor":10,"key":"Blue Candle"},{"floor":26,"key":"Bag of Marbles"},{"floor":27,"key":"Question Card"}],"event_choices":[{"damage_healed":0,"gold_gain":75,"player_choice":"Gather Gold","damage_taken":11,"max_hp_gain":0,"max_hp_loss":0,"event_name":"World of Goop","floor":2,"gold_loss":0},{"damage_healed":0,"gold_gain":0,"player_choice":"Trade","damage_taken":0,"relics_obtained":["FaceOfCleric"],"max_hp_gain":0,"max_hp_loss":0,"event_name":"FaceTrader","floor":4,"gold_loss":0},{"damage_healed":0,"gold_gain":0,"player_choice":"Take Wound","damage_taken":0,"relics_obtained":["Golden Idol"],"max_hp_gain":0,"max_hp_loss":0,"event_name":"Golden Idol","floor":12,"gold_loss":0,"cards_obtained":["Injury"]},{"damage_healed":0,"gold_gain":0,"player_choice":"Box","damage_taken":0,"relics_obtained":["Sundial"],"max_hp_gain":0,"max_hp_loss":0,"event_name":"Big Fish","floor":14,"gold_loss":0,"cards_obtained":["Regret"]},{"damage_healed":0,"gold_gain":0,"player_choice":"Got Potions","damage_taken":0,"max_hp_gain":0,"max_hp_loss":0,"event_name":"Lab","floor":20,"gold_loss":0},{"damage_healed":0,"gold_gain":0,"player_choice":"Gave Idol","damage_taken":0,"relics_obtained":["Bloody Idol"],"max_hp_gain":0,"max_hp_loss":0,"event_name":"Forgotten Altar","floor":22,"relics_lost":["Golden Idol"],"gold_loss":0},{"damage_healed":0,"gold_gain":0,"player_choice":"Became a Ghost","damage_taken":0,"max_hp_gain":0,"max_hp_loss":46,"event_name":"Ghosts","floor":28,"gold_loss":0,"cards_obtained":["Ghostly","Ghostly","Ghostly","Ghostly","Ghostly"]}],"is_beta":false,"boss_relics":[{"not_picked":["Velvet Choker","Ectoplasm"],"picked":"Sozu"}],"items_purged_floors":[],"is_endless":false,"potions_floor_spawned":[6,10,13,19,21],"killed_by":"Book of Stabbing","ascension_level":13}