{"gold_per_floor":[110,110,121,121,121,121,121,152,152,152,168,184,208,226,226,226],"floor_reached":16,"playtime":504,"items_purged":[],"score":167,"play_id":"38802075-1402-4c28-8b12-9a986eb2ac20","local_time":"20190407131752","is_ascension_mode":true,"campfire_choices":[{"floor":6,"key":"REST"},{"floor":10,"key":"REST"},{"floor":15,"key":"REST"}],"neow_cost":"CURSE","seed_source_timestamp":77353481501100,"circlet_count":0,"master_deck":["AscendersBane","Strike_R","Strike_R","Strike_R","Defend_R","Defend_R","Defend_R","Defend_R","Bash","Dual Wield","Thunderclap","Demon Form","Heavy Blade","Rampage","Cleave"],"relics":["Burning Blood","Spirit Poop","Golden Idol","Art of War","Torii"],"potions_floor_usage":[12,13,14,16],"damage_taken":[{"damage":15,"enemies":"Cultist","floor":1,"turns":5},{"damage":13,"enemies":"Small Slimes","floor":3,"turns":5},{"damage":70,"enemies":"3 Sentries","floor":8,"turns":10},{"damage":16,"enemies":"2 Louse","floor":11,"turns":3},{"damage":21,"enemies":"Large Slime","floor":12,"turns":7},{"damage":10,"enemies":"Red Slaver","floor":13,"turns":4},{"damage":16,"enemies":"Exordium Wildlife","floor":14,"turns":4},{"damage":74,"enemies":"Slime Boss","floor":16,"turns":5}],"seed_played":"4550046634033747273","potions_obtained":[{"floor":11,"key":"Regen Potion"},{"floor":12,"key":"Energy Potion"},{"floor":13,"key":"Regen Potion"},{"floor":14,"key":"Regen Potion"}],"is_trial":false,"path_per_floor":["M","?","M","?","?","R","?","E","T","R","M","M","M","M","R","B"],"character_chosen":"IRONCLAD","items_purchased":[],"campfire_rested":3,"item_purchase_floors":[],"current_hp_per_floor":[79,79,72,65,65,89,89,25,25,51,41,38,34,36,62,0],"gold":226,"neow_bonus":"TWENTY_PERCENT_HP_BONUS","is_prod":false,"is_daily":false,"chose_seed":false,"campfire_upgraded":0,"win_rate":0,"timestamp":1554635872,"path_taken":["M","?","?","?","?","R","?","E","T","R","M","?","M","M","R","BOSS"],"build_version":"2019-01-23","purchased_purges":0,"victory":false,"max_hp_per_floor":[96,96,96,96,89,89,89,89,89,89,89,89,89,89,89,89],"card_choices":[{"not_picked":["Pommel Strike","True Grit"],"picked":"Dual Wield","floor":1},{"not_picked":["Body Slam","Second Wind"],"picked":"Thunderclap","floor":3},{"not_picked":["Fire Breathing","Armaments"],"picked":"Demon Form","floor":8},{"not_picked":["Armaments","Clothesline"],"picked":"Heavy Blade","floor":11},{"not_picked":["Searing Blow","Warcry"],"picked":"Rampage","floor":12},{"not_picked":["Flex","Sever Soul"],"picked":"Cleave","floor":13},{"not_picked":["Armaments","Metallicize","Barricade"],"picked":"SKIP","floor":14}],"player_experience":1614059,"relics_obtained":[{"floor":8,"key":"Art of War"},{"floor":9,"key":"Torii"}],"event_choices":[{"cards_removed":["Shame"],"damage_healed":0,"gold_gain":0,"player_choice":"Offered Curse","damage_taken":0,"relics_obtained":["Spirit Poop"],"max_hp_gain":0,"max_hp_loss":0,"event_name":"Bonfire Elementals","floor":2,"gold_loss":0},{"cards_removed":["Strike_R"],"damage_healed":0,"gold_gain":0,"player_choice":"Card Removal","damage_taken":7,"max_hp_gain":0,"max_hp_loss":0,"event_name":"Golden Wing","floor":4,"gold_loss":0},{"damage_healed":0,"gold_gain":0,"player_choice":"Lose Max HP","damage_taken":0,"relics_obtained":["Golden Idol"],"max_hp_gain":0,"max_hp_loss":7,"event_name":"Golden Idol","floor":5,"gold_loss":0},{"cards_removed":["Strike_R"],"damage_healed":0,"gold_gain":0,"player_choice":"Purged","damage_taken":0,"max_hp_gain":0,"max_hp_loss":0,"event_name":"Purifier","floor":7,"gold_loss":0}],"is_beta":false,"boss_relics":[],"items_purged_floors":[],"is_endless":false,"potions_floor_spawned":[11,12,13,14],"killed_by":"Slime Boss","ascension_level":13}