{"gold_per_floor":[112,129,14,27,27,59,24,24,24,24,24,34,34,54,54,54],"floor_reached":16,"playtime":421,"items_purged":["Parasite"],"score":170,"play_id":"b60451f4-0729-453c-9d91-48e392cbd018","local_time":"20190417001046","is_ascension_mode":true,"campfire_choices":[{"data":"Dual Wield","floor":8,"key":"SMITH"},{"data":"Bash","floor":10,"key":"SMITH"},{"data":"Headbutt","floor":13,"key":"SMITH"},{"data":"Flame Barrier","floor":15,"key":"SMITH"}],"neow_cost":"CURSE","seed_source_timestamp":517066852542100,"circlet_count":0,"master_deck":["AscendersBane","Strike_R","Strike_R","Strike_R","Defend_R","Defend_R","Defend_R","Defend_R","Bash+1","Cleave","Headbutt+1","Seeing Red","Pommel Strike","Dual Wield+1","Evolve","Flame Barrier+1"],"relics":["Burning Blood","Nunchaku","Question Card"],"potions_floor_usage":[6,6,14],"damage_taken":[{"damage":19,"enemies":"Jaw Worm","floor":1,"turns":5},{"damage":8,"enemies":"2 Louse","floor":2,"turns":4},{"damage":0,"enemies":"Small Slimes","floor":4,"turns":3},{"damage":24,"enemies":"Gremlin Nob","floor":6,"turns":4},{"damage":2,"enemies":"2 Fungi Beasts","floor":12,"turns":3},{"damage":23,"enemies":"Gremlin Gang","floor":14,"turns":5},{"damage":57,"enemies":"The Guardian","floor":16,"turns":6}],"seed_played":"6712487316507237866","potions_obtained":[{"floor":1,"key":"Weak Potion"},{"floor":4,"key":"Energy Potion"},{"floor":6,"key":"SteroidPotion"}],"is_trial":false,"path_per_floor":["M","M","$","M","?","E","?","R","T","R","?","M","R","M","R","B"],"character_chosen":"IRONCLAD","items_purchased":["Seeing Red"],"campfire_rested":0,"item_purchase_floors":[3],"current_hp_per_floor":[69,67,67,73,66,48,69,69,69,69,69,73,73,56,56,0],"gold":54,"neow_bonus":"TWENTY_PERCENT_HP_BONUS","is_prod":false,"is_daily":false,"chose_seed":false,"campfire_upgraded":4,"win_rate":0,"timestamp":1555452646,"path_taken":["M","M","$","M","?","E","?","R","T","R","?","M","R","M","R","BOSS"],"build_version":"2019-01-23","purchased_purges":1,"victory":false,"max_hp_per_floor":[89,89,86,86,86,86,86,86,86,86,86,86,86,86,86,86],"card_choices":[{"not_picked":["True Grit","Armaments"],"picked":"Cleave","floor":1},{"not_picked":["Pummel","Shrug It Off"],"picked":"Headbutt","floor":2},{"not_picked":["Wild Strike","Sword Boomerang"],"picked":"Pommel Strike","floor":4},{"not_picked":["Uppercut","Havoc"],"picked":"Dual Wield","floor":6},{"not_picked":["Warcry","Sword Boomerang","Twin Strike"],"picked":"Evolve","floor":12},{"not_picked":["Pommel Strike","Cleave","Headbutt"],"picked":"Flame Barrier","floor":14}],"player_experience":1726427,"relics_obtained":[{"floor":6,"key":"Nunchaku"},{"floor":9,"key":"Question Card"}],"event_choices":[{"cards_removed":["Strike_R"],"damage_healed":0,"gold_gain":0,"player_choice":"Card Removal","damage_taken":7,"max_hp_gain":0,"max_hp_loss":0,"event_name":"Golden Wing","floor":5,"gold_loss":0},{"damage_healed":21,"gold_gain":0,"player_choice":"Healed","damage_taken":0,"max_hp_gain":0,"max_hp_loss":0,"event_name":"The Cleric","floor":7,"gold_loss":35},{"cards_removed":["Strike_R"],"damage_healed":0,"gold_gain":0,"player_choice":"Forget","damage_taken":0,"max_hp_gain":0,"max_hp_loss":0,"event_name":"Living Wall","floor":11,"gold_loss":0}],"is_beta":false,"boss_relics":[],"items_purged_floors":[3],"is_endless":false,"potions_floor_spawned":[1,4,6],"killed_by":"The Guardian","ascension_level":14}