{"gold_per_floor":[117,135,35,54,54,87,104,104,104,131,131,142,142,174,174,174],"floor_reached":16,"playtime":3083,"items_purged":["Defend_B"],"score":132,"play_id":"39688c13-ceff-47f2-a13b-e248bee9d914","local_time":"20181228134105","is_ascension_mode":true,"campfire_choices":[{"floor":8,"key":"REST"},{"floor":11,"key":"REST"},{"floor":15,"key":"REST"}],"neow_cost":"PERCENT_DAMAGE","seed_source_timestamp":84641578193917,"circlet_count":0,"master_deck":["Strike_B","Strike_B","Strike_B","Defend_B","Defend_B","Zap","Dualcast","Good Instincts","Mind Blast","Self Repair","Melter","Coolheaded","Tempest","Hyperbeam","Reprogram","Hologram","Rebound","All For One","Rebound"],"relics":["Cracked Core","Kunai","Du-Vu Doll","Unceasing Top","Torii"],"potions_floor_usage":[6,14,16],"damage_taken":[{"damage":9,"enemies":"Jaw Worm","floor":1,"turns":3},{"damage":6,"enemies":"Cultist","floor":2,"turns":4},{"damage":0,"enemies":"2 Louse","floor":4,"turns":1},{"damage":17,"enemies":"3 Sentries","floor":6,"turns":6},{"damage":11,"enemies":"Looter","floor":7,"turns":2},{"damage":44,"enemies":"Gremlin Nob","floor":10,"turns":5},{"damage":6,"enemies":"3 Louse","floor":12,"turns":2},{"damage":18,"enemies":"Lagavulin","floor":14,"turns":5},{"damage":41,"enemies":"Slime Boss","floor":16,"turns":8}],"seed_played":"1797902094004386032","potions_obtained":[{"floor":1,"key":"Strength Potion"},{"floor":2,"key":"Explosive Potion"},{"floor":10,"key":"SpeedPotion"},{"floor":12,"key":"Poison Potion"}],"is_trial":false,"path_per_floor":["M","M","$","M","?","E","M","R","T","E","R","M","?","E","R","B"],"character_chosen":"DEFECT","items_purchased":["Coolheaded"],"campfire_rested":3,"item_purchase_floors":[3],"current_hp_per_floor":[45,46,46,46,46,36,25,47,47,10,32,33,33,15,37,0],"gold":174,"neow_bonus":"RANDOM_COLORLESS_2","is_prod":false,"is_daily":false,"chose_seed":false,"campfire_upgraded":0,"win_rate":0,"timestamp":1546033265,"path_taken":["M","M","$","M","?","E","?","R","T","E","R","M","?","E","R","BOSS"],"build_version":"2018-12-20","purchased_purges":1,"victory":false,"max_hp_per_floor":[75,75,75,75,75,75,75,75,75,75,75,75,75,75,75,75],"card_choices":[{"not_picked":["Redo","Glacier"],"picked":"Self Repair","floor":1},{"not_picked":["Chaos","Compile Driver"],"picked":"Melter","floor":2},{"not_picked":["Scrape","Barrage"],"picked":"Tempest","floor":4},{"not_picked":["Reinforced Body","Auto Shields"],"picked":"Hyperbeam","floor":6},{"not_picked":["Static Discharge","Gash"],"picked":"Reprogram","floor":7},{"not_picked":["Consume","Turbo"],"picked":"Hologram","floor":10},{"not_picked":["Chaos","Compile Driver"],"picked":"Rebound","floor":12},{"not_picked":["Chaos","Go for the Eyes"],"picked":"Rebound","floor":14}],"player_experience":158795,"relics_obtained":[{"floor":6,"key":"Kunai"},{"floor":9,"key":"Du-Vu Doll"},{"floor":10,"key":"Unceasing Top"},{"floor":14,"key":"Torii"}],"event_choices":[{"cards_removed":["Defend_B"],"damage_healed":0,"gold_gain":0,"player_choice":"Purged","damage_taken":0,"max_hp_gain":0,"max_hp_loss":0,"event_name":"Purifier","floor":5,"gold_loss":0},{"damage_healed":0,"gold_gain":0,"cards_transformed":["Strike_B"],"player_choice":"Change","damage_taken":0,"max_hp_gain":0,"max_hp_loss":0,"event_name":"Living Wall","floor":13,"gold_loss":0,"cards_obtained":["All For One"]}],"is_beta":false,"boss_relics":[],"items_purged_floors":[3],"is_endless":false,"potions_floor_spawned":[1,2,10,12],"killed_by":"Slime Boss","ascension_level":2}