{"gold_per_floor":[110,25,25,37,37,37,72,72,117,152,152,152,186,197,197,276,276,286,297,1,51,1,1,276,304,352,72,85,118,118,137,137,211,211,230,244,292,310,194,194,225,8,8,8,22,48,48,79,79,79,79,79,79,0,28,28],"floor_reached":57,"playtime":1981,"items_purged":["Strike_B","Strike_B","Regret","Strike_B","Defend_B"],"score":3059,"play_id":"e64f2112-5fbf-42ed-8aa7-23232f9cf29c","local_time":"20190514175021","is_ascension_mode":true,"campfire_choices":[{"data":"Defragment","floor":6,"key":"SMITH"},{"data":"Zap","floor":8,"key":"SMITH"},{"data":"Coolheaded","floor":11,"key":"SMITH"},{"data":"Dualcast","floor":15,"key":"SMITH"},{"data":"Coolheaded","floor":23,"key":"SMITH"},{"data":"Meteor Strike","floor":30,"key":"SMITH"},{"data":"Tempest","floor":32,"key":"SMITH"},{"data":"Loop","floor":40,"key":"SMITH"},{"data":"Heatsinks","floor":44,"key":"SMITH"},{"floor":49,"key":"RECALL"},{"data":"Tempest","floor":53,"key":"SMITH"}],"neow_cost":"NONE","seed_source_timestamp":353523117530141,"circlet_count":0,"master_deck":["AscendersBane","Defend_B","Defend_B","Defend_B","Zap+1","Dualcast+1","Melter","Defragment+1","Coolheaded+1","Cold Snap","Glacier","Tempest+1","Meteor Strike+1","Coolheaded+1","Thunder Strike","Fusion","Recycle+1","Tempest+1","All For One","Compile Driver+1","Loop+1","Heatsinks+1"],"relics":["Cracked Core","NeowsBlessing","Strawberry","Bronze Scales","Centennial Puzzle","Anchor","Snecko Eye","Membership Card","Matryoshka","Ornamental Fan","Gremlin Horn","Bottled Tornado","Busted Crown","Pocketwatch","Singing Bowl","TheAbacus","Happy Flower","Bottled Lightning","Vajra","Ancient Tea Set","Pen Nib","Mercury Hourglass"],"potions_floor_usage":[16,25,56,56],"damage_taken":[{"damage":0,"enemies":"2 Louse","floor":1,"turns":1},{"damage":0,"enemies":"Cultist","floor":4,"turns":1},{"damage":0,"enemies":"3 Sentries","floor":7,"turns":1},{"damage":9,"enemies":"Lagavulin","floor":10,"turns":6},{"damage":43,"enemies":"Gremlin Nob","floor":13,"turns":5},{"damage":0,"enemies":"Jaw Worm","floor":14,"turns":2},{"damage":2,"enemies":"Slime Boss","floor":16,"turns":5},{"damage":0,"enemies":"Spheric Guardian","floor":18,"turns":2},{"damage":0,"enemies":"2 Thieves","floor":19,"turns":3},{"damage":16,"enemies":"Gremlin Leader","floor":25,"turns":7},{"damage":0,"enemies":"Shelled Parasite and Fungi","floor":28,"turns":2},{"damage":0,"enemies":"Book of Stabbing","floor":29,"turns":3},{"damage":0,"enemies":"Centurion and Healer","floor":31,"turns":5},{"damage":25,"enemies":"Automaton","floor":33,"turns":7},{"damage":2,"enemies":"3 Shapes","floor":35,"turns":3},{"damage":0,"enemies":"Orb Walker","floor":36,"turns":1},{"damage":0,"enemies":"2 Orb Walkers","floor":37,"turns":1},{"damage":0,"enemies":"Jaw Worm Horde","floor":38,"turns":3},{"damage":0,"enemies":"Giant Head","floor":41,"turns":5},{"damage":14,"enemies":"Spire Growth","floor":45,"turns":3},{"damage":0,"enemies":"Reptomancer","floor":46,"turns":3},{"damage":0,"enemies":"Nemesis","floor":48,"turns":3},{"damage":30,"enemies":"Donu and Deca","floor":50,"turns":4},{"damage":5,"enemies":"Time Eater","floor":51,"turns":8},{"damage":29,"enemies":"Shield and Spear","floor":55,"turns":4},{"damage":23,"enemies":"The Heart","floor":56,"turns":8}],"seed_played":"-325835679851308640","potions_obtained":[{"floor":4,"key":"GamblersBrew"},{"floor":10,"key":"PowerPotion"},{"floor":13,"key":"Fire Potion"},{"floor":25,"key":"Poison Potion"},{"floor":28,"key":"Ancient Potion"},{"floor":36,"key":"PowerPotion"}],"is_trial":false,"path_per_floor":["M","$","?","M","$","R","E","R","T","E","R","?","E","M","R","B",null,"M","M","$","?","$","R","?","E","T","$","M","E","R","M","R","B",null,"M","M","?","M","$","R","E","$","T","R","M","E","?","E","R","B","B",null,"R","$","E","B",null],"character_chosen":"DEFECT","items_purchased":["Defragment","Membership Card","Thunder Strike","Fusion","Gremlin Horn","Loop","Heatsinks","TheAbacus","Pen Nib"],"campfire_rested":0,"item_purchase_floors":[2,20,27,27,27,39,42,42,54],"current_hp_per_floor":[64,64,64,64,64,64,71,71,71,62,62,62,19,19,19,17,63,63,63,63,63,63,63,63,47,47,47,47,47,47,47,47,22,64,62,62,62,62,62,62,64,64,64,64,52,54,54,56,56,26,21,67,67,67,40,17],"gold":28,"neow_bonus":"THREE_ENEMY_KILL","is_prod":false,"is_daily":false,"chose_seed":false,"campfire_upgraded":10,"win_rate":0,"timestamp":1557827421,"path_taken":["M","$","?","?","$","R","E","R","T","E","R","?","E","M","R","BOSS","M","M","$","?","$","R","?","E","T","$","M","E","R","M","R","BOSS","M","?","?","M","$","R","E","?","T","R","M","E","?","E","R","BOSS","BOSS","R","$","E","BOSS"],"build_version":"2019-01-23","purchased_purges":5,"victory":true,"max_hp_per_floor":[71,71,71,71,71,71,78,78,78,78,78,78,78,78,78,78,78,78,78,78,78,78,78,78,78,78,78,78,78,78,78,78,78,78,78,78,78,78,78,78,80,80,80,80,82,84,80,82,82,82,82,82,82,82,84,84],"card_choices":[{"not_picked":["Compile Driver","Sweeping Beam"],"picked":"Melter","floor":1},{"not_picked":["White Noise","Reinforced Body"],"picked":"Coolheaded","floor":4},{"not_picked":["Hologram","Barrage"],"picked":"Cold Snap","floor":7},{"not_picked":["Force Field","Stack","Beam Cell"],"picked":"SKIP","floor":10},{"not_picked":["Rebound","Go for the Eyes"],"picked":"Tempest","floor":13},{"not_picked":["Redo","Melter","Steam"],"picked":"SKIP","floor":14},{"not_picked":["Hyperbeam","Machine Learning"],"picked":"Meteor Strike","floor":16},{"not_picked":["Rebound","Leap","Melter+1"],"picked":"SKIP","floor":18},{"not_picked":["Gash","Steam"],"picked":"Coolheaded","floor":19},{"not_picked":["Force Field","BootSequence","Darkness"],"picked":"SKIP","floor":25},{"not_picked":["Barrage","Compile Driver","Steam"],"picked":"SKIP","floor":28},{"not_picked":["Undo","BootSequence"],"picked":"Recycle+1","floor":29},{"not_picked":["Force Field","Ball Lightning"],"picked":"Tempest","floor":31},{"not_picked":["Rainbow","Core Surge"],"picked":"All For One","floor":33},{"not_picked":["Leap"],"picked":"SKIP","floor":35},{"not_picked":["Compile Driver+1"],"picked":"SKIP","floor":36},{"not_picked":[],"picked":"Compile Driver+1","floor":36},{"not_picked":["Ball Lightning"],"picked":"SKIP","floor":38},{"not_picked":["Cold Snap"],"picked":"Singing Bowl","floor":41},{"not_picked":["Glacier"],"picked":"Singing Bowl","floor":45},{"not_picked":["Darkness"],"picked":"Singing Bowl","floor":46},{"not_picked":["Consume"],"picked":"Singing Bowl","floor":48},{"not_picked":["Chill"],"picked":"Singing Bowl","floor":55}],"player_experience":1683943,"relics_obtained":[{"floor":7,"key":"Strawberry"},{"floor":9,"key":"Bronze Scales"},{"floor":10,"key":"Centennial Puzzle"},{"floor":13,"key":"Anchor"},{"floor":25,"key":"Matryoshka"},{"floor":26,"key":"Ornamental Fan"},{"floor":29,"key":"Bottled Tornado"},{"floor":37,"key":"Pocketwatch"},{"floor":41,"key":"Singing Bowl"},{"floor":43,"key":"Happy Flower"},{"floor":43,"key":"Bottled Lightning"},{"floor":46,"key":"Vajra"},{"floor":48,"key":"Ancient Tea Set"},{"floor":55,"key":"Mercury Hourglass"}],"event_choices":[{"damage_healed":0,"gold_gain":0,"player_choice":"Ignored","damage_taken":0,"max_hp_gain":0,"max_hp_loss":0,"event_name":"WeMeetAgain","floor":3,"gold_loss":0},{"damage_healed":0,"gold_gain":0,"cards_transformed":["Strike_B"],"player_choice":"Change","damage_taken":0,"max_hp_gain":0,"max_hp_loss":0,"event_name":"Living Wall","floor":12,"gold_loss":0,"cards_obtained":["Glacier"]},{"damage_healed":0,"gold_gain":50,"player_choice":"Stole From Cult","damage_taken":0,"max_hp_gain":0,"max_hp_loss":0,"event_name":"Nest","floor":21,"gold_loss":0},{"damage_healed":0,"gold_gain":275,"player_choice":"Desecrate","damage_taken":0,"max_hp_gain":0,"max_hp_loss":0,"event_name":"Golden Shrine","floor":24,"gold_loss":0,"cards_obtained":["Regret"]},{"damage_healed":0,"gold_gain":0,"player_choice":"Fight","damage_taken":0,"max_hp_gain":0,"max_hp_loss":0,"event_name":"Mysterious Sphere","floor":37,"gold_loss":0},{"damage_healed":0,"gold_gain":0,"player_choice":"Max HP","damage_taken":0,"max_hp_gain":0,"max_hp_loss":4,"event_name":"Winding Halls","floor":47,"gold_loss":0}],"is_beta":false,"boss_relics":[{"not_picked":["Sozu","White Beast Statue"],"picked":"Snecko Eye"},{"not_picked":["Philosopher\u0027s Stone","Fusion Hammer"],"picked":"Busted Crown"}],"items_purged_floors":[20,22,27,39,42],"is_endless":false,"potions_floor_spawned":[4,10,13,25,28,33,36,38,45,48,55],"ascension_level":20}