{"gold_per_floor":[112,112,112,112,126,159,159,170,170,170,135,160,160,174,174,174],"floor_reached":16,"playtime":718,"items_purged":[],"score":167,"play_id":"81e7e456-4edd-4c08-a886-cdb624951858","local_time":"20190408215129","is_ascension_mode":true,"campfire_choices":[{"floor":7,"key":"REST"},{"floor":10,"key":"REST"},{"data":"Double Energy","floor":15,"key":"SMITH"}],"neow_cost":"NONE","seed_source_timestamp":194356552585100,"circlet_count":0,"master_deck":["AscendersBane","Strike_B","Strike_B+1","Strike_B","Defend_B","Defend_B","Defend_B","Defend_B","Zap+1","Dualcast","Glacier","Tempest","Turbo","Turbo","Leap","Scrape+1","BootSequence","Scrape","Double Energy+1","Chill"],"relics":["Orrery","Centennial Puzzle","Letter Opener","Bottled Flame","Mummified Hand"],"potions_floor_usage":[],"damage_taken":[{"damage":7,"enemies":"Small Slimes","floor":1,"turns":5},{"damage":0,"enemies":"Jaw Worm","floor":5,"turns":4},{"damage":33,"enemies":"Gremlin Nob","floor":6,"turns":5},{"damage":0,"enemies":"2 Louse","floor":8,"turns":3},{"damage":9,"enemies":"Lagavulin","floor":12,"turns":7},{"damage":6,"enemies":"Lots of Slimes","floor":14,"turns":3},{"damage":62,"enemies":"Hexaghost","floor":16,"turns":12}],"seed_played":"1872071209947138369","potions_obtained":[{"floor":1,"key":"Ancient Potion"},{"floor":8,"key":"Ancient Potion"}],"is_trial":false,"path_per_floor":["M","?","?","?","M","E","R","M","T","R","?","E","T","M","R","B"],"character_chosen":"DEFECT","items_purchased":[],"campfire_rested":2,"item_purchase_floors":[],"current_hp_per_floor":[61,46,46,46,46,13,35,35,35,57,75,66,66,60,60,0],"gold":174,"neow_bonus":"BOSS_RELIC","is_prod":false,"is_daily":false,"chose_seed":false,"campfire_upgraded":1,"win_rate":0,"timestamp":1554753089,"path_taken":["M","?","?","?","?","E","R","M","T","R","?","E","?","M","R","BOSS"],"build_version":"2019-01-23","purchased_purges":0,"victory":false,"max_hp_per_floor":[75,75,75,75,75,75,75,75,75,75,75,75,75,75,75,75],"card_choices":[{"not_picked":["Consume","Rebound"],"picked":"Glacier","floor":0},{"not_picked":["Barrage","Streamline"],"picked":"Tempest","floor":0},{"not_picked":["Stack","Compile Driver"],"picked":"Turbo","floor":0},{"not_picked":["Genetic Algorithm","Gash"],"picked":"Turbo","floor":0},{"not_picked":["Sweeping Beam","Reboot"],"picked":"Leap","floor":0},{"not_picked":["Stack","Coolheaded"],"picked":"Scrape","floor":1},{"not_picked":["Reprogram","Cold Snap","Leap"],"picked":"SKIP","floor":5},{"not_picked":["Go for the Eyes","Hello World"],"picked":"BootSequence","floor":6},{"not_picked":["Leap","Reprogram"],"picked":"Scrape","floor":8},{"not_picked":["Melter","Hello World"],"picked":"Double Energy","floor":12},{"not_picked":["Barrage","Hello World"],"picked":"Chill","floor":14}],"player_experience":1627032,"relics_obtained":[{"floor":6,"key":"Centennial Puzzle"},{"floor":9,"key":"Letter Opener"},{"floor":12,"key":"Bottled Flame"},{"floor":13,"key":"Mummified Hand"}],"event_choices":[{"damage_healed":0,"gold_gain":0,"player_choice":"Entered Light","damage_taken":15,"max_hp_gain":0,"max_hp_loss":0,"event_name":"Shining Light","floor":2,"gold_loss":0,"cards_upgraded":["Scrape","Strike_B"]},{"cards_removed":["Strike_B"],"damage_healed":0,"gold_gain":0,"player_choice":"Forget","damage_taken":0,"max_hp_gain":0,"max_hp_loss":0,"event_name":"Living Wall","floor":3,"gold_loss":0},{"damage_healed":0,"gold_gain":0,"player_choice":"Forge","damage_taken":0,"max_hp_gain":0,"max_hp_loss":0,"event_name":"Accursed Blacksmith","floor":4,"gold_loss":0,"cards_upgraded":["Zap"]},{"damage_healed":18,"gold_gain":0,"player_choice":"Healed","damage_taken":0,"max_hp_gain":0,"max_hp_loss":0,"event_name":"The Cleric","floor":11,"gold_loss":35}],"is_beta":false,"boss_relics":[],"items_purged_floors":[],"is_endless":false,"potions_floor_spawned":[1,8],"killed_by":"Hexaghost","ascension_level":11}