{"gold_per_floor":[117,292,303,314,314,314,327,386,413,425,425,444,444,458,458,458],"floor_reached":16,"playtime":751,"items_purged":[],"score":104,"play_id":"9b43d3c6-7c7d-45d6-9e02-67c735da65ff","local_time":"20190304210257","is_ascension_mode":false,"campfire_choices":[{"data":"Accuracy","floor":6,"key":"SMITH"},{"floor":11,"key":"REST"},{"floor":13,"key":"REST"},{"data":"Infinite Blades","floor":15,"key":"SMITH"}],"neow_cost":"NONE","seed_source_timestamp":429739742264070,"circlet_count":0,"master_deck":["Defend_G","Defend_G","Defend_G","Defend_G","Defend_G","Strike_G","Strike_G","Strike_G","Strike_G","Strike_G","Survivor","Neutralize","Malaise+1","Deflect","Doubt","Infinite Blades+1","Accuracy+1","Blade Dance","Acrobatics","Dagger Throw","Noxious Fumes","Deflect"],"relics":["Ring of the Snake","Tiny Chest","Happy Flower"],"potions_floor_usage":[8,16],"damage_taken":[{"damage":5,"enemies":"Small Slimes","floor":1,"turns":6},{"damage":0,"enemies":"2 Louse","floor":3,"turns":4},{"damage":1,"enemies":"Cultist","floor":4,"turns":6},{"damage":7,"enemies":"Exordium Thugs","floor":7,"turns":7},{"damage":16,"enemies":"Lagavulin","floor":8,"turns":8},{"damage":7,"enemies":"2 Fungi Beasts","floor":10,"turns":4},{"damage":5,"enemies":"Looter","floor":12,"turns":3},{"damage":17,"enemies":"Lots of Slimes","floor":14,"turns":5},{"damage":53,"enemies":"Slime Boss","floor":16,"turns":7}],"seed_played":"-5968057661149267503","potions_obtained":[{"floor":7,"key":"LiquidBronze"},{"floor":8,"key":"SteroidPotion"},{"floor":10,"key":"Weak Potion"}],"is_trial":false,"path_per_floor":["M","?","M","M","?","R","M","E","T","M","R","M","R","M","R","B"],"character_chosen":"THE_SILENT","items_purchased":[],"campfire_rested":2,"item_purchase_floors":[],"current_hp_per_floor":[65,65,65,64,64,64,57,41,41,34,55,50,70,53,53,0],"gold":458,"neow_bonus":"ONE_RANDOM_RARE_CARD","is_prod":false,"is_daily":false,"chose_seed":false,"campfire_upgraded":2,"win_rate":0,"timestamp":1551762177,"path_taken":["M","?","M","M","?","R","M","E","T","M","R","?","R","M","R","BOSS"],"build_version":"2019-01-23","purchased_purges":0,"victory":false,"max_hp_per_floor":[70,70,70,70,70,70,70,70,70,70,70,70,70,70,70,70],"card_choices":[{"not_picked":["Blade Dance","Sucker Punch"],"picked":"Deflect","floor":1},{"not_picked":["Well Laid Plans","Quick Slash"],"picked":"Infinite Blades","floor":3},{"not_picked":["Backflip","Setup"],"picked":"Accuracy","floor":4},{"not_picked":["Flechettes","Doppelganger"],"picked":"Blade Dance","floor":7},{"not_picked":["Bane","Choke"],"picked":"Acrobatics","floor":8},{"not_picked":["Poisoned Stab","Tactician"],"picked":"Dagger Throw","floor":10},{"not_picked":["Dodge and Roll","Slice"],"picked":"Noxious Fumes","floor":12},{"not_picked":["Dagger Throw","Underhanded Strike"],"picked":"Deflect","floor":14}],"player_experience":271465,"relics_obtained":[{"floor":8,"key":"Tiny Chest"},{"floor":9,"key":"Happy Flower"}],"event_choices":[{"damage_healed":0,"gold_gain":175,"player_choice":"AGREE","damage_taken":0,"max_hp_gain":0,"max_hp_loss":0,"event_name":"Liars Game","floor":2,"gold_loss":0,"cards_obtained":["Doubt"]},{"damage_healed":0,"gold_gain":0,"player_choice":"Forge","damage_taken":0,"max_hp_gain":0,"max_hp_loss":0,"event_name":"Accursed Blacksmith","floor":5,"gold_loss":0,"cards_upgraded":["Malaise"]}],"is_beta":false,"boss_relics":[],"items_purged_floors":[],"is_endless":false,"potions_floor_spawned":[7,8,10],"killed_by":"Slime Boss","ascension_level":0}