{"gold_per_floor":[113,130,130,80,80,109,109,109,109,0,0,29,42,42,42,142,142,152,140,140,140,56,75,87,99,99,99,115,125,143,157,157,254,254,272,321,7,7,7,7,36,36,36,55,55,55,55,84,84,84],"floor_reached":50,"playtime":13649,"items_purged":[],"score":962,"play_id":"7027ee00-017c-4bee-a025-67992ddf53fa","local_time":"20190424153308","is_ascension_mode":true,"campfire_choices":[{"data":"Venomology","floor":7,"key":"SMITH"},{"floor":11,"key":"REST"},{"floor":15,"key":"REST"},{"floor":27,"key":"RECALL"},{"floor":32,"key":"REST"},{"floor":40,"key":"REST"},{"floor":45,"key":"REST"},{"floor":47,"key":"REST"},{"floor":49,"key":"REST"}],"neow_cost":"NONE","seed_source_timestamp":186783062693,"circlet_count":0,"master_deck":["AscendersBane","Defend_G","Defend_G","Defend_G+1","Defend_G","Strike_G","Strike_G","Strike_G+1","Survivor","Neutralize","Cloak And Dagger","PiercingWail","Venomology+1","Caltrops+1","Dagger Spray","Riddle With Holes","Tools of the Trade+1","Bouncing Flask","Backstab+1","Ghostly+1","Ghostly","Ghostly","Ghostly","Ghostly","Good Instincts","Bouncing Flask+1","All Out Attack","Crippling Poison+1","Escape Plan+1","Noxious Fumes+1","Infinite Blades+1","Deflect","Venomology","Endless Agony+1","Endless Agony+1","Footwork+1","Finesse","Cloak And Dagger","Concentrate+1"],"relics":["Ring of the Snake","NeowsBlessing","Dead Branch","Frozen Egg 2","Gremlin Horn","Ice Cream","Fusion Hammer","Pear","Philosopher\u0027s Stone","Torii","ClockworkSouvenir","Anchor","Art of War","Dodecahedron","Singing Bowl"],"potions_floor_usage":[12,12,16,16,16,18,24,25,28,29,30,31,33,33,33,33,33,36,44,48,50,50,50,50,50],"damage_taken":[{"damage":0,"enemies":"Small Slimes","floor":1,"turns":1},{"damage":0,"enemies":"Jaw Worm","floor":2,"turns":1},{"damage":0,"enemies":"3 Sentries","floor":6,"turns":2},{"damage":26,"enemies":"Gremlin Nob","floor":12,"turns":5},{"damage":0,"enemies":"2 Louse","floor":13,"turns":2},{"damage":28,"enemies":"Slime Boss","floor":16,"turns":9},{"damage":6,"enemies":"3 Byrds","floor":18,"turns":4},{"damage":0,"enemies":"2 Thieves","floor":19,"turns":4},{"damage":0,"enemies":"Chosen and Byrds","floor":23,"turns":6},{"damage":0,"enemies":"3 Cultists","floor":24,"turns":4},{"damage":0,"enemies":"Centurion and Healer","floor":25,"turns":7},{"damage":0,"enemies":"Snecko","floor":28,"turns":3},{"damage":0,"enemies":"Cultist and Chosen","floor":29,"turns":4},{"damage":2,"enemies":"Centurion and Healer","floor":30,"turns":6},{"damage":0,"enemies":"Snake Plant","floor":31,"turns":3},{"damage":0,"enemies":"Collector","floor":33,"turns":6},{"damage":1,"enemies":"3 Shapes","floor":35,"turns":3},{"damage":63,"enemies":"2 Orb Walkers","floor":36,"turns":4},{"damage":2,"enemies":"Nemesis","floor":41,"turns":7},{"damage":0,"enemies":"3 Darklings","floor":44,"turns":3},{"damage":0,"enemies":"Reptomancer","floor":48,"turns":5},{"damage":48,"enemies":"Donu and Deca","floor":50,"turns":8}],"seed_played":"-7633732331184860961","potions_obtained":[{"floor":6,"key":"EssenceOfSteel"},{"floor":13,"key":"Ancient Potion"},{"floor":16,"key":"PowerPotion"},{"floor":23,"key":"SkillPotion"},{"floor":28,"key":"Weak Potion"},{"floor":31,"key":"Explosive Potion"},{"floor":44,"key":"LiquidBronze"}],"is_trial":false,"path_per_floor":["M","M","?","?","?","E","R","?","T","$","R","E","M","$","R","B",null,"M","M","?","?","$","M","M","M","T","R","M","M","M","M","R","B",null,"M","?","$","?","?","R","E","T","T","M","R","$","R","E","R","B"],"character_chosen":"THE_SILENT","items_purchased":["Caltrops+1","GhostInAJar","Good Instincts","Energy Potion","Footwork+1","ClockworkSouvenir"],"campfire_rested":7,"item_purchase_floors":[10,10,22,37,37,37],"current_hp_per_floor":[63,63,56,56,49,49,49,35,35,35,56,30,30,30,51,23,58,52,52,35,35,35,35,35,35,45,45,45,45,43,43,45,45,45,44,4,4,4,4,17,15,15,15,15,28,28,41,43,47,0],"gold":84,"neow_bonus":"THREE_ENEMY_KILL","is_prod":false,"is_daily":false,"chose_seed":false,"campfire_upgraded":1,"win_rate":0,"timestamp":1556145188,"path_taken":["M","M","?","?","?","E","R","?","T","$","R","E","M","$","R","BOSS","M","M","?","?","$","M","M","M","T","R","M","M","M","?","R","BOSS","M","?","$","?","?","R","E","?","T","M","R","$","R","E","R","BOSS"],"build_version":"2019-01-23","purchased_purges":0,"victory":false,"max_hp_per_floor":[70,70,70,70,70,70,70,70,70,70,70,70,70,70,70,70,70,70,70,35,35,35,35,35,35,45,45,45,45,45,45,45,45,45,45,45,45,45,45,45,45,45,45,45,45,45,45,47,47,47],"card_choices":[{"not_picked":["Deflect","Blade Dance"],"picked":"Cloak And Dagger","floor":1},{"not_picked":["Blade Dance","Poisoned Stab"],"picked":"PiercingWail","floor":2},{"not_picked":["Flechettes","Slice"],"picked":"Venomology","floor":6},{"not_picked":["Prepared","Doppelganger"],"picked":"Dagger Spray","floor":12},{"not_picked":["Poisoned Stab","Setup"],"picked":"Riddle With Holes","floor":13},{"not_picked":["Die Die Die","Storm of Steel"],"picked":"Tools of the Trade+1","floor":16},{"not_picked":["Heel Hook","Underhanded Strike"],"picked":"Bouncing Flask","floor":18},{"not_picked":["Outmaneuver","Calculated Gamble"],"picked":"Backstab+1","floor":19},{"not_picked":["Quick Slash","Prepared+1"],"picked":"Bouncing Flask+1","floor":23},{"not_picked":["Sucker Punch","Dagger Throw"],"picked":"All Out Attack","floor":24},{"not_picked":["Underhanded Strike+1","Flying Knee"],"picked":"Crippling Poison+1","floor":25},{"not_picked":["Prepared","Dagger Throw+1"],"picked":"Escape Plan+1","floor":28},{"not_picked":["Backflip","Dagger Spray"],"picked":"Noxious Fumes+1","floor":29},{"not_picked":["Heel Hook","Blade Dance"],"picked":"Infinite Blades+1","floor":30},{"not_picked":["Dodge and Roll","Reflex"],"picked":"Deflect","floor":31},{"not_picked":["Night Terror","Grand Finale"],"picked":"Venomology","floor":33},{"not_picked":["Bane+1","Acrobatics"],"picked":"Endless Agony+1","floor":35},{"not_picked":["Blade Dance","Backflip"],"picked":"Endless Agony+1","floor":36},{"not_picked":["Deep Breath","Swift Strike"],"picked":"Finesse","floor":39},{"not_picked":["Accuracy+1","Glass Knife"],"picked":"Cloak And Dagger","floor":41},{"not_picked":["Calculated Gamble","Distraction"],"picked":"Concentrate+1","floor":44},{"not_picked":["Sucker Punch+1","Setup+1","Flying Knee"],"picked":"Singing Bowl","floor":48}],"player_experience":1452741,"relics_obtained":[{"floor":6,"key":"Frozen Egg 2"},{"floor":9,"key":"Gremlin Horn"},{"floor":12,"key":"Ice Cream"},{"floor":26,"key":"Pear"},{"floor":36,"key":"Torii"},{"floor":41,"key":"Anchor"},{"floor":42,"key":"Art of War"},{"floor":43,"key":"Dodecahedron"},{"floor":48,"key":"Singing Bowl"}],"event_choices":[{"cards_removed":["Strike_G"],"damage_healed":0,"gold_gain":0,"player_choice":"Card Removal","damage_taken":7,"max_hp_gain":0,"max_hp_loss":0,"event_name":"Golden Wing","floor":3,"gold_loss":0},{"cards_removed":["Strike_G"],"damage_healed":0,"gold_gain":0,"player_choice":"Card Removal","damage_taken":0,"max_hp_gain":0,"max_hp_loss":0,"event_name":"The Cleric","floor":4,"gold_loss":50},{"damage_healed":0,"gold_gain":0,"player_choice":"Success","damage_taken":7,"relics_obtained":["Dead Branch"],"max_hp_gain":0,"max_hp_loss":0,"event_name":"Scrap Ooze","floor":5,"gold_loss":0},{"damage_healed":0,"gold_gain":0,"player_choice":"Entered Light","damage_taken":14,"max_hp_gain":0,"max_hp_loss":0,"event_name":"Shining Light","floor":8,"gold_loss":0,"cards_upgraded":["Defend_G","Strike_G"]},{"damage_healed":0,"gold_gain":0,"player_choice":"Became a Ghost","damage_taken":0,"max_hp_gain":0,"max_hp_loss":35,"event_name":"Ghosts","floor":20,"gold_loss":0,"cards_obtained":["Ghostly","Ghostly","Ghostly","Ghostly","Ghostly"]},{"damage_healed":0,"gold_gain":0,"player_choice":"Forge","damage_taken":0,"max_hp_gain":0,"max_hp_loss":0,"event_name":"Accursed Blacksmith","floor":21,"gold_loss":0,"cards_upgraded":["Ghostly"]},{"damage_healed":0,"gold_gain":0,"player_choice":"Fight","damage_taken":0,"max_hp_gain":0,"max_hp_loss":0,"event_name":"Mysterious Sphere","floor":36,"gold_loss":0},{"cards_removed":["Defend_G"],"damage_healed":0,"gold_gain":0,"player_choice":"Removed Skill","damage_taken":0,"max_hp_gain":0,"max_hp_loss":0,"event_name":"Falling","floor":38,"gold_loss":0},{"damage_healed":0,"gold_gain":0,"player_choice":"Memory 1","damage_taken":0,"max_hp_gain":0,"max_hp_loss":0,"event_name":"SensoryStone","floor":39,"gold_loss":0}],"is_beta":false,"boss_relics":[{"not_picked":["Snecko Eye","Ring of the Serpent"],"picked":"Fusion Hammer"},{"not_picked":["Busted Crown","Empty Cage"],"picked":"Philosopher\u0027s Stone"}],"items_purged_floors":[],"is_endless":false,"potions_floor_spawned":[6,13,16,23,24,25,28,31,44],"killed_by":"Donu and Deca","ascension_level":10}