{"gold_per_floor":[113,113,128,53,72,72,25,37,37,37,15,28,28,43,43,138,138,148,134,85,97,97,97,129,129,152,152,12,23,23,23],"floor_reached":31,"playtime":1300,"items_purged":["Strike_B","Normality"],"score":294,"play_id":"d77ef3d2-3477-4a50-8657-4c8dd0904400","local_time":"20181014010003","is_ascension_mode":true,"campfire_choices":[{"data":"Loop","floor":6,"key":"SMITH"},{"floor":13,"key":"REST"},{"floor":15,"key":"REST"},{"floor":23,"key":"REST"},{"floor":25,"key":"REST"}],"neow_cost":"","seed_source_timestamp":165564581094200,"circlet_count":0,"master_deck":["Strike_B","Strike_B","Defend_B","Defend_B","Defend_B","Defend_B","Zap","Dualcast","Loop+1","Consume","Conserve Battery","Genetic Algorithm","Leap","Static Discharge","Gash","Creative AI","Conserve Battery","Conserve Battery+1","Turbo","Sunder","Sunder","Double Energy"],"relics":["Cracked Core","Strawberry","Cursed Key","Frozen Egg 2","Regal Pillow","Nilry\u0027s Codex"],"potions_floor_usage":[12,16,21,24,31],"damage_taken":[{"damage":0,"enemies":"2 Louse","floor":1,"turns":2},{"damage":0,"enemies":"Cultist","floor":3,"turns":3},{"damage":12,"enemies":"Jaw Worm","floor":5,"turns":3},{"damage":14,"enemies":"Exordium Thugs","floor":8,"turns":5},{"damage":11,"enemies":"Lots of Slimes","floor":12,"turns":5},{"damage":10,"enemies":"3 Louse","floor":14,"turns":4},{"damage":41,"enemies":"The Guardian","floor":16,"turns":9},{"damage":24,"enemies":"Shell Parasite","floor":18,"turns":6},{"damage":16,"enemies":"2 Thieves","floor":19,"turns":4},{"damage":14,"enemies":"Shelled Parasite and Fungi","floor":21,"turns":8},{"damage":42,"enemies":"Book of Stabbing","floor":24,"turns":6},{"damage":28,"enemies":"3 Cultists","floor":29,"turns":6},{"damage":33,"enemies":"Centurion and Healer","floor":31,"turns":7}],"seed_played":"3433369685228093512","potions_obtained":[{"floor":1,"key":"Block Potion"},{"floor":14,"key":"Weak Potion"},{"floor":19,"key":"EssenceOfSteel"},{"floor":21,"key":"Regen Potion"},{"floor":29,"key":"EssenceOfSteel"}],"is_trial":false,"path_per_floor":["M","?","M","$","M","R","?","M","T","?","$","M","R","M","R","B",null,"M","M","$","M","?","R","E","R","T","?","$","M","$"],"character_chosen":"DEFECT","items_purchased":["Leap","Turbo","Sunder"],"campfire_rested":4,"item_purchase_floors":[11,20,28],"current_hp_per_floor":[75,75,75,75,63,63,63,49,56,56,56,45,69,59,82,41,82,58,42,42,28,55,79,50,74,74,58,58,30,30,0],"gold":23,"neow_bonus":"","is_prod":false,"is_daily":false,"chose_seed":false,"campfire_upgraded":1,"win_rate":0,"timestamp":1539471603,"path_taken":["M","?","?","$","?","R","?","M","T","?","?","M","R","M","R","BOSS","M","M","$","M","?","R","E","R","T","?","$","M","?","M"],"build_version":"2018-10-11","purchased_purges":2,"victory":false,"max_hp_per_floor":[75,75,75,75,75,75,75,75,82,82,82,82,82,82,82,82,82,82,82,82,82,82,82,82,82,82,82,82,82,82,82],"card_choices":[{"not_picked":["Coolheaded","Compile Driver"],"picked":"Loop","floor":1},{"not_picked":["Stack","Lockon"],"picked":"Consume","floor":3},{"not_picked":["Ball Lightning","Turbo"],"picked":"Conserve Battery","floor":5},{"not_picked":["Steam","Rebound"],"picked":"Genetic Algorithm","floor":8},{"not_picked":["Barrage","Stack"],"picked":"Static Discharge","floor":12},{"not_picked":["Compile Driver","Sweeping Beam"],"picked":"Gash","floor":14},{"not_picked":["Machine Learning","Buffer"],"picked":"Creative AI","floor":16},{"not_picked":["BootSequence","Heatsinks"],"picked":"Conserve Battery","floor":18},{"not_picked":["FTL","Leap"],"picked":"Conserve Battery+1","floor":19},{"not_picked":["Hologram","Coolheaded+1","Go for the Eyes"],"picked":"SKIP","floor":21},{"not_picked":["Beam Cell","Redo"],"picked":"Sunder","floor":24},{"not_picked":["Lockon","Skim"],"picked":"Double Energy","floor":29}],"player_experience":709207,"relics_obtained":[{"floor":9,"key":"Strawberry"},{"floor":24,"key":"Frozen Egg 2"},{"floor":26,"key":"Regal Pillow"},{"floor":27,"key":"Nilry\u0027s Codex"}],"event_choices":[{"event_name":"Purifier","player_choice":"One Purge","floor":2,"damage_taken":0},{"event_name":"World of Goop","player_choice":"Left","floor":7,"damage_taken":0},{"event_name":"Scrap Ooze","player_choice":"unsuccessful","floor":10,"damage_taken":0},{"event_name":"The Library","player_choice":"Heal","floor":22,"damage_taken":0},{"event_name":"Cursed Tome","player_choice":"Obtained Book","floor":27,"damage_taken":0}],"is_beta":false,"boss_relics":[{"not_picked":["Empty Cage","Black Star"],"picked":"Cursed Key"}],"items_purged_floors":[4,28],"is_endless":false,"potions_floor_spawned":[1,14,19,21,29],"killed_by":"Centurion and Healer","ascension_level":4}