{"gold_per_floor":[114,127,127,143,143,143,174,174,174,174,193,209,56,71,71,166,166,178,178,57,57,57,57,72,72,95,112,112],"floor_reached":28,"playtime":1179,"items_purged":["Normality"],"score":243,"play_id":"a6beaa19-84a4-4d3a-9e22-9c916fc6392d","local_time":"20181126112518","is_ascension_mode":false,"campfire_choices":[{"data":"Consume","floor":6.0,"key":"SMITH"},{"floor":8.0,"key":"REST"},{"data":"Dramatic Entrance","floor":10.0,"key":"SMITH"},{"floor":15.0,"key":"REST"},{"data":"Ball Lightning","floor":23,"key":"SMITH"},{"floor":25,"key":"REST"}],"neow_cost":"NONE","seed_source_timestamp":0,"circlet_count":0,"master_deck":["Defend_B","Defend_B","Defend_B","Defend_B","Zap","Dualcast","Dramatic Entrance+1","Consume+1","Regret","Hologram","Creative AI+1","Melter","Static Discharge+1","Defragment+1","Echo Form+1","Sweeping Beam","Ball Lightning+1","Bite","Bite","Bite","Bite","Bite","Core Surge","Hologram"],"special_seed":0,"relics":["Cracked Core","Blue Candle","Frozen Egg 2","Ornamental Fan","Omamori","Calling Bell","Vajra","Mercury Hourglass","Unceasing Top","Bronze Scales"],"potions_floor_usage":[28],"damage_taken":[{"damage":0.0,"enemies":"Small Slimes","floor":1.0,"turns":2.0},{"damage":2.0,"enemies":"2 Louse","floor":2.0,"turns":2.0},{"damage":6.0,"enemies":"Cultist","floor":4.0,"turns":3.0},{"damage":32.0,"enemies":"Lagavulin","floor":7.0,"turns":5.0},{"damage":23.0,"enemies":"Large Slime","floor":11.0,"turns":5.0},{"damage":11.0,"enemies":"3 Louse","floor":12.0,"turns":2.0},{"damage":17.0,"enemies":"Exordium Wildlife","floor":14.0,"turns":3.0},{"damage":14.0,"enemies":"The Guardian","floor":16.0,"turns":7.0},{"damage":34,"enemies":"3 Byrds","floor":18,"turns":4},{"damage":38,"enemies":"Chosen","floor":24,"turns":4},{"damage":25,"enemies":"Sentry and Sphere","floor":27,"turns":3},{"damage":14,"enemies":"Snecko","floor":28,"turns":2}],"seed_played":"-8648390271231771528","potions_obtained":[{"floor":4.0,"key":"Dexterity Potion"},{"floor":12.0,"key":"FocusPotion"},{"floor":16.0,"key":"SpeedPotion"},{"floor":24,"key":"SkillPotion"}],"is_trial":false,"path_per_floor":["M","M","?","M","?","R","E","R","T","R","M","M","$","M","R","B",null,"M","?","$","?","?","R","M","R","T","M","M"],"character_chosen":"DEFECT","items_purchased":["Omamori","Ball Lightning"],"campfire_rested":3,"item_purchase_floors":[13,20],"current_hp_per_floor":[75,73,73,67,67,67,35,57,57,57,34,23,23,6,28,14,75,41,41,41,41,41,41,7,22,22,1,0],"gold":112,"neow_bonus":"RANDOM_COLORLESS","is_prod":false,"is_daily":false,"chose_seed":false,"campfire_upgraded":3,"win_rate":0,"timestamp":1543199118,"path_taken":["M","M","?","M","?","R","E","R","T","R","M","M","$","M","R","BOSS","M","?","?","?","?","R","M","R","T","M","M"],"build_version":"2018-11-15","purchased_purges":1,"victory":false,"max_hp_per_floor":[75,75,75,75,75,75,75,75,75,75,75,75,75,75,75,75,75,75,75,75,52,52,52,52,52,52,52,52],"card_choices":[{"not_picked":["Coolheaded","Recycle","Stack"],"picked":"SKIP","floor":1.0},{"not_picked":["Redo","Compile Driver"],"picked":"Consume","floor":2.0},{"not_picked":["Conserve Battery","Blizzard"],"picked":"Hologram","floor":4.0},{"not_picked":["Buffer","Auto Shields"],"picked":"Creative AI","floor":7.0},{"not_picked":["Streamline","Turbo"],"picked":"Melter","floor":11.0},{"not_picked":["Recycle","Turbo"],"picked":"Static Discharge+1","floor":12.0},{"not_picked":["Steam","Coolheaded"],"picked":"Defragment+1","floor":14.0},{"not_picked":["Biased Cognition+1","Hyperbeam"],"picked":"Echo Form+1","floor":16.0},{"not_picked":["Beam Cell","Rebound","Compile Driver"],"picked":"SKIP","floor":18},{"not_picked":["Coolheaded","Aggregate"],"picked":"Core Surge","floor":24},{"not_picked":["Rebound+1","Coolheaded"],"picked":"Hologram","floor":27}],"player_experience":98586,"relics_obtained":[{"floor":7.0,"key":"Frozen Egg 2"},{"floor":9.0,"key":"Ornamental Fan"},{"floor":17,"key":"Vajra"},{"floor":17,"key":"Mercury Hourglass"},{"floor":17,"key":"Unceasing Top"},{"floor":26,"key":"Bronze Scales"}],"event_choices":[{"damage_healed":0.0,"max_hp_gain":0.0,"max_hp_loss":0.0,"gold_gain":0.0,"event_name":"Big Fish","player_choice":"Box","floor":3.0,"gold_loss":0.0,"damage_taken":0.0,"relics_obtained":["Blue Candle"],"cards_obtained":["Regret"]},{"damage_healed":0.0,"max_hp_gain":0.0,"max_hp_loss":0.0,"gold_gain":0.0,"event_name":"Golden Idol","player_choice":"Ignored","floor":5.0,"gold_loss":0.0,"damage_taken":0.0},{"damage_healed":0,"gold_gain":0,"cards_transformed":["Strike_B"],"player_choice":"Transformed","damage_taken":0,"max_hp_gain":0,"max_hp_loss":0,"event_name":"Transmorgrifier","floor":19,"gold_loss":0,"cards_obtained":["Sweeping Beam"]},{"damage_healed":0,"gold_gain":0,"player_choice":"Became a vampire","damage_taken":0,"max_hp_gain":0,"max_hp_loss":23,"event_name":"Vampires","floor":21,"gold_loss":0,"cards_obtained":["Bite","Bite","Bite","Bite","Bite"]},{"damage_healed":0,"gold_gain":0,"player_choice":"Ignored","damage_taken":0,"max_hp_gain":0,"max_hp_loss":0,"event_name":"Beggar","floor":22,"gold_loss":0}],"is_beta":false,"boss_relics":[{"not_picked":["Orrery","Busted Crown"],"picked":"Calling Bell"}],"items_purged_floors":[20],"is_endless":false,"potions_floor_spawned":[4,12,16,24],"killed_by":"Snecko","ascension_level":0}