{"gold_per_floor":[117,23,0,0,0,64,64,77,156,431,445,465,489,508,508,508],"floor_reached":16,"playtime":383,"items_purged":[],"score":125,"play_id":"83a16327-02b7-4e18-a201-c42e3fc323c7","local_time":"20181027223845","is_ascension_mode":true,"campfire_choices":[{"floor":7,"key":"REST"},{"floor":15,"key":"REST"}],"neow_cost":"NONE","seed_source_timestamp":265498032677299,"circlet_count":0,"master_deck":["Strike_B","Strike_B","Strike_B","Defend_B","Defend_B","Defend_B","Defend_B","Zap","Dualcast","Aggregate","Panacea","Sunder","Capacitor","Regret","Recycle","Conserve Battery","White Noise"],"relics":["Cracked Core","Bronze Scales","Tiny Chest","Letter Opener","Pen Nib"],"potions_floor_usage":[16],"damage_taken":[{"damage":1,"enemies":"Cultist","floor":1,"turns":3},{"damage":72,"enemies":"Gremlin Nob","floor":6,"turns":6},{"damage":0,"enemies":"2 Louse","floor":8,"turns":2},{"damage":9,"enemies":"Jaw Worm","floor":11,"turns":2},{"damage":7,"enemies":"2 Fungi Beasts","floor":12,"turns":3},{"damage":0,"enemies":"3 Louse","floor":14,"turns":2},{"damage":34,"enemies":"The Guardian","floor":16,"turns":7}],"seed_played":"6618300400840839711","potions_obtained":[{"floor":12,"key":"FocusPotion"},{"floor":14,"key":"Ancient Potion"}],"is_trial":false,"path_per_floor":["M","$","?","?","$","E","R","M","T","?","M","M","T","M","R"],"character_chosen":"DEFECT","items_purchased":["Panacea"],"campfire_rested":2,"item_purchase_floors":[2],"current_hp_per_floor":[74,74,74,74,74,2,24,24,24,24,15,8,8,8,30,0],"gold":508,"neow_bonus":"RANDOM_COMMON_RELIC","is_prod":false,"is_daily":false,"chose_seed":false,"campfire_upgraded":0,"win_rate":0,"timestamp":1540672725,"path_taken":["M","?","?","?","$","E","R","?","T","?","M","M","?","M","R","BOSS"],"build_version":"2018-10-25v2","purchased_purges":0,"victory":false,"max_hp_per_floor":[75,75,75,75,75,75,75,75,75,75,75,75,75,75,75,75],"card_choices":[{"not_picked":["Barrage","Compile Driver"],"picked":"Aggregate","floor":1},{"not_picked":["Aggregate","Leap"],"picked":"Sunder","floor":6},{"not_picked":["Force Field","Scrape"],"picked":"Capacitor","floor":8},{"not_picked":["Redo","Coolheaded"],"picked":"Recycle","floor":11},{"not_picked":["Tempest","Rip and Tear"],"picked":"Conserve Battery","floor":12},{"not_picked":["Stack","Doom and Gloom"],"picked":"White Noise","floor":14}],"player_experience":789915,"relics_obtained":[{"floor":6,"key":"Tiny Chest"},{"floor":9,"key":"Letter Opener"},{"floor":13,"key":"Pen Nib"}],"event_choices":[{"damage_healed":0,"gold_gain":0,"player_choice":"Left Gold","damage_taken":0,"max_hp_gain":0,"max_hp_loss":0,"event_name":"World of Goop","floor":3,"gold_loss":23},{"cards_removed":["Strike_B"],"damage_healed":0,"gold_gain":0,"player_choice":"Forget","damage_taken":0,"max_hp_gain":0,"max_hp_loss":0,"event_name":"Living Wall","floor":4,"gold_loss":0},{"damage_healed":0,"gold_gain":275,"player_choice":"Desecrate","damage_taken":0,"max_hp_gain":0,"max_hp_loss":0,"event_name":"Golden Shrine","floor":10,"gold_loss":0,"cards_obtained":["Regret"]}],"is_beta":false,"boss_relics":[],"items_purged_floors":[],"is_endless":false,"potions_floor_spawned":[12,14],"killed_by":"The Guardian","ascension_level":5}