{"gold_per_floor":[109,71,86,86,98,124,124,124,124,138,163,163,163,176,176,279,279,295,309,322,322,2,2],"floor_reached":23,"playtime":2067,"items_purged":["Strike_B"],"score":276,"play_id":"e9e63bca-93ce-46f0-ae5c-f973842774c1","local_time":"20190511000431","is_ascension_mode":true,"campfire_choices":[{"data":"Defragment","floor":7,"key":"SMITH"},{"data":"Buffer","floor":13,"key":"SMITH"},{"data":"Sunder","floor":15,"key":"SMITH"}],"neow_cost":"NONE","seed_source_timestamp":1918564750739295,"circlet_count":0,"master_deck":["Defend_B","Defend_B","Defend_B","Defend_B","Zap","Dualcast","Streamline","Sunder+1","Coolheaded","Loop","Defragment+1","Blizzard","FTL","Buffer+1","BootSequence","Electrodynamics","Gash","Barrage"],"relics":["Cracked Core","Bag of Preparation","Gambling Chip","Shuriken","Bottled Flame","Inserter","Runic Capacitor"],"potions_floor_usage":[23,23],"damage_taken":[{"damage":0,"enemies":"2 Louse","floor":1,"turns":2},{"damage":0,"enemies":"Cultist","floor":3,"turns":2},{"damage":0,"enemies":"Small Slimes","floor":5,"turns":3},{"damage":15,"enemies":"3 Sentries","floor":6,"turns":10},{"damage":3,"enemies":"Exordium Wildlife","floor":10,"turns":5},{"damage":9,"enemies":"Lagavulin","floor":11,"turns":6},{"damage":0,"enemies":"Large Slime","floor":14,"turns":8},{"damage":0,"enemies":"Slime Boss","floor":16,"turns":8},{"damage":2,"enemies":"3 Byrds","floor":18,"turns":2},{"damage":16,"enemies":"Shell Parasite","floor":19,"turns":6},{"damage":7,"enemies":"Centurion and Healer","floor":20,"turns":6},{"damage":42,"enemies":"Slavers","floor":23,"turns":4}],"seed_played":"4358647918903018961","potions_obtained":[{"floor":1,"key":"Swift Potion"},{"floor":5,"key":"EssenceOfSteel"},{"floor":6,"key":"Strength Potion"},{"floor":14,"key":"Weak Potion"},{"floor":18,"key":"PowerPotion"}],"is_trial":false,"path_per_floor":["M","$","M","?","M","E","R","?","T","M","E","?","R","M","R","B",null,"M","M","M","?","$","E"],"character_chosen":"DEFECT","items_purchased":["Sunder","Runic Capacitor","Barrage"],"campfire_rested":0,"item_purchase_floors":[2,22,22],"current_hp_per_floor":[75,75,75,75,75,60,60,60,60,57,48,41,41,41,41,41,75,73,57,50,36,36,0],"gold":2,"neow_bonus":"RANDOM_COMMON_RELIC","is_prod":false,"is_daily":false,"chose_seed":false,"campfire_upgraded":3,"win_rate":0,"timestamp":1557551071,"path_taken":["M","$","M","?","M","E","R","?","T","?","E","?","R","M","R","BOSS","M","M","M","?","$","E"],"build_version":"2019-01-23","purchased_purges":1,"victory":false,"max_hp_per_floor":[75,75,75,75,75,75,75,75,75,75,75,75,75,75,75,75,75,75,75,75,80,80,80],"card_choices":[{"not_picked":["Steam Power","Beam Cell"],"picked":"Streamline","floor":1},{"not_picked":["Stack","Rebound"],"picked":"Coolheaded","floor":3},{"not_picked":["Consume","Coolheaded"],"picked":"Loop","floor":5},{"not_picked":["Redo","Stack"],"picked":"Defragment","floor":6},{"not_picked":["Rebound","Go for the Eyes"],"picked":"FTL","floor":10},{"not_picked":["Cold Snap","Rebound"],"picked":"Buffer","floor":11},{"not_picked":["Recycle","Ball Lightning"],"picked":"BootSequence","floor":14},{"not_picked":["Machine Learning","Reboot"],"picked":"Electrodynamics","floor":16},{"not_picked":["Streamline","Rebound"],"picked":"Gash","floor":18},{"not_picked":["Rebound+1","Go for the Eyes","Aggregate"],"picked":"SKIP","floor":19},{"not_picked":["Streamline","Capacitor","Tempest"],"picked":"SKIP","floor":20}],"player_experience":280205,"relics_obtained":[{"floor":6,"key":"Gambling Chip"},{"floor":9,"key":"Shuriken"},{"floor":11,"key":"Bottled Flame"}],"event_choices":[{"cards_removed":["Strike_B"],"damage_healed":0,"gold_gain":0,"player_choice":"Forget","damage_taken":0,"max_hp_gain":0,"max_hp_loss":0,"event_name":"Living Wall","floor":4,"gold_loss":0},{"damage_healed":0,"gold_gain":0,"cards_transformed":["Strike_B"],"player_choice":"Transformed","damage_taken":0,"max_hp_gain":0,"max_hp_loss":0,"event_name":"Transmorgrifier","floor":8,"gold_loss":0,"cards_obtained":["Blizzard"]},{"cards_removed":["Strike_B"],"damage_healed":0,"gold_gain":0,"player_choice":"Card Removal","damage_taken":7,"max_hp_gain":0,"max_hp_loss":0,"event_name":"Golden Wing","floor":12,"gold_loss":0},{"damage_healed":0,"gold_gain":0,"player_choice":"Shed Blood","damage_taken":19,"max_hp_gain":5,"max_hp_loss":0,"event_name":"Forgotten Altar","floor":21,"gold_loss":0}],"is_beta":false,"boss_relics":[{"not_picked":["Sozu","Busted Crown"],"picked":"Inserter"}],"items_purged_floors":[22],"is_endless":false,"potions_floor_spawned":[1,5,6,14,16,18],"killed_by":"Slavers","ascension_level":2}