{"gold_per_floor":[111,42,59,59,59,92,92,112,138,138,148,148,162,172,172,172],"floor_reached":16,"playtime":377,"items_purged":[],"score":210,"play_id":"cb052256-ee30-44cb-a499-8f71c2082267","local_time":"20190408190403","is_ascension_mode":true,"campfire_choices":[{"data":"Uppercut","floor":7,"key":"SMITH"},{"data":"Flame Barrier","floor":10,"key":"SMITH"},{"data":"Whirlwind","floor":15,"key":"SMITH"}],"neow_cost":"NONE","seed_source_timestamp":184651430497300,"circlet_count":0,"master_deck":["AscendersBane","Strike_R","Strike_R","Strike_R","Strike_R","Strike_R","Defend_R","Defend_R","Defend_R","Bash","Uppercut+1","Inflame","Perfected Strike","Flame Barrier+1","Whirlwind+1","Regret","Impervious","Fire Breathing"],"relics":["Burning Blood","NeowsBlessing","Dream Catcher","Strawberry","Bronze Scales"],"potions_floor_usage":[6,14,16],"damage_taken":[{"damage":0,"enemies":"Cultist","floor":1,"turns":1},{"damage":0,"enemies":"Small Slimes","floor":3,"turns":1},{"damage":0,"enemies":"Gremlin Nob","floor":6,"turns":1},{"damage":0,"enemies":"Jaw Worm","floor":8,"turns":3},{"damage":6,"enemies":"Blue Slaver","floor":11,"turns":4},{"damage":18,"enemies":"Red Slaver","floor":13,"turns":4},{"damage":0,"enemies":"Lots of Slimes","floor":14,"turns":1},{"damage":81,"enemies":"Slime Boss","floor":16,"turns":9}],"seed_played":"6063558533707653818","potions_obtained":[{"floor":1,"key":"Energy Potion"},{"floor":8,"key":"SteroidPotion"},{"floor":13,"key":"GamblersBrew"},{"floor":14,"key":"Energy Potion"}],"is_trial":false,"path_per_floor":["M","$","M","$","?","E","R","M","T","R","M","?","M","M","R","B"],"character_chosen":"IRONCLAD","items_purchased":["Inflame"],"campfire_rested":0,"item_purchase_floors":[2],"current_hp_per_floor":[78,78,80,80,80,80,80,80,87,87,87,87,75,81,81,0],"gold":172,"neow_bonus":"THREE_ENEMY_KILL","is_prod":false,"is_daily":false,"chose_seed":false,"campfire_upgraded":3,"win_rate":0,"timestamp":1554743043,"path_taken":["M","?","?","?","?","E","R","M","T","R","?","?","M","M","R","BOSS"],"build_version":"2019-01-23","purchased_purges":0,"victory":false,"max_hp_per_floor":[80,80,80,80,80,80,80,80,87,87,87,87,87,87,87,87],"card_choices":[{"not_picked":["Shrug It Off","Intimidate"],"picked":"Uppercut","floor":1},{"not_picked":["Battle Trance","Flex"],"picked":"Perfected Strike","floor":3},{"not_picked":["Warcry","Shrug It Off"],"picked":"Flame Barrier","floor":6},{"not_picked":["Clothesline","Shockwave","Reckless Charge"],"picked":"SKIP","floor":8},{"not_picked":["Pummel","Clash"],"picked":"Whirlwind","floor":11},{"not_picked":["Sword Boomerang","Clash"],"picked":"Impervious","floor":13},{"not_picked":["True Grit","Evolve"],"picked":"Fire Breathing","floor":14}],"player_experience":1625083,"relics_obtained":[{"floor":6,"key":"Dream Catcher"},{"floor":9,"key":"Strawberry"}],"event_choices":[{"cards_removed":["Defend_R"],"damage_healed":0,"gold_gain":0,"player_choice":"Offered Basic","damage_taken":0,"max_hp_gain":0,"max_hp_loss":0,"event_name":"Bonfire Elementals","floor":5,"gold_loss":0},{"damage_healed":0,"gold_gain":0,"player_choice":"Box","damage_taken":0,"relics_obtained":["Bronze Scales"],"max_hp_gain":0,"max_hp_loss":0,"event_name":"Big Fish","floor":12,"gold_loss":0,"cards_obtained":["Regret"]}],"is_beta":false,"boss_relics":[],"items_purged_floors":[],"is_endless":false,"potions_floor_spawned":[1,8,13,14],"killed_by":"Slime Boss","ascension_level":13}