{"gold_per_floor":[11,24,24,38,213,213,223,223,223,246,262,277,17,51,51,150,150,165,184,184,184,184,216,216,243,243,260,260,271,271,283,283,283],"floor_reached":33,"playtime":1274,"items_purged":["Doubt"],"score":456,"play_id":"9e5f7a20-728c-40f9-acc4-c0c3856a2120","local_time":"20190113161845","is_ascension_mode":true,"campfire_choices":[{"data":"Whirlwind","floor":6,"key":"SMITH"},{"floor":8,"key":"REST"},{"data":"Spot Weakness","floor":15,"key":"SMITH"},{"floor":24,"key":"REST"},{"floor":28,"key":"REST"},{"data":"True Grit","floor":32,"key":"SMITH"}],"neow_cost":"NO_GOLD","seed_source_timestamp":307758541657100,"circlet_count":0,"master_deck":["AscendersBane","Strike_R","Strike_R","Strike_R","Strike_R","Strike_R","Defend_R","Defend_R","Defend_R","Defend_R","Bash","Swift Strike","Blind+1","Whirlwind+1","Headbutt","Clash","True Grit+1","Spot Weakness+1","Pommel Strike","Immolate","Clash","Double Tap","Disarm","Clash+1","Disarm+1","Clash+1"],"relics":["Black Blood","The Courier","Happy Flower","Paper Frog","Bottled Lightning","Enchiridion","MutagenicStrength","Bag of Marbles","Oddly Smooth Stone","Vajra","Toxic Egg 2","Juzu Bracelet"],"potions_floor_usage":[14,16,19,33,33],"damage_taken":[{"damage":14,"enemies":"2 Louse","floor":1,"turns":3},{"damage":6,"enemies":"Cultist","floor":2,"turns":4},{"damage":4,"enemies":"Jaw Worm","floor":4,"turns":2},{"damage":13,"enemies":"Blue Slaver","floor":7,"turns":3},{"damage":0,"enemies":"Lots of Slimes","floor":11,"turns":1},{"damage":11,"enemies":"Looter","floor":12,"turns":3},{"damage":29,"enemies":"Gremlin Nob","floor":14,"turns":4},{"damage":31,"enemies":"Slime Boss","floor":16,"turns":11},{"damage":14,"enemies":"Chosen","floor":18,"turns":4},{"damage":7,"enemies":"2 Thieves","floor":19,"turns":2},{"damage":5,"enemies":"Slavers","floor":23,"turns":2},{"damage":57,"enemies":"Gremlin Leader","floor":25,"turns":5},{"damage":0,"enemies":"Snake Plant","floor":27,"turns":1},{"damage":16,"enemies":"Snecko","floor":29,"turns":5},{"damage":0,"enemies":"Centurion and Healer","floor":31,"turns":1},{"damage":77,"enemies":"Collector","floor":33,"turns":6}],"seed_played":"-6498664822183784069","potions_obtained":[{"floor":1,"key":"Explosive Potion"},{"floor":4,"key":"AttackPotion"},{"floor":18,"key":"SteroidPotion"},{"floor":27,"key":"LiquidBronze"},{"floor":31,"key":"Poison Potion"}],"is_trial":false,"path_per_floor":["M","M","?","M","?","R","M","R","T","T","M","M","$","E","R","B",null,"M","M","?","?","T","E","R","E","T","M","R","M","?","M","R","B"],"character_chosen":"IRONCLAD","items_purchased":["Paper Frog"],"campfire_rested":3,"item_purchase_floors":[13],"current_hp_per_floor":[64,64,64,66,66,66,59,80,80,80,80,75,75,52,52,27,67,63,66,50,50,50,55,79,32,32,42,66,60,60,70,70,0],"gold":283,"neow_bonus":"RANDOM_COLORLESS_2","is_prod":false,"is_daily":false,"chose_seed":false,"campfire_upgraded":3,"win_rate":0,"timestamp":1547392725,"path_taken":["M","M","?","?","?","R","M","R","T","?","M","?","$","E","R","BOSS","M","M","?","?","?","E","R","E","T","?","R","M","?","M","R","BOSS"],"build_version":"2019-01-10","purchased_purges":1,"victory":false,"max_hp_per_floor":[80,80,80,80,80,80,80,80,80,80,80,80,80,80,80,80,80,80,80,80,80,80,80,80,80,80,80,80,80,80,80,80,80],"card_choices":[{"not_picked":["Power Through","Pummel"],"picked":"Whirlwind","floor":1},{"not_picked":["Twin Strike","Clothesline"],"picked":"Headbutt","floor":2},{"not_picked":["Havoc","Feel No Pain"],"picked":"Clash","floor":4},{"not_picked":["Combust","Sword Boomerang","Flex"],"picked":"SKIP","floor":7},{"not_picked":["Dropkick","Cleave"],"picked":"True Grit","floor":11},{"not_picked":["Twin Strike","Fire Breathing"],"picked":"Spot Weakness","floor":12},{"not_picked":["Havoc","Flex"],"picked":"Pommel Strike","floor":14},{"not_picked":["Feed","Barricade"],"picked":"Immolate","floor":16},{"not_picked":["Perfected Strike","Iron Wave"],"picked":"Clash","floor":18},{"not_picked":["Twin Strike+1","Power Through"],"picked":"Double Tap","floor":19},{"not_picked":["Thunderclap","Bloodletting+1"],"picked":"Disarm","floor":23},{"not_picked":["Combust+1","Iron Wave","Fiend Fire"],"picked":"SKIP","floor":25},{"not_picked":["Rampage+1","Body Slam+1"],"picked":"Clash+1","floor":27},{"not_picked":["Seeing Red+1","Pummel"],"picked":"Disarm+1","floor":29},{"not_picked":["Fire Breathing+1","Pommel Strike"],"picked":"Clash+1","floor":31}],"player_experience":1108764,"relics_obtained":[{"floor":9,"key":"The Courier"},{"floor":10,"key":"Happy Flower"},{"floor":14,"key":"Bottled Lightning"},{"floor":20,"key":"Enchiridion"},{"floor":22,"key":"Bag of Marbles"},{"floor":23,"key":"Oddly Smooth Stone"},{"floor":25,"key":"Vajra"},{"floor":26,"key":"Toxic Egg 2"}],"event_choices":[{"damage_healed":0,"gold_gain":0,"player_choice":"Upgraded","damage_taken":0,"max_hp_gain":0,"max_hp_loss":0,"event_name":"Upgrade Shrine","floor":3,"gold_loss":0,"cards_upgraded":["Blind"]},{"damage_healed":0,"gold_gain":175,"player_choice":"AGREE","damage_taken":0,"max_hp_gain":0,"max_hp_loss":0,"event_name":"Liars Game","floor":5,"gold_loss":0,"cards_obtained":["Doubt"]},{"damage_healed":0,"gold_gain":0,"player_choice":"Obtained Book","damage_taken":16,"max_hp_gain":0,"max_hp_loss":0,"event_name":"Cursed Tome","floor":20,"gold_loss":0},{"damage_healed":0,"gold_gain":0,"player_choice":"Inject Mutagens","damage_taken":0,"relics_obtained":["MutagenicStrength"],"max_hp_gain":0,"max_hp_loss":0,"event_name":"Drug Dealer","floor":21,"gold_loss":0},{"damage_healed":0,"gold_gain":0,"player_choice":"Opened","damage_taken":0,"relics_obtained":["Juzu Bracelet"],"max_hp_gain":0,"max_hp_loss":0,"event_name":"The Mausoleum","floor":30,"gold_loss":0}],"is_beta":false,"boss_relics":[{"not_picked":["Lizard Tail","Snecko Eye"],"picked":"Black Blood"}],"items_purged_floors":[13],"is_endless":false,"potions_floor_spawned":[1,4,18,27,31],"killed_by":"Collector","ascension_level":10}