{"gold_per_floor":[117,20,34,50,50,386,386,405,405,444,444,468,468,468],"floor_reached":14,"playtime":428,"items_purged":[],"score":150,"play_id":"2514cd19-aca3-47e9-816d-17cb3e9e8dbe","local_time":"20190128182938","is_ascension_mode":true,"campfire_choices":[{"floor":7,"key":"REST"},{"floor":11,"key":"REST"}],"neow_cost":"NONE","seed_source_timestamp":434974816104400,"circlet_count":0,"master_deck":["AscendersBane","Strike_R","Strike_R","Strike_R","Strike_R","Strike_R","Defend_R","Defend_R","Defend_R","Defend_R","Bash","Seeing Red","Dramatic Entrance","Body Slam","Double Tap","Injury","Whirlwind","Thunderclap","Double Tap","Flex"],"relics":["Burning Blood","NeowsBlessing","Golden Idol","Old Coin","Pantograph","Blue Candle"],"potions_floor_usage":[6,6,10],"damage_taken":[{"damage":0,"enemies":"Cultist","floor":1,"turns":1},{"damage":0,"enemies":"2 Louse","floor":3,"turns":1},{"damage":0,"enemies":"Jaw Worm","floor":4,"turns":1},{"damage":56,"enemies":"Lagavulin","floor":6,"turns":10},{"damage":13,"enemies":"3 Louse","floor":8,"turns":2},{"damage":40,"enemies":"3 Sentries","floor":10,"turns":6},{"damage":29,"enemies":"Large Slime","floor":12,"turns":6},{"damage":15,"enemies":"2 Fungi Beasts","floor":14,"turns":2}],"seed_played":"195041018579547878","potions_obtained":[{"floor":1,"key":"SteroidPotion"},{"floor":3,"key":"Dexterity Potion"},{"floor":8,"key":"Poison Potion"}],"is_trial":false,"path_per_floor":["M","$","M","M","?","E","R","M","T","E","R","M","?","M"],"character_chosen":"IRONCLAD","items_purchased":["Dramatic Entrance"],"campfire_rested":2,"item_purchase_floors":[2],"current_hp_per_floor":[78,78,80,80,80,30,54,47,47,13,37,14,14,0],"gold":468,"neow_bonus":"THREE_ENEMY_KILL","is_prod":false,"is_daily":false,"chose_seed":false,"campfire_upgraded":0,"win_rate":0,"timestamp":1548696578,"path_taken":["M","$","M","?","?","E","R","M","T","E","R","M","?","M"],"build_version":"2019-01-23","purchased_purges":0,"victory":false,"max_hp_per_floor":[80,80,80,80,80,80,80,80,80,80,80,80,80,80],"card_choices":[{"not_picked":["Feel No Pain","Warcry"],"picked":"Seeing Red","floor":1},{"not_picked":["Heavy Blade","Clash"],"picked":"Body Slam","floor":3},{"not_picked":["Thunderclap","Power Through"],"picked":"Double Tap","floor":4},{"not_picked":["Uppercut","Perfected Strike"],"picked":"Whirlwind","floor":6},{"not_picked":["Iron Wave","Heavy Blade"],"picked":"Thunderclap","floor":8},{"not_picked":["Armaments","Body Slam"],"picked":"Double Tap","floor":10},{"not_picked":["Combust","Heavy Blade"],"picked":"Flex","floor":12}],"player_experience":1380196,"relics_obtained":[{"floor":6,"key":"Old Coin"},{"floor":9,"key":"Pantograph"},{"floor":10,"key":"Blue Candle"}],"event_choices":[{"damage_healed":0,"gold_gain":0,"player_choice":"Take Wound","damage_taken":0,"relics_obtained":["Golden Idol"],"max_hp_gain":0,"max_hp_loss":0,"event_name":"Golden Idol","floor":5,"gold_loss":0,"cards_obtained":["Injury"]},{"damage_healed":0,"gold_gain":0,"player_choice":"Searched \u00270\u0027 times","damage_taken":0,"max_hp_gain":0,"max_hp_loss":0,"event_name":"Dead Adventurer","floor":13,"gold_loss":0}],"is_beta":false,"boss_relics":[],"items_purged_floors":[],"is_endless":false,"potions_floor_spawned":[1,3,8],"killed_by":"2 Fungi Beasts","ascension_level":10}