{"gold_per_floor":[116,127,141,157,167,197,197,223,300,4,21,21,31,61,61,158,158,168,25,38,56,71,71],"floor_reached":23,"playtime":2593,"items_purged":[],"score":228,"play_id":"13b40028-e152-44eb-a937-260f5fa3fc39","local_time":"20190510213608","is_ascension_mode":true,"campfire_choices":[{"data":"Zap","floor":7,"key":"SMITH"},{"floor":15,"key":"REST"}],"neow_cost":"NONE","seed_source_timestamp":1909136458028206,"circlet_count":0,"master_deck":["Strike_B","Strike_B","Strike_B","Defend_B","Defend_B","Defend_B","Defend_B","Zap+1","Dualcast","Darkness","Gash","Cold Snap","White Noise","Gash","Self Repair","Echo Form","Darkness+1","Cold Snap","Conserve Battery","Redo+1"],"relics":["Cracked Core","Lantern","Symbiotic Virus","Emotion Chip","Pear","Oddly Smooth Stone","Bag of Preparation","Girya","Inserter","DataDisk"],"potions_floor_usage":[6,8,23],"damage_taken":[{"damage":3,"enemies":"Jaw Worm","floor":1,"turns":3},{"damage":0,"enemies":"Small Slimes","floor":2,"turns":2},{"damage":1,"enemies":"Cultist","floor":3,"turns":3},{"damage":8,"enemies":"Looter","floor":4,"turns":2},{"damage":2,"enemies":"3 Louse","floor":5,"turns":4},{"damage":8,"enemies":"Lagavulin","floor":6,"turns":6},{"damage":12,"enemies":"Gremlin Nob","floor":8,"turns":3},{"damage":13,"enemies":"2 Fungi Beasts","floor":11,"turns":3},{"damage":0,"enemies":"Looter","floor":13,"turns":2},{"damage":14,"enemies":"3 Sentries","floor":14,"turns":5},{"damage":31,"enemies":"Hexaghost","floor":16,"turns":8},{"damage":15,"enemies":"3 Byrds","floor":18,"turns":4},{"damage":1,"enemies":"Chosen","floor":20,"turns":3},{"damage":21,"enemies":"3 Cultists","floor":21,"turns":5},{"damage":9,"enemies":"Shelled Parasite and Fungi","floor":22,"turns":6},{"damage":60,"enemies":"Gremlin Leader","floor":23,"turns":7}],"seed_played":"4911565381203430052","potions_obtained":[{"floor":1,"key":"Weak Potion"},{"floor":2,"key":"Fire Potion"},{"floor":5,"key":"Block Potion"},{"floor":8,"key":"SteroidPotion"},{"floor":11,"key":"Poison Potion"},{"floor":16,"key":"GamblersBrew"},{"floor":18,"key":"Swift Potion"},{"floor":20,"key":"FocusPotion"}],"is_trial":false,"path_per_floor":["M","M","M","M","M","E","R","E","T","$","M","?","M","E","R","B",null,"M","$","M","M","M","E"],"character_chosen":"DEFECT","items_purchased":["Oddly Smooth Stone","Bag of Preparation","DataDisk"],"campfire_rested":1,"item_purchase_floors":[10,10,19],"current_hp_per_floor":[72,72,71,63,61,53,53,41,51,51,38,31,31,17,42,18,85,70,70,76,62,60,0],"gold":71,"neow_bonus":"RANDOM_COMMON_RELIC","is_prod":false,"is_daily":false,"chose_seed":false,"campfire_upgraded":1,"win_rate":0,"timestamp":1557542168,"path_taken":["M","M","M","M","M","E","R","E","T","$","M","?","M","E","R","BOSS","M","$","M","M","M","E"],"build_version":"2019-01-23","purchased_purges":0,"victory":false,"max_hp_per_floor":[75,75,75,75,75,75,75,75,85,85,85,85,85,85,85,85,85,85,85,85,85,85,85],"card_choices":[{"not_picked":["Lockon","Rebound"],"picked":"Darkness","floor":1},{"not_picked":["Redo","Doom and Gloom"],"picked":"Gash","floor":2},{"not_picked":["Coolheaded","Stack"],"picked":"Cold Snap","floor":3},{"not_picked":["Melter","Double Energy","Thunder Strike"],"picked":"SKIP","floor":4},{"not_picked":["Leap","Gash"],"picked":"White Noise","floor":5},{"not_picked":["Hyperbeam","Doom and Gloom","Static Discharge"],"picked":"SKIP","floor":6},{"not_picked":["Beam Cell","Steam","Leap"],"picked":"SKIP","floor":8},{"not_picked":["Chaos","Double Energy","Hello World"],"picked":"SKIP","floor":11},{"not_picked":["Steam Power","Doom and Gloom"],"picked":"Gash","floor":13},{"not_picked":["Redo","Auto Shields"],"picked":"Self Repair","floor":14},{"not_picked":["Thunder Strike","Amplify"],"picked":"Echo Form","floor":16},{"not_picked":["Reprogram","Rip and Tear"],"picked":"Darkness+1","floor":18},{"not_picked":["Ball Lightning","Stack+1"],"picked":"Cold Snap","floor":20},{"not_picked":["Ball Lightning","Barrage"],"picked":"Conserve Battery","floor":21},{"not_picked":["Gash+1","Barrage"],"picked":"Redo+1","floor":22}],"player_experience":270822,"relics_obtained":[{"floor":6,"key":"Symbiotic Virus"},{"floor":8,"key":"Emotion Chip"},{"floor":9,"key":"Pear"},{"floor":14,"key":"Girya"}],"event_choices":[{"cards_removed":["Strike_B"],"damage_healed":0,"gold_gain":0,"player_choice":"Card Removal","damage_taken":7,"max_hp_gain":0,"max_hp_loss":0,"event_name":"Golden Wing","floor":12,"gold_loss":0}],"is_beta":false,"boss_relics":[{"not_picked":["Empty Cage","Pandora\u0027s Box"],"picked":"Inserter"}],"items_purged_floors":[],"is_endless":false,"potions_floor_spawned":[1,2,5,8,11,16,18,20],"killed_by":"Gremlin Leader","ascension_level":1}