{"gold_per_floor":[217,237,237,250,267,267,218,218,218,238,255,107,159,13,13,13],"floor_reached":16,"playtime":445,"items_purged":[],"score":126,"play_id":"c06d64e0-5138-4cda-aa69-f3cc838e959a","local_time":"20190126221808","is_ascension_mode":true,"campfire_choices":[{"floor":6,"key":"REST"},{"data":"Zap","floor":8,"key":"SMITH"},{"floor":15,"key":"REST"}],"neow_cost":"NONE","seed_source_timestamp":275866309618400,"circlet_count":0,"master_deck":["Strike_B","Strike_B","Strike_B","Strike_B","Defend_B","Defend_B","Defend_B","Defend_B","Zap+1","Dualcast","Heatsinks","All For One","Loop","Hologram","Redo","Tempest","Self Repair","Double Energy"],"relics":["Cracked Core","Mummified Hand","Odd Mushroom","Bronze Scales"],"potions_floor_usage":[10,10],"damage_taken":[{"damage":2,"enemies":"Jaw Worm","floor":1,"turns":3},{"damage":0,"enemies":"Cultist","floor":2,"turns":3},{"damage":3,"enemies":"2 Louse","floor":4,"turns":2},{"damage":21,"enemies":"Looter","floor":5,"turns":4},{"damage":18,"enemies":"The Mushroom Lair","floor":10,"turns":3},{"damage":10,"enemies":"Exordium Wildlife","floor":11,"turns":3},{"damage":54,"enemies":"Slime Boss","floor":16,"turns":8}],"seed_played":"-7630790743341314584","potions_obtained":[{"floor":2,"key":"Explosive Potion"},{"floor":4,"key":"GamblersBrew"}],"is_trial":false,"path_per_floor":["M","M","?","M","M","R","?","R","T","?","M","$","?","$","R","B"],"character_chosen":"DEFECT","items_purchased":["Self Repair","Double Energy","Bronze Scales"],"campfire_rested":2,"item_purchase_floors":[12,12,14],"current_hp_per_floor":[66,66,59,56,35,57,57,57,57,39,29,29,29,29,51,0],"gold":13,"neow_bonus":"HUNDRED_GOLD","is_prod":false,"is_daily":false,"chose_seed":false,"campfire_upgraded":1,"win_rate":0,"timestamp":1548537488,"path_taken":["M","M","?","?","M","R","?","R","T","?","M","?","?","$","R","BOSS"],"build_version":"2019-01-23","purchased_purges":0,"victory":false,"max_hp_per_floor":[75,75,75,75,75,75,75,75,75,75,75,75,75,75,75,75],"card_choices":[{"not_picked":["Barrage","Gash"],"picked":"Heatsinks","floor":1},{"not_picked":["Barrage","Steam"],"picked":"All For One","floor":2},{"not_picked":["Redo","Gash"],"picked":"Loop","floor":4},{"not_picked":["Rebound","Streamline"],"picked":"Hologram","floor":5},{"not_picked":["BootSequence","Cold Snap"],"picked":"Redo","floor":10},{"not_picked":["Gash","Conserve Battery"],"picked":"Tempest","floor":11}],"player_experience":1324421,"relics_obtained":[{"floor":9,"key":"Mummified Hand"},{"floor":10,"key":"Odd Mushroom"}],"event_choices":[{"damage_healed":0,"gold_gain":0,"player_choice":"Damaged","damage_taken":7,"max_hp_gain":0,"max_hp_loss":0,"event_name":"Wheel of Change","floor":3,"gold_loss":0},{"damage_healed":0,"gold_gain":0,"player_choice":"Left Gold","damage_taken":0,"max_hp_gain":0,"max_hp_loss":0,"event_name":"World of Goop","floor":7,"gold_loss":49},{"damage_healed":0,"gold_gain":0,"player_choice":"Fought Mushrooms","damage_taken":0,"max_hp_gain":0,"max_hp_loss":0,"event_name":"Mushrooms","floor":10,"gold_loss":0},{"damage_healed":0,"gold_gain":52,"player_choice":"Gained Gold","damage_taken":0,"max_hp_gain":0,"max_hp_loss":0,"event_name":"Golden Wing","floor":13,"gold_loss":0}],"is_beta":false,"boss_relics":[],"items_purged_floors":[],"is_endless":false,"potions_floor_spawned":[2,4],"killed_by":"Slime Boss","ascension_level":8}