{"gold_per_floor":[116,191,205,205,215,215,272,33,33,33,46,70,93,43,43,43],"floor_reached":16,"playtime":727,"items_purged":["Strike_B"],"score":110,"play_id":"e8c100fe-417a-4999-96ad-8db2308d2bb4","local_time":"20190105114804","is_ascension_mode":true,"campfire_choices":[{"data":"Ball Lightning","floor":6,"key":"SMITH"},{"data":"Buffer","floor":15,"key":"SMITH"}],"neow_cost":"NONE","seed_source_timestamp":771447101281725,"circlet_count":0,"master_deck":["Strike_B","Strike_B","Defend_B","Defend_B","Defend_B","Defend_B","Dualcast","Ball Lightning+1","Rebound","Hologram","Hologram","Buffer+1","Hyperbeam","Conserve Battery","Steam Power"],"relics":["Coffee Dripper","Pear","Question Card","Golden Idol"],"potions_floor_usage":[12,16],"damage_taken":[{"damage":0,"enemies":"Cultist","floor":1,"turns":3},{"damage":2,"enemies":"Jaw Worm","floor":3,"turns":4},{"damage":7,"enemies":"Small Slimes","floor":5,"turns":3},{"damage":17,"enemies":"Gremlin Nob","floor":7,"turns":3},{"damage":1,"enemies":"2 Fungi Beasts","floor":11,"turns":3},{"damage":3,"enemies":"Exordium Wildlife","floor":12,"turns":3},{"damage":0,"enemies":"3 Louse","floor":13,"turns":1},{"damage":45,"enemies":"Hexaghost","floor":16,"turns":9}],"seed_played":"-4121868498735628808","potions_obtained":[{"floor":3,"key":"EssenceOfSteel"},{"floor":11,"key":"FocusPotion"}],"is_trial":false,"path_per_floor":["M","?","M","?","M","R","?","$","T","?","M","M","M","?","R","B"],"character_chosen":"DEFECT","items_purchased":["Buffer"],"campfire_rested":0,"item_purchase_floors":[8],"current_hp_per_floor":[75,68,66,59,52,52,45,45,45,45,44,41,41,41,41,0],"gold":43,"neow_bonus":"BOSS_RELIC","is_prod":false,"is_daily":false,"chose_seed":false,"campfire_upgraded":2,"win_rate":0,"timestamp":1546717684,"path_taken":["M","?","?","?","M","R","?","$","T","?","?","M","M","?","R","BOSS"],"build_version":"2019-01-03v4","purchased_purges":1,"victory":false,"max_hp_per_floor":[75,75,75,75,75,75,85,85,85,79,79,79,79,79,79,79],"card_choices":[{"not_picked":["Stack","Turbo"],"picked":"Ball Lightning","floor":1},{"not_picked":["Stack","Gash"],"picked":"Rebound","floor":3},{"not_picked":["Sweeping Beam","Reprogram"],"picked":"Hologram","floor":5},{"not_picked":["Fusion","Rip and Tear"],"picked":"Hologram","floor":7},{"not_picked":["Cold Snap","Gash","Sweeping Beam"],"picked":"Hyperbeam","floor":11},{"not_picked":["Cold Snap","Capacitor","Beam Cell"],"picked":"Conserve Battery","floor":12},{"not_picked":["Stack","Aggregate","Coolheaded"],"picked":"Steam Power","floor":13}],"player_experience":437816,"relics_obtained":[{"floor":7,"key":"Pear"},{"floor":9,"key":"Question Card"}],"event_choices":[{"damage_healed":0,"gold_gain":75,"player_choice":"Touch","damage_taken":7,"max_hp_gain":0,"max_hp_loss":0,"event_name":"FaceTrader","floor":2,"gold_loss":0},{"cards_removed":["Strike_B"],"damage_healed":0,"gold_gain":0,"player_choice":"Card Removal","damage_taken":7,"max_hp_gain":0,"max_hp_loss":0,"event_name":"Golden Wing","floor":4,"gold_loss":0},{"damage_healed":0,"gold_gain":0,"player_choice":"Searched \u00272\u0027 times","damage_taken":0,"max_hp_gain":0,"max_hp_loss":0,"event_name":"Dead Adventurer","floor":7,"gold_loss":0},{"damage_healed":0,"gold_gain":0,"player_choice":"Lose Max HP","damage_taken":0,"relics_obtained":["Golden Idol"],"max_hp_gain":0,"max_hp_loss":6,"event_name":"Golden Idol","floor":10,"gold_loss":0},{"cards_removed":["Zap"],"damage_healed":0,"gold_gain":0,"player_choice":"Card Removal","damage_taken":0,"max_hp_gain":0,"max_hp_loss":0,"event_name":"The Cleric","floor":14,"gold_loss":50}],"is_beta":false,"boss_relics":[],"items_purged_floors":[8],"is_endless":false,"potions_floor_spawned":[3,11],"killed_by":"Hexaghost","ascension_level":4}