{"gold_per_floor":[118,133,133,133,102,140,171,183,270,322,355,400,412,442,454,466],"floor_reached":16,"playtime":982,"items_purged":[],"score":152,"play_id":"9df4536f-ccfa-4e12-aae6-3cb7ae241fe8","local_time":"20181125135939","is_ascension_mode":true,"campfire_choices":[{"floor":8.0,"key":"REST"},{"floor":13.0,"key":"REST"},{"data":"Hologram","floor":15.0,"key":"SMITH"}],"neow_cost":"NONE","seed_source_timestamp":220388463591143,"circlet_count":0,"master_deck":["Strike_B","Strike_B","Strike_B","Strike_B","Defend_B","Defend_B","Defend_B","Defend_B","Zap","Dualcast","Ball Lightning","Redo","FTL","Hologram+1","Hologram","Cold Snap"],"special_seed":0,"relics":["Cracked Core","Golden Idol","MawBank","Dodecahedron","FossilizedHelix","Oddly Smooth Stone"],"potions_floor_usage":[16],"damage_taken":[{"damage":1.0,"enemies":"2 Louse","floor":1.0,"turns":3.0},{"damage":6.0,"enemies":"Jaw Worm","floor":2.0,"turns":2.0},{"damage":26.0,"enemies":"Lagavulin","floor":6.0,"turns":5.0},{"damage":0.0,"enemies":"Small Slimes","floor":7.0,"turns":2.0},{"damage":30.0,"enemies":"3 Sentries","floor":10.0,"turns":7.0},{"damage":2.0,"enemies":"Exordium Wildlife","floor":11.0,"turns":3.0},{"damage":0.0,"enemies":"Lagavulin","floor":12.0,"turns":3.0},{"damage":0.0,"enemies":"Looter","floor":14.0,"turns":2.0},{"damage":63,"enemies":"Hexaghost","floor":16,"turns":9}],"seed_played":"8576319143341222543","potions_obtained":[{"floor":1.0,"key":"FearPotion"},{"floor":6.0,"key":"Poison Potion"},{"floor":10.0,"key":"Strength Potion"},{"floor":14.0,"key":"Energy Potion"}],"is_trial":false,"path_per_floor":["M","M","$","?","?","E","M","R","T","E","M","E","R","M","R","B"],"character_chosen":"DEFECT","items_purchased":[],"campfire_rested":2,"item_purchase_floors":[],"current_hp_per_floor":[81,75,75,75,75,49,49,71,71,41,39,39,61,61,61,0],"gold":466,"neow_bonus":"TEN_PERCENT_HP_BONUS","is_prod":false,"is_daily":false,"chose_seed":false,"campfire_upgraded":1,"win_rate":0,"timestamp":1543121979,"path_taken":["M","M","$","?","?","E","M","R","T","E","M","E","R","M","R","BOSS"],"build_version":"2018-11-15","purchased_purges":0,"victory":false,"max_hp_per_floor":[82,82,82,76,76,76,76,76,76,76,76,76,76,76,76,76],"card_choices":[{"not_picked":["Melter","Conserve Battery"],"picked":"Ball Lightning","floor":1.0},{"not_picked":["Conserve Battery","Beam Cell"],"picked":"Redo","floor":2.0},{"not_picked":["Heatsinks","Barrage"],"picked":"FTL","floor":6.0},{"not_picked":["Gash","Fusion","Doom and Gloom"],"picked":"SKIP","floor":7.0},{"not_picked":["Rebound","Compile Driver"],"picked":"Hologram","floor":10.0},{"not_picked":["Steam","Go for the Eyes"],"picked":"Hologram","floor":11.0},{"not_picked":["Hologram","Ball Lightning"],"picked":"Cold Snap","floor":12.0},{"not_picked":["Melter","Streamline","Aggregate"],"picked":"SKIP","floor":14.0}],"player_experience":78219,"relics_obtained":[{"floor":6.0,"key":"MawBank"},{"floor":9.0,"key":"Dodecahedron"},{"floor":10.0,"key":"FossilizedHelix"},{"floor":12.0,"key":"Oddly Smooth Stone"}],"event_choices":[{"damage_healed":0.0,"max_hp_gain":0.0,"max_hp_loss":6.0,"gold_gain":0.0,"event_name":"Golden Idol","player_choice":"Lose Max HP","floor":4.0,"gold_loss":0.0,"damage_taken":0.0,"relics_obtained":["Golden Idol"]},{"damage_healed":0.0,"max_hp_gain":0.0,"max_hp_loss":0.0,"gold_gain":0.0,"event_name":"World of Goop","player_choice":"Left Gold","floor":5.0,"gold_loss":31.0,"damage_taken":0.0}],"is_beta":false,"boss_relics":[],"items_purged_floors":[],"is_endless":false,"potions_floor_spawned":[1,6,10,14],"killed_by":"Hexaghost","ascension_level":1}