{"gold_per_floor":[114,389,400,419,45,45,5,5,56,84,95,106,71,90,90,164,164,181,181,59,59,79,79],"floor_reached":23,"playtime":795,"items_purged":[],"score":308,"play_id":"281c0b20-f215-4a59-a535-9ec71161fb76","local_time":"20190418205234","is_ascension_mode":true,"campfire_choices":[{"floor":6,"key":"DIG"},{"floor":8,"key":"DIG"},{"floor":15,"key":"REST"}],"neow_cost":"NONE","seed_source_timestamp":86391611468800,"circlet_count":0,"master_deck":["AscendersBane","Strike_R","Strike_R","Strike_R","Strike_R","Strike_R","Defend_R","Defend_R","Defend_R","Defend_R","Bash","Carnage","Regret","Disarm","Twin Strike","Feel No Pain","Rupture","Battle Trance","Infernal Blade","Rage","Uppercut","Limit Break","Combust","Rupture"],"relics":["Burning Blood","NeowsBlessing","Shovel","Pear","Blood Vial","Omamori","Odd Mushroom","Mark of Pain","Vajra"],"potions_floor_usage":[11,14,14,16,22,23],"damage_taken":[{"damage":0,"enemies":"Jaw Worm","floor":1,"turns":1},{"damage":0,"enemies":"Cultist","floor":3,"turns":1},{"damage":3,"enemies":"Small Slimes","floor":4,"turns":2},{"damage":63,"enemies":"The Mushroom Lair","floor":10,"turns":5},{"damage":16,"enemies":"Looter","floor":11,"turns":5},{"damage":5,"enemies":"Blue Slaver","floor":12,"turns":3},{"damage":13,"enemies":"Red Slaver","floor":14,"turns":5},{"damage":65,"enemies":"The Guardian","floor":16,"turns":16},{"damage":11,"enemies":"Chosen","floor":18,"turns":7},{"damage":21,"enemies":"Spheric Guardian","floor":22,"turns":4},{"damage":52,"enemies":"Book of Stabbing","floor":23,"turns":4}],"seed_played":"1404669148734189453","potions_obtained":[{"floor":1,"key":"Dexterity Potion"},{"floor":10,"key":"SkillPotion"},{"floor":12,"key":"GamblersBrew"},{"floor":14,"key":"SpeedPotion"},{"floor":22,"key":"EssenceOfSteel"}],"is_trial":false,"path_per_floor":["M","?","M","M","$","R","$","R","T","?","M","M","?","M","R","B",null,"M","?","$","?","M","E"],"character_chosen":"IRONCLAD","items_purchased":["Shovel","Feel No Pain","Rupture","Combust","PowerPotion"],"campfire_rested":1,"item_purchase_floors":[5,5,7,20,20],"current_hp_per_floor":[74,74,75,75,75,85,85,85,85,28,20,23,44,39,64,7,66,63,63,63,63,50,0],"gold":79,"neow_bonus":"THREE_ENEMY_KILL","is_prod":false,"is_daily":false,"chose_seed":false,"campfire_upgraded":0,"win_rate":0,"timestamp":1555613554,"path_taken":["M","?","?","?","$","R","$","R","T","?","M","M","?","M","R","BOSS","M","?","$","?","?","E"],"build_version":"2019-01-23","purchased_purges":0,"victory":false,"max_hp_per_floor":[75,75,75,75,75,85,85,85,85,85,85,85,85,85,85,85,85,85,85,85,85,85,85],"card_choices":[{"not_picked":["Reckless Charge","Anger"],"picked":"Carnage","floor":1},{"not_picked":["Heavy Blade","Sentinel"],"picked":"Disarm","floor":3},{"not_picked":["Hemokinesis","Pommel Strike"],"picked":"Twin Strike","floor":4},{"not_picked":["True Grit","Heavy Blade"],"picked":"Battle Trance","floor":10},{"not_picked":["Cleave","Clothesline"],"picked":"Infernal Blade","floor":11},{"not_picked":["Heavy Blade","Wild Strike"],"picked":"Rage","floor":12},{"not_picked":["Body Slam","Hemokinesis"],"picked":"Uppercut","floor":14},{"not_picked":["Barricade","Juggernaut"],"picked":"Limit Break","floor":16},{"not_picked":["Heavy Blade","Blood for Blood","Whirlwind"],"picked":"SKIP","floor":18},{"not_picked":["Fire Breathing","Twin Strike","Havoc"],"picked":"SKIP","floor":22}],"player_experience":1732542,"relics_obtained":[{"floor":6,"key":"Pear"},{"floor":8,"key":"Blood Vial"},{"floor":9,"key":"Omamori"},{"floor":10,"key":"Odd Mushroom"}],"event_choices":[{"damage_healed":0,"gold_gain":275,"player_choice":"Desecrate","damage_taken":0,"max_hp_gain":0,"max_hp_loss":0,"event_name":"Golden Shrine","floor":2,"gold_loss":0,"cards_obtained":["Regret"]},{"damage_healed":0,"gold_gain":0,"player_choice":"Fought Mushrooms","damage_taken":0,"max_hp_gain":0,"max_hp_loss":0,"event_name":"Mushrooms","floor":10,"gold_loss":0},{"damage_healed":21,"gold_gain":0,"player_choice":"Healed","damage_taken":0,"max_hp_gain":0,"max_hp_loss":0,"event_name":"The Cleric","floor":13,"gold_loss":35},{"damage_healed":0,"gold_gain":0,"player_choice":"Opened","damage_taken":0,"relics_obtained":["Vajra"],"max_hp_gain":0,"max_hp_loss":0,"event_name":"The Mausoleum","floor":19,"gold_loss":0,"cards_obtained":["Writhe"]},{"damage_healed":0,"gold_gain":0,"player_choice":"Copied","damage_taken":0,"max_hp_gain":0,"max_hp_loss":0,"event_name":"Duplicator","floor":21,"gold_loss":0,"cards_obtained":["Rupture"]}],"is_beta":false,"boss_relics":[{"not_picked":["Runic Dome","Sozu"],"picked":"Mark of Pain"}],"items_purged_floors":[],"is_endless":false,"potions_floor_spawned":[1,10,12,14,22],"killed_by":"Book of Stabbing","ascension_level":14}