{"gold_per_floor":[111,128,303,322,322,322,348,348,348,348,366,386,404,404,404,503,553,564,577,590,590,270,270,284,484,509,509,527,541,870,887,887,988,988,1004,1004,392,405,405,432,432],"floor_reached":41,"playtime":3157,"items_purged":["Doubt","Doubt"],"score":587,"play_id":"0c56b435-0c03-411b-9b88-1a6609e92a28","local_time":"20181124201730","is_ascension_mode":true,"campfire_choices":[{"data":"Double Tap","floor":6.0,"key":"SMITH"},{"floor":10.0,"key":"REST"},{"floor":15.0,"key":"REST"},{"floor":23.0,"key":"REST"},{"floor":27.0,"key":"REST"},{"floor":32.0,"key":"REST"}],"neow_cost":"NONE","seed_source_timestamp":0,"circlet_count":0,"master_deck":["Strike_R","Strike_R","Strike_R","Strike_R+1","Strike_R","Defend_R","Defend_R","Defend_R","Bash","Double Tap+1","Heavy Blade","Heavy Blade","Rage","Inflame","Iron Wave","Battle Trance","Double Tap","Flex","Pummel+1","Infernal Blade","Perfected Strike","J.A.X.","Flex","Seeing Red","Flex+1","Armaments","Warcry","Feed","Injury","Regret","Evolve","Dark Shackles","Cleave","Flash of Steel","Dual Wield+1"],"special_seed":0,"relics":["Burning Blood","Pear","Matryoshka","Self Forming Clay","Tiny House","HandDrill","Mummified Hand","Red Skull","Old Coin","Calling Bell","Juzu Bracelet","Sundial","Calipers","Pen Nib","Gremlin Horn","Shuriken"],"potions_floor_usage":[41],"damage_taken":[{"damage":6.0,"enemies":"Cultist","floor":1.0,"turns":3.0},{"damage":0.0,"enemies":"2 Louse","floor":2.0,"turns":3.0},{"damage":7.0,"enemies":"Jaw Worm","floor":4.0,"turns":3.0},{"damage":35.0,"enemies":"Lagavulin","floor":7.0,"turns":6.0},{"damage":0.0,"enemies":"Large Slime","floor":11.0,"turns":5.0},{"damage":23.0,"enemies":"Red Slaver","floor":12.0,"turns":4.0},{"damage":16.0,"enemies":"Blue Slaver","floor":13.0,"turns":3.0},{"damage":95.0,"enemies":"Hexaghost","floor":16.0,"turns":10.0},{"damage":34.0,"enemies":"Shell Parasite","floor":18.0,"turns":4.0},{"damage":19.0,"enemies":"Chosen","floor":19.0,"turns":6.0},{"damage":17.0,"enemies":"3 Cultists","floor":20.0,"turns":5.0},{"damage":28.0,"enemies":"Centurion and Healer","floor":24.0,"turns":7.0},{"damage":15.0,"enemies":"Cultist and Chosen","floor":28.0,"turns":2.0},{"damage":5.0,"enemies":"Snecko","floor":29.0,"turns":3.0},{"damage":65.0,"enemies":"Slavers","floor":30.0,"turns":6.0},{"damage":6.0,"enemies":"Centurion and Healer","floor":31.0,"turns":4.0},{"damage":43.0,"enemies":"Automaton","floor":33.0,"turns":6.0},{"damage":24.0,"enemies":"Orb Walker","floor":35.0,"turns":3.0},{"damage":29.0,"enemies":"3 Shapes","floor":38.0,"turns":4.0},{"damage":41.0,"enemies":"Reptomancer","floor":40.0,"turns":6.0},{"damage":28,"enemies":"Sphere and 2 Shapes","floor":41,"turns":3}],"seed_played":"-7706771160106750102","potions_obtained":[{"floor":4.0,"key":"Poison Potion"},{"floor":11.0,"key":"BloodPotion"},{"floor":13.0,"key":"Dexterity Potion"},{"floor":16.0,"key":"EssenceOfSteel"},{"floor":17.0,"key":"Fire Potion"},{"floor":18.0,"key":"AttackPotion"},{"floor":28.0,"key":"SteroidPotion"},{"floor":33.0,"key":"Poison Potion"},{"floor":35.0,"key":"EssenceOfSteel"}],"is_trial":false,"path_per_floor":["M","M","?","M","?","R","E","?","T","R","M","M","M","?","R","B",null,"M","M","M","?","$","R","M","?","T","R","M","M","E","M","R","B",null,"M","M","?","$","M","?","E","M"],"character_chosen":"IRONCLAD","items_purchased":["Flex","HandDrill","Dark Shackles","Cleave","Pen Nib","Gremlin Horn"],"campfire_rested":5,"item_purchase_floors":[22,22,37,37,37,37],"current_hp_per_floor":[80,80,80,79,84,84,65,65,65,93,95,78,68,68,95,15,100,72,59,48,48,48,78,56,56,56,86,77,78,19,19,49,12,100,82,82,82,59,59,27,0],"gold":432,"neow_bonus":"ONE_RANDOM_RARE_CARD","is_prod":false,"is_daily":false,"chose_seed":false,"campfire_upgraded":1,"win_rate":0,"timestamp":1543058250,"path_taken":["M","?","?","M","?","R","E","?","T","R","M","M","?","?","R","BOSS","M","M","M","?","$","R","M","?","T","R","M","?","E","M","R","BOSS","M","?","$","M","?","E","M"],"build_version":"2018-11-15","purchased_purges":2,"victory":false,"max_hp_per_floor":[80,80,80,80,85,85,95,95,95,95,95,95,95,95,95,95,100,100,100,100,100,100,100,100,100,100,100,100,100,100,100,100,100,100,100,100,100,100,100,103,103],"card_choices":[{"not_picked":["Havoc","Body Slam","Headbutt"],"picked":"SKIP","floor":1.0},{"not_picked":["Clothesline","Seeing Red"],"picked":"Heavy Blade","floor":2.0},{"not_picked":["Iron Wave","True Grit"],"picked":"Heavy Blade","floor":4.0},{"not_picked":["Exhume","Combust"],"picked":"Rage","floor":7.0},{"not_picked":["Feel No Pain","Warcry"],"picked":"Inflame","floor":11.0},{"not_picked":["Second Wind","Carnage"],"picked":"Iron Wave","floor":12.0},{"not_picked":["Hemokinesis","Burning Pact"],"picked":"Battle Trance","floor":13.0},{"not_picked":["Reaper","Immolate"],"picked":"Double Tap","floor":16.0},{"not_picked":["Pommel Strike","Disarm"],"picked":"Flex","floor":17.0},{"not_picked":["Body Slam","Flex"],"picked":"Pummel+1","floor":18.0},{"not_picked":["Sword Boomerang","Uppercut+1"],"picked":"Infernal Blade","floor":19.0},{"not_picked":["Hemokinesis","Impervious"],"picked":"Perfected Strike","floor":20.0},{"not_picked":["Searing Blow","Wild Strike","Body Slam"],"picked":"SKIP","floor":24.0},{"not_picked":["Corruption","Headbutt+1"],"picked":"Seeing Red","floor":28.0},{"not_picked":["True Grit","Clothesline+1"],"picked":"Flex+1","floor":29.0},{"not_picked":["Combust+1","Rage"],"picked":"Armaments","floor":30.0},{"not_picked":["Headbutt","Iron Wave"],"picked":"Warcry","floor":31.0},{"not_picked":["Dark Embrace","Exhume"],"picked":"Feed","floor":33.0},{"not_picked":["Rampage","Hemokinesis"],"picked":"Evolve","floor":35.0},{"not_picked":["Twin Strike+1","Hemokinesis","Clash"],"picked":"SKIP","floor":38.0},{"not_picked":["Metamorphosis","Sadistic Nature"],"picked":"Flash of Steel","floor":39.0},{"not_picked":["Rampage","Sword Boomerang+1"],"picked":"Dual Wield+1","floor":40.0}],"player_experience":54948,"relics_obtained":[{"floor":7.0,"key":"Pear"},{"floor":9.0,"key":"Matryoshka"},{"floor":26.0,"key":"Mummified Hand"},{"floor":26.0,"key":"Red Skull"},{"floor":30.0,"key":"Old Coin"},{"floor":34.0,"key":"Juzu Bracelet"},{"floor":34.0,"key":"Sundial"},{"floor":34.0,"key":"Calipers"},{"floor":40.0,"key":"Shuriken"}],"event_choices":[{"damage_healed":0.0,"max_hp_gain":0.0,"max_hp_loss":0.0,"gold_gain":175.0,"event_name":"Liars Game","player_choice":"AGREE","floor":3.0,"gold_loss":0.0,"damage_taken":0.0,"cards_obtained":["Doubt"]},{"damage_healed":0.0,"max_hp_gain":5.0,"max_hp_loss":0.0,"gold_gain":0.0,"event_name":"Big Fish","player_choice":"Donut","floor":5.0,"gold_loss":0.0,"damage_taken":0.0},{"cards_removed":["Defend_R"],"damage_healed":0.0,"max_hp_gain":0.0,"max_hp_loss":0.0,"gold_gain":0.0,"event_name":"Purifier","player_choice":"Purged","floor":8.0,"gold_loss":0.0,"damage_taken":0.0},{"damage_healed":0.0,"max_hp_gain":0.0,"max_hp_loss":0.0,"gold_gain":0.0,"event_name":"WeMeetAgain","player_choice":"Gave Potion","floor":14.0,"gold_loss":0.0,"damage_taken":0.0,"relics_obtained":["Self Forming Clay"]},{"damage_healed":0.0,"max_hp_gain":0.0,"max_hp_loss":0.0,"gold_gain":0.0,"event_name":"Drug Dealer","player_choice":"Obtain J.A.X.","floor":21.0,"gold_loss":0.0,"damage_taken":0.0,"cards_obtained":["J.A.X."]},{"damage_healed":0.0,"max_hp_gain":0.0,"max_hp_loss":0.0,"gold_gain":250.0,"event_name":"The Joust","player_choice":"Bet on Owner","floor":25.0,"gold_loss":50.0,"damage_taken":0.0},{"damage_healed":0.0,"max_hp_gain":0.0,"max_hp_loss":0.0,"gold_gain":0.0,"event_name":"Mysterious Sphere","player_choice":"Ignored","floor":36.0,"gold_loss":0.0,"damage_taken":0.0},{"damage_healed":0.0,"max_hp_gain":0.0,"max_hp_loss":0.0,"gold_gain":0.0,"event_name":"SensoryStone","player_choice":"Memory 1","floor":39.0,"gold_loss":0.0,"damage_taken":0.0}],"is_beta":false,"boss_relics":[{"not_picked":["Runic Pyramid","Black Blood"],"picked":"Tiny House"},{"not_picked":["White Beast Statue","Velvet Choker"],"picked":"Calling Bell"}],"items_purged_floors":[22,37],"is_endless":false,"potions_floor_spawned":[4,11,13,16,18,19,28,33,35],"killed_by":"Sphere and 2 Shapes","ascension_level":3}