{"gold_per_floor":[110,110,60,60,77,102,102,118,164,176,196,227,240,271,271,369,369,383,26,43,63,79,108,126,126,206,2,14,28,28,41,41,139,139,152,169,169,188,207,241,97,97,97,47,79,79,79,91,91,91],"floor_reached":51,"playtime":10725,"items_purged":["Strike_G"],"score":803,"play_id":"a4d83b40-322a-42de-ae37-50d9176b470b","local_time":"20181128151551","is_ascension_mode":false,"campfire_choices":[{"data":"All Out Attack","floor":7.0,"key":"SMITH"},{"data":"Cloak And Dagger","floor":15.0,"key":"SMITH"},{"data":"Cloak And Dagger","floor":30,"key":"SMITH"},{"data":"Blade Dance","floor":32,"key":"SMITH"},{"data":"Blade Dance","floor":42,"key":"SMITH"},{"data":"Cloak And Dagger","floor":46,"key":"SMITH"},{"floor":49,"key":"RECALL"}],"neow_cost":"NONE","seed_source_timestamp":0,"circlet_count":0,"master_deck":["Defend_G+1","Defend_G+1","Defend_G+1","Strike_G+1","Strike_G+1","Survivor+1","Neutralize+1","Blur+1","All Out Attack+1","Terror+1","Deadly Poison+1","Blade Dance+1","Blur+1","Cloak And Dagger+1","Tools of the Trade+1","Expertise+1","Malaise+1","Outmaneuver+1","Cloak And Dagger+1","Well Laid Plans+1","Blade Dance+1","Blade Dance+1","Finisher+1","Escape Plan+1","Escape Plan+1","Master of Strategy+1","Choke+1","Accuracy+1","Envenom+1","Cloak And Dagger+1","Blade Dance+1","Blade Dance+1","Cloak And Dagger+1"],"special_seed":0,"relics":["Sozu","Vajra","Blue Candle","Blood Vial","Incense Burner","Lantern","Astrolabe","Shuriken","Bird Faced Urn","Nilry\u0027s Codex","Sundial","Coffee Dripper","Singing Bowl","Whetstone","Meat on the Bone","PreservedInsect","Mark of the Bloom"],"potions_floor_usage":[],"damage_taken":[{"damage":0.0,"enemies":"Small Slimes","floor":1.0,"turns":5.0},{"damage":0.0,"enemies":"Jaw Worm","floor":5.0,"turns":3.0},{"damage":12.0,"enemies":"3 Sentries","floor":6.0,"turns":9.0},{"damage":0.0,"enemies":"Cultist","floor":8.0,"turns":4.0},{"damage":0.0,"enemies":"Exordium Thugs","floor":10.0,"turns":3.0},{"damage":0.0,"enemies":"Large Slime","floor":11.0,"turns":6.0},{"damage":8.0,"enemies":"Lagavulin","floor":12.0,"turns":6.0},{"damage":3.0,"enemies":"Red Slaver","floor":13.0,"turns":4.0},{"damage":0.0,"enemies":"Gremlin Nob","floor":14.0,"turns":4.0},{"damage":33.0,"enemies":"Slime Boss","floor":16.0,"turns":10.0},{"damage":5.0,"enemies":"3 Byrds","floor":18.0,"turns":6.0},{"damage":0.0,"enemies":"Chosen","floor":20.0,"turns":5.0},{"damage":0.0,"enemies":"Centurion and Healer","floor":21.0,"turns":4.0},{"damage":7.0,"enemies":"Shelled Parasite and Fungi","floor":22.0,"turns":5.0},{"damage":6.0,"enemies":"Book of Stabbing","floor":23.0,"turns":5.0},{"damage":3.0,"enemies":"Snecko","floor":24.0,"turns":5.0},{"damage":4,"enemies":"Centurion and Healer","floor":28,"turns":5},{"damage":3,"enemies":"3 Cultists","floor":29,"turns":6},{"damage":0,"enemies":"Snecko","floor":31,"turns":2},{"damage":34,"enemies":"Collector","floor":33,"turns":7},{"damage":8,"enemies":"Orb Walker","floor":35,"turns":3},{"damage":0,"enemies":"3 Shapes","floor":36,"turns":6},{"damage":14,"enemies":"Jaw Worm Horde","floor":38,"turns":4},{"damage":0,"enemies":"Transient","floor":39,"turns":5},{"damage":0,"enemies":"Nemesis","floor":40,"turns":5},{"damage":3,"enemies":"Giant Head","floor":45,"turns":4},{"damage":0,"enemies":"Maw","floor":48,"turns":4},{"damage":36,"enemies":"Donu and Deca","floor":50,"turns":6}],"seed_played":"-5974184203757784894","potions_obtained":[],"is_trial":false,"path_per_floor":["M","?","?","?","M","E","R","M","T","M","M","E","M","E","R","B",null,"M","$","M","M","M","E","M","M","?","T","$","M","M","R","M","R","B",null,"M","M","?","M","M","E","$","R","T","$","E","R","?","M","R","B",null],"character_chosen":"THE_SILENT","items_purchased":["Well Laid Plans","Shuriken","Escape Plan","Master of Strategy","Whetstone","Cloak And Dagger"],"campfire_rested":0,"item_purchase_floors":[19,19,27,27,41,44],"current_hp_per_floor":[70,70,70,70,70,58,58,58,58,60,62,56,55,57,57,26,70,65,65,67,69,63,59,60,44,44,44,46,53,53,57,57,35,70,66,70,70,60,70,70,70,70,70,70,71,71,71,71,71,35],"gold":91,"neow_bonus":"BOSS_RELIC","is_prod":false,"is_daily":false,"chose_seed":false,"campfire_upgraded":6,"win_rate":0,"timestamp":1543385751,"path_taken":["M","?","?","?","M","E","R","M","T","M","M","E","M","E","R","BOSS","M","$","?","M","M","E","M","?","T","$","M","M","R","M","R","BOSS","M","M","?","?","M","E","$","R","T","?","E","R","?","M","R","BOSS"],"build_version":"2018-11-15","purchased_purges":1,"victory":true,"max_hp_per_floor":[70,70,70,70,70,70,70,70,70,70,70,70,70,70,70,70,70,70,70,70,70,70,70,70,70,70,70,70,70,70,70,70,70,70,70,70,70,70,70,70,70,70,70,70,72,72,72,74,74,74],"card_choices":[{"not_picked":["Acrobatics","Quick Slash"],"picked":"Blur","floor":1.0},{"not_picked":["Bane","Sucker Punch"],"picked":"Terror","floor":5.0},{"not_picked":["Calculated Gamble","Flechettes","Sucker Punch"],"picked":"SKIP","floor":6.0},{"not_picked":["Outmaneuver","Dagger Throw","Deflect"],"picked":"SKIP","floor":8.0},{"not_picked":["Bane","Slice","Dagger Throw"],"picked":"SKIP","floor":10.0},{"not_picked":["Flying Knee","Leg Sweep"],"picked":"Deadly Poison","floor":11.0},{"not_picked":["PiercingWail","Expertise"],"picked":"Blade Dance","floor":12.0},{"not_picked":["Slice","Bane"],"picked":"Blur","floor":13.0},{"not_picked":["Backflip","Heel Hook"],"picked":"Cloak And Dagger","floor":14.0},{"not_picked":["Phantasmal Killer","Die Die Die"],"picked":"Tools of the Trade","floor":16.0},{"not_picked":["Dodge and Roll","Deadly Poison"],"picked":"Cloak And Dagger","floor":18.0},{"not_picked":["Underhanded Strike","Deflect","Dagger Throw"],"picked":"SKIP","floor":20.0},{"not_picked":["Bouncing Flask","Unload"],"picked":"Blade Dance","floor":21.0},{"not_picked":["Deflect","Bane+1"],"picked":"Blade Dance","floor":22.0},{"not_picked":["Cloak And Dagger","Deflect"],"picked":"Finisher","floor":23.0},{"not_picked":["Slice","Backflip"],"picked":"Escape Plan","floor":24},{"not_picked":["Heel Hook+1","Finisher"],"picked":"Choke","floor":28},{"not_picked":["Dagger Throw","Underhanded Strike","Slice"],"picked":"SKIP","floor":29},{"not_picked":["Well Laid Plans","Predator+1"],"picked":"Accuracy+1","floor":31},{"not_picked":["A Thousand Cuts","Adrenaline"],"picked":"Envenom","floor":33},{"not_picked":["Dagger Spray+1","Well Laid Plans","Dash+1"],"picked":"SKIP","floor":35},{"not_picked":["Quick Slash","Bouncing Flask+1"],"picked":"Cloak And Dagger+1","floor":36},{"not_picked":["Caltrops","Predator","Dagger Spray"],"picked":"SKIP","floor":38},{"not_picked":["Underhanded Strike+1","Poisoned Stab+1"],"picked":"Blade Dance","floor":39},{"not_picked":["Corpse Explosion","Sucker Punch"],"picked":"Blade Dance","floor":40},{"not_picked":["Escape Plan","Blur+1","Deflect+1"],"picked":"Singing Bowl","floor":45},{"not_picked":["Slice+1","All Out Attack","Deadly Poison"],"picked":"Singing Bowl","floor":48}],"player_experience":134648,"relics_obtained":[{"floor":6.0,"key":"Blue Candle"},{"floor":9.0,"key":"Blood Vial"},{"floor":12.0,"key":"Incense Burner"},{"floor":14.0,"key":"Lantern"},{"floor":23.0,"key":"Bird Faced Urn"},{"floor":25,"key":"Nilry\u0027s Codex"},{"floor":26,"key":"Sundial"},{"floor":40,"key":"Singing Bowl"},{"floor":43,"key":"Meat on the Bone"},{"floor":45,"key":"PreservedInsect"}],"event_choices":[{"damage_healed":0.0,"max_hp_gain":0.0,"max_hp_loss":0.0,"gold_gain":0.0,"event_name":"Big Fish","player_choice":"Box","floor":2.0,"gold_loss":0.0,"damage_taken":0.0,"relics_obtained":["Vajra"],"cards_obtained":["Regret"]},{"cards_removed":["Regret"],"damage_healed":0.0,"max_hp_gain":0.0,"max_hp_loss":0.0,"gold_gain":0.0,"event_name":"The Cleric","player_choice":"Card Removal","floor":3.0,"gold_loss":50.0,"damage_taken":0.0},{"damage_healed":0.0,"max_hp_gain":0.0,"max_hp_loss":0.0,"gold_gain":0.0,"cards_transformed":["Strike_G"],"event_name":"Transmorgrifier","player_choice":"Transformed","floor":4.0,"gold_loss":0.0,"damage_taken":0.0,"cards_obtained":["All Out Attack"]},{"damage_healed":0,"gold_gain":0,"player_choice":"Obtained Book","damage_taken":16,"max_hp_gain":0,"max_hp_loss":0,"event_name":"Cursed Tome","floor":25,"gold_loss":0},{"damage_healed":0,"gold_gain":0,"player_choice":"Upgraded","damage_taken":0,"max_hp_gain":0,"max_hp_loss":0,"event_name":"Upgrade Shrine","floor":37,"gold_loss":0,"cards_upgraded":["Blade Dance"]},{"damage_healed":0,"gold_gain":0,"player_choice":"Upgrade","damage_taken":0,"relics_obtained":["Mark of the Bloom"],"max_hp_gain":0,"max_hp_loss":0,"event_name":"MindBloom","floor":47,"gold_loss":0,"cards_upgraded":["Defend_G","Defend_G","Defend_G","Strike_G","Survivor","Blur","Terror","Deadly Poison","Blur","Tools of the Trade","Well Laid Plans","Blade Dance","Finisher","Escape Plan","Escape Plan","Master of Strategy","Choke","Envenom","Blade Dance"]}],"is_beta":false,"boss_relics":[{"not_picked":["Busted Crown","Eternal Feather"],"picked":"Astrolabe"},{"not_picked":["HoveringKite","Orrery"],"picked":"Coffee Dripper"}],"items_purged_floors":[19],"is_endless":false,"potions_floor_spawned":[1,5,8,11,13,16,21,23,24,31,38,39,40,48],"ascension_level":0}