{"gold_per_floor":[116,116,266,266,278,313,313,330,330,344,6,26,46,46,46,124,124,144,164,179,179],"floor_reached":21,"playtime":1358,"items_purged":[],"score":489,"play_id":"39e003f5-8a57-43ef-b47e-e97f2116532b","local_time":"20190513202853","is_ascension_mode":true,"campfire_choices":[{"data":"Prepared","floor":7,"key":"SMITH"},{"floor":15,"key":"REST"}],"neow_cost":"NONE","seed_source_timestamp":48704673028168,"circlet_count":0,"master_deck":["AscendersBane","Defend_G","Defend_G","Defend_G","Defend_G","Defend_G","Strike_G","Strike_G","Strike_G","Strike_G","Survivor","Neutralize","Footwork","Prepared+1","Acrobatics","Crippling Poison","Terror","Infinite Blades+1","Tactician","Infinite Blades+1","Malaise","Envenom+1","Dagger Spray","Dagger Spray","Acrobatics"],"relics":["Ring of the Snake","NeowsBlessing","Spirit Poop","Du-Vu Doll","Darkstone Periapt","Frozen Egg 2","Fusion Hammer"],"potions_floor_usage":[16,20,20],"damage_taken":[{"damage":0,"enemies":"Jaw Worm","floor":1,"turns":1},{"damage":0,"enemies":"2 Louse","floor":5,"turns":2},{"damage":0,"enemies":"3 Sentries","floor":6,"turns":1},{"damage":10,"enemies":"Small Slimes","floor":8,"turns":8},{"damage":8,"enemies":"Gremlin Gang","floor":10,"turns":5},{"damage":6,"enemies":"Large Slime","floor":12,"turns":6},{"damage":18,"enemies":"Lots of Slimes","floor":13,"turns":4},{"damage":0,"enemies":"Hexaghost","floor":16,"turns":12},{"damage":23,"enemies":"Spheric Guardian","floor":18,"turns":6},{"damage":15,"enemies":"Chosen","floor":19,"turns":5},{"damage":16,"enemies":"3 Cultists","floor":20,"turns":4},{"damage":10,"enemies":"Centurion and Healer","floor":21,"turns":1}],"seed_played":"-7613645298933739482","potions_obtained":[{"floor":5,"key":"Swift Potion"},{"floor":10,"key":"Dexterity Potion"},{"floor":18,"key":"Explosive Potion"},{"floor":19,"key":"Fire Potion"}],"is_trial":false,"path_per_floor":["M","?","?","?","M","E","R","M","T","M","$","M","M","?","R","B",null,"M","M","M","M"],"character_chosen":"THE_SILENT","items_purchased":["Frozen Egg 2","Infinite Blades+1"],"campfire_rested":1,"item_purchase_floors":[11,11],"current_hp_per_floor":[59,59,59,59,59,59,59,49,49,41,41,35,17,17,36,36,59,36,21,5,0],"gold":179,"neow_bonus":"THREE_ENEMY_KILL","is_prod":false,"is_daily":false,"chose_seed":false,"campfire_upgraded":1,"win_rate":0,"timestamp":1557804533,"path_taken":["M","?","?","?","M","E","R","M","T","?","$","?","M","?","R","BOSS","M","?","M","M"],"build_version":"2019-01-23","purchased_purges":0,"victory":false,"max_hp_per_floor":[66,66,66,66,66,66,66,66,66,66,66,66,66,66,66,66,66,66,66,66,66],"card_choices":[{"not_picked":["Deadly Poison","Flechettes"],"picked":"Footwork","floor":1},{"not_picked":["Blade Dance","Flying Knee"],"picked":"Prepared","floor":5},{"not_picked":["Flechettes","Malaise"],"picked":"Acrobatics","floor":6},{"not_picked":["Calculated Gamble","Prepared"],"picked":"Crippling Poison","floor":8},{"not_picked":["Dash","All Out Attack"],"picked":"Terror","floor":10},{"not_picked":["Blade Dance","Underhanded Strike"],"picked":"Tactician","floor":12},{"not_picked":["Acrobatics","Bane"],"picked":"Infinite Blades+1","floor":13},{"not_picked":["Burst","Wraith Form v2+1"],"picked":"Envenom+1","floor":16},{"not_picked":["Dodge and Roll","All Out Attack"],"picked":"Dagger Spray","floor":18},{"not_picked":["Flying Knee","Outmaneuver"],"picked":"Dagger Spray","floor":19},{"not_picked":["Deflect","Dash"],"picked":"Acrobatics","floor":20}],"player_experience":1699052,"relics_obtained":[{"floor":6,"key":"Du-Vu Doll"},{"floor":9,"key":"Darkstone Periapt"}],"event_choices":[{"damage_healed":0,"gold_gain":0,"player_choice":"Ignored","damage_taken":0,"max_hp_gain":0,"max_hp_loss":0,"event_name":"Golden Idol","floor":2,"gold_loss":0},{"damage_healed":0,"gold_gain":150,"player_choice":"AGREE","damage_taken":0,"max_hp_gain":0,"max_hp_loss":0,"event_name":"Liars Game","floor":3,"gold_loss":0,"cards_obtained":["Doubt"]},{"cards_removed":["Doubt"],"damage_healed":0,"gold_gain":0,"player_choice":"Offered Curse","damage_taken":0,"relics_obtained":["Spirit Poop"],"max_hp_gain":0,"max_hp_loss":0,"event_name":"Bonfire Elementals","floor":4,"gold_loss":0},{"damage_healed":0,"gold_gain":0,"cards_transformed":["Strike_G"],"player_choice":"Transformed","damage_taken":0,"max_hp_gain":0,"max_hp_loss":0,"event_name":"Transmorgrifier","floor":14,"gold_loss":0,"cards_obtained":["Malaise"]}],"is_beta":false,"boss_relics":[{"not_picked":["White Beast Statue","Sozu"],"picked":"Fusion Hammer"}],"items_purged_floors":[],"is_endless":false,"potions_floor_spawned":[5,10,12,18,19],"killed_by":"Centurion and Healer","ascension_level":18}