{"gold_per_floor":[114,189,114,30,30,55,55,84,84,27,27,27,62,79,79,153,153,164,164,182,182,182],"floor_reached":22,"playtime":522,"items_purged":[],"score":396,"play_id":"4b12ac81-e1fa-44b4-a82d-f1a4d1efa29f","local_time":"20190513220224","is_ascension_mode":true,"campfire_choices":[{"data":"Zap","floor":7.0,"key":"SMITH"},{"floor":11.0,"key":"REST"},{"data":"Coolheaded","floor":15.0,"key":"SMITH"}],"neow_cost":"TEN_PERCENT_HP_LOSS","seed_source_timestamp":283681972313430,"circlet_count":0,"master_deck":["AscendersBane","Defend_B","Defend_B","Zap+1","Dualcast","Reboot","Hologram","Rip and Tear","Electrodynamics","Leap","Coolheaded+1","Compile Driver+1","Echo Form","Capacitor+1","Go for the Eyes+1","Tempest"],"special_seed":0,"relics":["Cracked Core","Gremlin Horn","DataDisk","Molten Egg 2","Calipers","Potion Belt","Empty Cage","Necronomicon"],"potions_floor_usage":[],"damage_taken":[{"damage":4.0,"enemies":"Small Slimes","floor":1.0,"turns":4.0},{"damage":36.0,"enemies":"Lagavulin","floor":6.0,"turns":7.0},{"damage":17.0,"enemies":"3 Sentries","floor":8.0,"turns":4.0},{"damage":3.0,"enemies":"Lagavulin","floor":13.0,"turns":7.0},{"damage":0.0,"enemies":"2 Louse","floor":14.0,"turns":2.0},{"damage":6.0,"enemies":"The Guardian","floor":16.0,"turns":12.0},{"damage":4.0,"enemies":"Chosen","floor":18.0,"turns":4.0},{"damage":6,"enemies":"3 Byrds","floor":20,"turns":2},{"damage":27,"enemies":"Cultist and Chosen","floor":22,"turns":3}],"seed_played":"-128339123729056280","potions_obtained":[{"floor":8.0,"key":"Ancient Potion"},{"floor":14.0,"key":"AttackPotion"},{"floor":16.0,"key":"AttackPotion"}],"is_trial":false,"path_per_floor":["M","?","?","$","?","E","R","E","T","$","R","?","E","M","R","B",null,"M","?","M","?","M"],"character_chosen":"DEFECT","items_purchased":["Rip and Tear","Coolheaded"],"campfire_rested":1,"item_purchase_floors":[4,10],"current_hp_per_floor":[60,49,49,49,54,18,18,1,1,1,21,21,18,18,18,12,55,51,30,24,24,0],"gold":182,"neow_bonus":"TRANSFORM_TWO_CARDS","is_prod":false,"is_daily":false,"chose_seed":false,"campfire_upgraded":2,"win_rate":0,"timestamp":1557756144,"path_taken":["M","?","?","$","?","E","R","E","T","$","R","?","E","?","R","BOSS","M","?","M","?","M"],"build_version":"2019-01-23","purchased_purges":0,"victory":false,"max_hp_per_floor":[64,64,64,64,69,69,69,69,69,69,69,69,69,69,69,69,69,69,69,69,69,69],"card_choices":[{"not_picked":["Steam","Streamline","Redo"],"picked":"SKIP","floor":1.0},{"not_picked":["Conserve Battery","Cold Snap"],"picked":"Electrodynamics","floor":6.0},{"not_picked":["Gash","Lockon"],"picked":"Leap","floor":8.0},{"not_picked":["Electrodynamics","Rebound+1","Leap"],"picked":"SKIP","floor":13.0},{"not_picked":["Rebound+1","Self Repair"],"picked":"Compile Driver+1","floor":14.0},{"not_picked":["Meteor Strike+1","Machine Learning"],"picked":"Echo Form","floor":16.0},{"not_picked":["Beam Cell+1","Streamline+1"],"picked":"Capacitor+1","floor":18.0},{"not_picked":["Redo","Chill"],"picked":"Go for the Eyes+1","floor":20}],"player_experience":1655470,"relics_obtained":[{"floor":6.0,"key":"Gremlin Horn"},{"floor":8.0,"key":"DataDisk"},{"floor":9.0,"key":"Molten Egg 2"},{"floor":13.0,"key":"Potion Belt"},{"floor":19.0,"key":"Necronomicon"}],"event_choices":[{"damage_healed":0.0,"max_hp_gain":0.0,"max_hp_loss":0.0,"gold_gain":75.0,"event_name":"World of Goop","player_choice":"Gather Gold","floor":2.0,"gold_loss":0.0,"damage_taken":11.0},{"cards_removed":["Strike_B"],"damage_healed":0.0,"max_hp_gain":0.0,"max_hp_loss":0.0,"gold_gain":0.0,"event_name":"The Cleric","player_choice":"Card Removal","floor":3.0,"gold_loss":75.0,"damage_taken":0.0},{"damage_healed":0.0,"max_hp_gain":5.0,"max_hp_loss":0.0,"gold_gain":0.0,"event_name":"Big Fish","player_choice":"Donut","floor":5.0,"gold_loss":0.0,"damage_taken":0.0},{"damage_healed":0.0,"max_hp_gain":0.0,"max_hp_loss":0.0,"gold_gain":0.0,"event_name":"WeMeetAgain","player_choice":"Gave Potion","floor":12.0,"gold_loss":0.0,"damage_taken":0.0,"relics_obtained":["Calipers"]},{"damage_healed":0.0,"max_hp_gain":0.0,"max_hp_loss":0.0,"gold_gain":0.0,"event_name":"Cursed Tome","player_choice":"Obtained Book","floor":19.0,"gold_loss":0.0,"damage_taken":21.0},{"damage_healed":0,"gold_gain":0,"cards_transformed":["Defend_B"],"player_choice":"Transformed","damage_taken":0,"max_hp_gain":0,"max_hp_loss":0,"event_name":"Transmorgrifier","floor":21,"gold_loss":0,"cards_obtained":["Tempest"]}],"is_beta":false,"boss_relics":[{"not_picked":["Ectoplasm","Black Star"],"picked":"Empty Cage"}],"items_purged_floors":[],"is_endless":false,"potions_floor_spawned":[8,14,16],"killed_by":"Cultist and Chosen","ascension_level":20}