{"gold_per_floor":[112,112,23,42,42,76,76,104,104,104,135,155,132,150,150,255,255,269,69,69,89,89,89,89,89,89,89,89,116,116,132,132,132],"floor_reached":33,"playtime":2354,"items_purged":[],"score":481,"play_id":"9de49053-0b83-410c-aa0d-66c295c157a8","local_time":"20190308195500","is_ascension_mode":true,"campfire_choices":[{"data":"Forethought","floor":7,"key":"SMITH"},{"data":"Cloak And Dagger","floor":10,"key":"SMITH"},{"floor":15,"key":"REST"},{"data":"Infinite Blades","floor":23,"key":"SMITH"},{"floor":25,"key":"REST"},{"data":"Choke","floor":27,"key":"SMITH"},{"floor":32,"key":"REST"}],"neow_cost":"NONE","seed_source_timestamp":75618327033200,"circlet_count":0,"master_deck":["AscendersBane","Defend_G","Defend_G","Defend_G","Defend_G","Defend_G","Strike_G","Strike_G","Strike_G","Strike_G","Survivor","Neutralize","Choke+1","Forethought+1","Cloak And Dagger+1","Caltrops","Infinite Blades+1","Caltrops","Blade Dance","Venomology","PiercingWail+1","Prepared+1","Blade Dance","Ghostly","Ghostly","Ghostly","Ghostly","Ghostly","Die Die Die+1"],"relics":["Ring of the Serpent","NeowsBlessing","Molten Egg 2","Question Card","Boot","Kunai","Toy Ornithopter","Nilry\u0027s Codex","Lantern","Prayer Wheel","Smiling Mask"],"potions_floor_usage":[11,11,12,16,18,22,22,22,22,22,29,29,31,33,33],"damage_taken":[{"damage":0,"enemies":"2 Louse","floor":1,"turns":1},{"damage":0,"enemies":"Cultist","floor":4,"turns":1},{"damage":0,"enemies":"Gremlin Nob","floor":6,"turns":1},{"damage":10,"enemies":"3 Sentries","floor":8,"turns":10},{"damage":13,"enemies":"Gremlin Nob","floor":11,"turns":4},{"damage":0,"enemies":"Jaw Worm","floor":12,"turns":3},{"damage":2,"enemies":"Blue Slaver","floor":14,"turns":5},{"damage":18,"enemies":"Hexaghost","floor":16,"turns":9},{"damage":10,"enemies":"Spheric Guardian","floor":18,"turns":5},{"damage":0,"enemies":"3 Byrds","floor":21,"turns":3},{"damage":10,"enemies":"Colosseum Slavers","floor":22,"turns":7},{"damage":74,"enemies":"Gremlin Leader","floor":29,"turns":8},{"damage":2,"enemies":"Centurion and Healer","floor":31,"turns":11},{"damage":38,"enemies":"Champ","floor":33,"turns":12}],"seed_played":"3248537171713775677","potions_obtained":[{"floor":1,"key":"Weak Potion"},{"floor":8,"key":"PowerPotion"},{"floor":11,"key":"GamblersBrew"},{"floor":14,"key":"Swift Potion"},{"floor":16,"key":"EssenceOfSteel"},{"floor":21,"key":"Block Potion"},{"floor":31,"key":"GamblersBrew"}],"is_trial":false,"path_per_floor":["M","?","$","M","$","E","R","E","T","R","E","M","?","M","R","B",null,"M","$","?","M","?","R","T","R","T","R","?","E","?","M","R","B"],"character_chosen":"THE_SILENT","items_purchased":["Forethought","Toy Ornithopter"],"campfire_rested":3,"item_purchase_floors":[3,19],"current_hp_per_floor":[63,63,63,63,63,63,63,53,53,53,40,40,40,38,59,41,63,53,53,37,37,52,52,52,70,70,70,57,7,7,10,21,0],"gold":132,"neow_bonus":"THREE_ENEMY_KILL","is_prod":false,"is_daily":false,"chose_seed":false,"campfire_upgraded":4,"win_rate":0,"timestamp":1552071300,"path_taken":["M","?","$","?","?","E","R","E","T","R","E","M","?","M","R","BOSS","M","$","?","M","?","R","?","R","T","R","?","E","?","M","R","BOSS"],"build_version":"2019-01-23","purchased_purges":0,"victory":false,"max_hp_per_floor":[70,70,70,70,70,70,70,70,70,70,70,70,70,70,70,70,70,70,70,70,70,70,70,70,70,70,70,75,75,37,37,37,37],"card_choices":[{"not_picked":["All Out Attack","Acrobatics"],"picked":"Choke","floor":1},{"not_picked":["Deflect","Leg Sweep"],"picked":"Cloak And Dagger","floor":4},{"not_picked":["Dodge and Roll","Flechettes"],"picked":"Caltrops","floor":6},{"not_picked":["PiercingWail","Masterful Stab+1"],"picked":"Infinite Blades","floor":8},{"not_picked":["Reflex","Poisoned Stab+1","Prepared","Skewer+1"],"picked":"SKIP","floor":11},{"not_picked":["Setup","Poisoned Stab+1","Masterful Stab+1"],"picked":"Caltrops","floor":12},{"not_picked":["Predator+1","Quick Slash+1","Masterful Stab+1"],"picked":"Blade Dance","floor":14},{"not_picked":["Malaise","A Thousand Cuts","Corpse Explosion"],"picked":"Venomology","floor":16},{"not_picked":["Backflip","Underhanded Strike+1","Poisoned Stab+1"],"picked":"PiercingWail+1","floor":18},{"not_picked":["Sucker Punch+1","Bane+1","Poisoned Stab+1"],"picked":"Prepared+1","floor":21},{"not_picked":["Bane+1","Slice+1","Sucker Punch+1"],"picked":"Blade Dance","floor":29},{"not_picked":["Heel Hook+1","Dagger Spray+1","Deflect+1"],"picked":"Die Die Die+1","floor":31},{"not_picked":["Prepared","Flying Knee+1","Crippling Poison","Bane+1"],"picked":"SKIP","floor":31}],"player_experience":1465597,"relics_obtained":[{"floor":6,"key":"Molten Egg 2"},{"floor":8,"key":"Question Card"},{"floor":9,"key":"Boot"},{"floor":11,"key":"Kunai"},{"floor":20,"key":"Nilry\u0027s Codex"},{"floor":24,"key":"Lantern"},{"floor":26,"key":"Prayer Wheel"},{"floor":29,"key":"Smiling Mask"}],"event_choices":[{"cards_removed":["Strike_G"],"damage_healed":0,"gold_gain":0,"player_choice":"Offered Basic","damage_taken":0,"max_hp_gain":0,"max_hp_loss":0,"event_name":"Bonfire Elementals","floor":2,"gold_loss":0},{"damage_healed":0,"gold_gain":0,"player_choice":"Left Gold","damage_taken":0,"max_hp_gain":0,"max_hp_loss":0,"event_name":"World of Goop","floor":13,"gold_loss":23},{"damage_healed":0,"gold_gain":0,"player_choice":"Obtained Book","damage_taken":16,"max_hp_gain":0,"max_hp_loss":0,"event_name":"Cursed Tome","floor":20,"gold_loss":0},{"damage_healed":0,"gold_gain":0,"player_choice":"Fight","damage_taken":0,"max_hp_gain":0,"max_hp_loss":0,"event_name":"Colosseum","floor":22,"gold_loss":0},{"damage_healed":0,"gold_gain":0,"player_choice":"Fled From Nobs","damage_taken":0,"max_hp_gain":0,"max_hp_loss":0,"event_name":"Colosseum","floor":22,"gold_loss":0},{"damage_healed":0,"gold_gain":0,"player_choice":"Shed Blood","damage_taken":18,"max_hp_gain":5,"max_hp_loss":0,"event_name":"Forgotten Altar","floor":28,"gold_loss":0},{"damage_healed":0,"gold_gain":0,"player_choice":"Became a Ghost","damage_taken":0,"max_hp_gain":0,"max_hp_loss":38,"event_name":"Ghosts","floor":30,"gold_loss":0,"cards_obtained":["Ghostly","Ghostly","Ghostly","Ghostly","Ghostly"]}],"is_beta":false,"boss_relics":[{"not_picked":["HoveringKite","Orrery"],"picked":"Ring of the Serpent"}],"items_purged_floors":[],"is_endless":false,"potions_floor_spawned":[1,8,11,14,16,21,31],"killed_by":"Champ","ascension_level":10}