{"gold_per_floor":[17,67,86,97,111,137,156,81,81,100,134,144,144,177,177,248,248,268,268,268,283,70,70,85,118,118,132,159,174,200,220,220,291,291,304,7,25,39,63,95,125,154,166,178,290,302,189,221,221,221,221,221,221,36,70,70],"floor_reached":57,"playtime":5837,"items_purged":["Strike_R","Strike_R"],"score":2767,"play_id":"e12b2e2e-ef60-4042-a341-c403e679b3ff","local_time":"20190502052145","is_ascension_mode":true,"campfire_choices":[{"data":"Uppercut","floor":15,"key":"SMITH"},{"data":"True Grit","floor":23,"key":"SMITH"},{"data":"Feel No Pain","floor":32,"key":"SMITH"},{"data":"Seeing Red","floor":44,"key":"SMITH"},{"floor":46,"key":"RECALL"},{"data":"Battle Trance","floor":49,"key":"SMITH"},{"data":"Seeing Red","floor":53,"key":"SMITH"}],"neow_cost":"NO_GOLD","seed_source_timestamp":425423169884756,"circlet_count":0,"master_deck":["AscendersBane","Strike_R","Defend_R+1","Defend_R","Defend_R","Defend_R","Bash","Dropkick","Uppercut+1","Seeing Red+1","Battle Trance+1","Fiend Fire","Shrug It Off","True Grit+1","Offering","Burning Pact+1","Exhume","Feel No Pain+1","Shockwave","Sword Boomerang+1","Sentinel","Shrug It Off","Flame Barrier","Havoc+1","Reaper+1","Feel No Pain","Feel No Pain","Reaper+1","Sever Soul+1","Infernal Blade+1","Seeing Red+1","Fiend Fire+1","Shrug It Off"],"relics":["Burning Blood","Dead Branch","Du-Vu Doll","Pear","Molten Egg 2","Art of War","Coffee Dripper","War Paint","Smiling Mask","Shuriken","Lantern","Orichalcum","Runic Cube","OrangePellets","Bag of Marbles","MawBank","Boot","Bird Faced Urn","Strawberry","Vajra"],"potions_floor_usage":[14,25,56,56],"damage_taken":[{"damage":1,"enemies":"2 Louse","floor":1,"turns":4},{"damage":0,"enemies":"Cultist","floor":3,"turns":2},{"damage":1,"enemies":"Small Slimes","floor":4,"turns":4},{"damage":3,"enemies":"Looter","floor":5,"turns":3},{"damage":25,"enemies":"Lagavulin","floor":6,"turns":7},{"damage":0,"enemies":"Red Slaver","floor":7,"turns":4},{"damage":1,"enemies":"2 Fungi Beasts","floor":10,"turns":3},{"damage":21,"enemies":"3 Sentries","floor":11,"turns":7},{"damage":8,"enemies":"Blue Slaver","floor":12,"turns":2},{"damage":16,"enemies":"Lagavulin","floor":14,"turns":6},{"damage":14,"enemies":"The Guardian","floor":16,"turns":10},{"damage":12,"enemies":"3 Byrds","floor":18,"turns":4},{"damage":0,"enemies":"Chosen","floor":21,"turns":1},{"damage":0,"enemies":"3 Cultists","floor":24,"turns":4},{"damage":10,"enemies":"Slavers","floor":25,"turns":5},{"damage":0,"enemies":"Centurion and Healer","floor":27,"turns":4},{"damage":23,"enemies":"Book of Stabbing","floor":28,"turns":4},{"damage":0,"enemies":"Cultist and Chosen","floor":29,"turns":3},{"damage":21,"enemies":"Gremlin Leader","floor":30,"turns":6},{"damage":6,"enemies":"Shelled Parasite and Fungi","floor":31,"turns":3},{"damage":24,"enemies":"Automaton","floor":33,"turns":5},{"damage":0,"enemies":"Orb Walker","floor":35,"turns":3},{"damage":14,"enemies":"3 Darklings","floor":37,"turns":5},{"damage":0,"enemies":"Sphere and 2 Shapes","floor":38,"turns":3},{"damage":23,"enemies":"Giant Head","floor":40,"turns":6},{"damage":6,"enemies":"Spire Growth","floor":41,"turns":5},{"damage":6,"enemies":"Writhing Mass","floor":42,"turns":5},{"damage":0,"enemies":"Mind Bloom Boss Battle","floor":45,"turns":2},{"damage":13,"enemies":"Nemesis","floor":48,"turns":5},{"damage":102,"enemies":"Awakened One","floor":50,"turns":14},{"damage":15,"enemies":"Donu and Deca","floor":51,"turns":9},{"damage":23,"enemies":"Shield and Spear","floor":55,"turns":7},{"damage":63,"enemies":"The Heart","floor":56,"turns":8}],"seed_played":"2116202440605513031","potions_obtained":[{"floor":1,"key":"Block Potion"},{"floor":7,"key":"FearPotion"},{"floor":14,"key":"SneckoOil"},{"floor":16,"key":"Dexterity Potion"},{"floor":18,"key":"SkillPotion"},{"floor":30,"key":"Ancient Potion"}],"is_trial":false,"path_per_floor":["M","?","M","M","M","E","M","?","T","M","E","M","?","E","R","B",null,"M","?","?","M","$","R","M","E","T","M","E","M","E","M","R","B",null,"M","$","M","M","T","E","M","M","T","R","?","R","$","E","R","B","B",null,"R","$","E","B",null],"character_chosen":"IRONCLAD","items_purchased":["Shockwave","War Paint","OrangePellets","Feel No Pain","Seeing Red","Fiend Fire+1","Shrug It Off"],"campfire_rested":0,"item_purchase_floors":[22,22,36,36,47,54,54],"current_hp_per_floor":[73,73,75,75,75,56,62,62,62,67,62,60,60,50,50,42,74,68,68,68,74,74,74,80,76,76,82,65,71,56,56,56,38,73,85,85,77,83,83,84,84,84,84,84,85,85,85,92,92,29,77,88,88,88,92,92],"gold":70,"neow_bonus":"ONE_RARE_RELIC","is_prod":false,"is_daily":false,"chose_seed":false,"campfire_upgraded":6,"win_rate":0,"timestamp":1556788905,"path_taken":["M","?","?","M","M","E","M","?","T","M","E","M","?","E","R","BOSS","M","?","?","M","$","R","M","E","T","?","E","M","E","M","R","BOSS","M","$","M","M","?","E","?","M","T","R","?","R","$","E","R","BOSS","BOSS","R","$","E","BOSS"],"build_version":"2019-01-23","purchased_purges":2,"victory":true,"max_hp_per_floor":[75,75,75,75,75,75,75,75,75,75,85,85,85,85,85,85,85,85,85,85,85,85,85,85,85,85,85,85,85,85,85,85,85,85,85,85,85,85,85,85,85,85,85,85,85,85,85,92,92,92,92,92,92,92,92,92],"card_choices":[{"not_picked":["Anger","Clash"],"picked":"Dropkick","floor":1},{"not_picked":["Clothesline","Rupture"],"picked":"Uppercut","floor":3},{"not_picked":["Perfected Strike","Uppercut"],"picked":"Seeing Red","floor":4},{"not_picked":["Pummel","Clash"],"picked":"Battle Trance","floor":5},{"not_picked":["Headbutt","Havoc"],"picked":"Fiend Fire","floor":6},{"not_picked":["Metallicize","Clash"],"picked":"Shrug It Off","floor":7},{"not_picked":["Pummel","Twin Strike","Thunderclap"],"picked":"SKIP","floor":10},{"not_picked":["Iron Wave","Anger","Twin Strike"],"picked":"SKIP","floor":11},{"not_picked":["Entrench","Havoc","Thunderclap"],"picked":"SKIP","floor":12},{"not_picked":["Cleave+1","Pommel Strike+1"],"picked":"True Grit","floor":14},{"not_picked":["Double Tap","Juggernaut"],"picked":"Offering","floor":16},{"not_picked":["Bloodletting","Warcry+1"],"picked":"Burning Pact","floor":18},{"not_picked":["Thunderclap+1","Havoc"],"picked":"Feel No Pain","floor":21},{"not_picked":["Thunderclap+1","Rupture","True Grit"],"picked":"SKIP","floor":24},{"not_picked":["Headbutt+1","Anger+1"],"picked":"Sword Boomerang+1","floor":25},{"not_picked":["Infernal Blade","Iron Wave+1"],"picked":"Sentinel","floor":27},{"not_picked":["Body Slam+1","Berserk"],"picked":"Shrug It Off","floor":28},{"not_picked":["Thunderclap+1","Clash+1"],"picked":"Flame Barrier","floor":29},{"not_picked":["True Grit","Havoc","Flex"],"picked":"SKIP","floor":30},{"not_picked":["Anger+1","Headbutt+1"],"picked":"Havoc+1","floor":31},{"not_picked":["Brutality","Double Tap"],"picked":"Reaper+1","floor":33},{"not_picked":["Heavy Blade+1","Clash+1","Havoc"],"picked":"SKIP","floor":35},{"not_picked":["Flame Barrier","Whirlwind+1"],"picked":"Feel No Pain","floor":37},{"not_picked":["Rage","Havoc"],"picked":"Reaper+1","floor":40},{"not_picked":["Clash+1","Iron Wave+1"],"picked":"Sever Soul+1","floor":41},{"not_picked":["Wild Strike+1","Power Through"],"picked":"Infernal Blade+1","floor":42},{"not_picked":["Clothesline+1","Perfected Strike+1","Cleave+1"],"picked":"SKIP","floor":48},{"not_picked":["Clash+1","Cleave+1","Clothesline+1"],"picked":"SKIP","floor":55}],"player_experience":817341,"relics_obtained":[{"floor":6,"key":"Du-Vu Doll"},{"floor":11,"key":"Pear"},{"floor":14,"key":"Art of War"},{"floor":25,"key":"Smiling Mask"},{"floor":26,"key":"Shuriken"},{"floor":28,"key":"Lantern"},{"floor":30,"key":"Orichalcum"},{"floor":39,"key":"Bag of Marbles"},{"floor":40,"key":"MawBank"},{"floor":43,"key":"Boot"},{"floor":45,"key":"Bird Faced Urn"},{"floor":48,"key":"Strawberry"},{"floor":55,"key":"Vajra"}],"event_choices":[{"damage_healed":0,"gold_gain":50,"player_choice":"Pray","damage_taken":0,"max_hp_gain":0,"max_hp_loss":0,"event_name":"Golden Shrine","floor":2,"gold_loss":0},{"cards_removed":["Strike_R"],"damage_healed":0,"gold_gain":0,"player_choice":"Card Removal","damage_taken":0,"max_hp_gain":0,"max_hp_loss":0,"event_name":"The Cleric","floor":8,"gold_loss":75},{"damage_healed":0,"gold_gain":0,"player_choice":"Gave Potion","damage_taken":0,"relics_obtained":["Molten Egg 2"],"max_hp_gain":0,"max_hp_loss":0,"event_name":"WeMeetAgain","floor":13,"gold_loss":0},{"damage_healed":0,"gold_gain":0,"player_choice":"Ignored","damage_taken":0,"max_hp_gain":0,"max_hp_loss":0,"event_name":"Ghosts","floor":19,"gold_loss":0},{"damage_healed":0,"gold_gain":0,"cards_transformed":["Strike_R"],"player_choice":"Transformed","damage_taken":0,"max_hp_gain":0,"max_hp_loss":0,"event_name":"Transmorgrifier","floor":20,"gold_loss":0,"cards_obtained":["Exhume"]},{"damage_healed":0,"gold_gain":0,"player_choice":"Fight","damage_taken":0,"max_hp_gain":0,"max_hp_loss":0,"event_name":"MindBloom","floor":45,"gold_loss":0}],"is_beta":false,"boss_relics":[{"not_picked":["Astrolabe","White Beast Statue"],"picked":"Coffee Dripper"},{"not_picked":["Fusion Hammer","Eternal Feather"],"picked":"Runic Cube"}],"items_purged_floors":[47,54],"is_endless":false,"potions_floor_spawned":[1,7,10,14,16,18,21,24,30,38,45],"ascension_level":20}