{"gold_per_floor":[112,112,77,77,92,92,124,76,76,402,402,402,412,444,444,545,545,565,664,664,680,680,680,711,711,736,765,207,207,222,236,236,334,334,348,25,41,1040,349,349,380,380,407,421,421,441,466,466,466,466],"floor_reached":51,"playtime":3134,"items_purged":["All For One+1","Strike_B","Normality"],"score":930,"play_id":"383b8e12-2cd0-4c3b-9097-e88930b4a7d1","local_time":"20181125163836","is_ascension_mode":true,"campfire_choices":[{"data":"Defragment","floor":6,"key":"SMITH"},{"data":"Chill","floor":12,"key":"SMITH"},{"data":"Parasite","floor":15,"key":"PURGE"},{"data":"Creative AI","floor":23,"key":"SMITH"},{"floor":25,"key":"REST"},{"floor":29,"key":"REST"},{"floor":32,"key":"REST"},{"data":"Normality","floor":40,"key":"PURGE"},{"data":"Defragment","floor":42,"key":"SMITH"},{"data":"Defragment","floor":45,"key":"SMITH"},{"data":"Defragment","floor":49,"key":"SMITH"}],"neow_cost":"TEN_PERCENT_HP_LOSS","seed_source_timestamp":227961478963129,"circlet_count":0,"master_deck":["Strike_B","Defend_B","Defend_B","Defend_B","Defend_B","Zap","Dualcast","Ball Lightning+1","Defragment+1","Chill+1","Ball Lightning+1","BootSequence","Ball Lightning+1","Creative AI+1","Barrage+1","Defragment+1","Chill","Defragment+1","Capacitor+1","Capacitor+1","Amplify","Self Repair+1","Defragment+1","FTL+1"],"relics":["Cracked Core","Peace Pipe","Boot","Singing Bowl","Molten Egg 2","Old Coin","Pen Nib","Sozu","Bronze Scales","PreservedInsect","Blood Vial","FossilizedHelix","HandDrill","Inserter","Strawberry","Lee\u0027s Waffle","Whetstone","Vajra","Ancient Tea Set","Centennial Puzzle","Potion Belt"],"potions_floor_usage":[],"damage_taken":[{"damage":7,"enemies":"2 Louse","floor":1,"turns":3},{"damage":4,"enemies":"Jaw Worm","floor":5,"turns":3},{"damage":8,"enemies":"Gremlin Nob","floor":7,"turns":3},{"damage":18,"enemies":"Lagavulin","floor":10,"turns":4},{"damage":0,"enemies":"Small Slimes","floor":13,"turns":2},{"damage":3,"enemies":"3 Sentries","floor":14,"turns":5},{"damage":26,"enemies":"The Guardian","floor":16,"turns":9},{"damage":2,"enemies":"Spheric Guardian","floor":18,"turns":3},{"damage":5,"enemies":"2 Thieves","floor":21,"turns":3},{"damage":39,"enemies":"Gremlin Leader","floor":24,"turns":6},{"damage":26,"enemies":"Slavers","floor":27,"turns":4},{"damage":2,"enemies":"Centurion and Healer","floor":30,"turns":5},{"damage":0,"enemies":"Snake Plant","floor":31,"turns":3},{"damage":20,"enemies":"Champ","floor":33,"turns":8},{"damage":15,"enemies":"3 Darklings","floor":35,"turns":6},{"damage":9,"enemies":"Orb Walker","floor":37,"turns":5},{"damage":2,"enemies":"Nemesis","floor":41,"turns":5},{"damage":0,"enemies":"4 Shapes","floor":44,"turns":4},{"damage":18,"enemies":"Maw","floor":46,"turns":6},{"damage":0,"enemies":"Reptomancer","floor":47,"turns":7},{"damage":18,"enemies":"Donu and Deca","floor":50,"turns":6}],"seed_played":"5730089769113695430","potions_obtained":[{"floor":7,"key":"GamblersBrew"},{"floor":16,"key":"Ancient Potion"}],"is_trial":false,"path_per_floor":["M","?","?","?","M","R","E","$","T","E","?","R","M","E","R","B",null,"M","?","?","M","?","R","E","R","T","E","$","R","M","M","R","B",null,"M","$","M","?","$","R","E","R","T","M","R","M","E","?","R","B",null],"character_chosen":"DEFECT","items_purchased":["Ball Lightning","FossilizedHelix","HandDrill","Defragment","Strawberry","Lee\u0027s Waffle","FTL+1","Whetstone","Vajra"],"campfire_rested":3,"item_purchase_floors":[8,28,28,36,36,39,39,39,39],"current_hp_per_floor":[61,54,68,73,69,69,61,61,61,43,61,61,63,60,60,34,72,70,70,70,65,65,65,26,47,47,23,23,45,45,47,69,51,74,59,66,71,71,90,90,92,92,92,94,94,88,98,100,100,82],"gold":466,"neow_bonus":"ONE_RARE_RELIC","is_prod":false,"is_daily":false,"chose_seed":false,"campfire_upgraded":6,"win_rate":0,"timestamp":1543131516,"path_taken":["M","?","?","?","M","R","E","$","T","E","?","R","?","E","R","BOSS","M","?","?","M","?","R","E","R","T","E","?","R","M","M","R","BOSS","M","$","M","?","$","R","E","R","T","M","R","M","E","?","R","BOSS"],"build_version":"2018-11-15","purchased_purges":3,"victory":true,"max_hp_per_floor":[68,68,68,73,73,73,73,73,73,73,73,73,75,75,72,72,72,72,72,72,72,72,72,72,72,72,74,74,74,74,74,74,74,74,74,81,83,83,90,90,92,92,92,94,94,96,98,100,100,100],"card_choices":[{"not_picked":["Rebound","Conserve Battery"],"picked":"Ball Lightning","floor":1},{"not_picked":["Steam Power","Storm"],"picked":"Defragment","floor":5},{"not_picked":["BootSequence","Storm"],"picked":"Chill","floor":7},{"not_picked":["Compile Driver+1","Rainbow"],"picked":"BootSequence","floor":10},{"not_picked":["Leap","Auto Shields","Gash+1"],"picked":"Singing Bowl","floor":13},{"not_picked":["Compile Driver+1","Skim"],"picked":"Ball Lightning+1","floor":14},{"not_picked":["Fission","Machine Learning"],"picked":"Creative AI","floor":16},{"not_picked":["Conserve Battery+1","Hologram"],"picked":"Barrage+1","floor":18},{"not_picked":["Auto Shields","Coolheaded"],"picked":"Chill","floor":21},{"not_picked":["Compile Driver+1","Force Field"],"picked":"Defragment","floor":24},{"not_picked":["Lockon+1","Skim","Beam Cell+1"],"picked":"Singing Bowl","floor":27},{"not_picked":["Conserve Battery+1","Cold Snap+1"],"picked":"Capacitor+1","floor":30},{"not_picked":["Streamline+1","Redo"],"picked":"Capacitor+1","floor":31},{"not_picked":["Rainbow","Meteor Strike+1"],"picked":"Amplify","floor":33},{"not_picked":["Leap","Compile Driver+1"],"picked":"Self Repair+1","floor":35},{"not_picked":["Compile Driver+1","Self Repair+1","Aggregate"],"picked":"Singing Bowl","floor":37},{"not_picked":["Conserve Battery+1","BootSequence","Steam+1"],"picked":"Singing Bowl","floor":41},{"not_picked":["Skim","Sweeping Beam+1","Self Repair"],"picked":"Singing Bowl","floor":44},{"not_picked":["Gash+1","Cold Snap+1","White Noise+1"],"picked":"Singing Bowl","floor":46},{"not_picked":["Fission","Rebound+1","Compile Driver+1"],"picked":"Singing Bowl","floor":47},{"not_picked":["Apotheosis","Metamorphosis","PanicButton"],"picked":"Singing Bowl","floor":48}],"player_experience":85206,"relics_obtained":[{"floor":7,"key":"Singing Bowl"},{"floor":9,"key":"Molten Egg 2"},{"floor":10,"key":"Old Coin"},{"floor":14,"key":"Pen Nib"},{"floor":24,"key":"Bronze Scales"},{"floor":26,"key":"PreservedInsect"},{"floor":27,"key":"Blood Vial"},{"floor":41,"key":"Ancient Tea Set"},{"floor":43,"key":"Centennial Puzzle"},{"floor":47,"key":"Potion Belt"}],"event_choices":[{"damage_healed":0,"gold_gain":0,"player_choice":"Success","damage_taken":7,"relics_obtained":["Boot"],"max_hp_gain":0,"max_hp_loss":0,"event_name":"Scrap Ooze","floor":2,"gold_loss":0},{"damage_healed":17,"gold_gain":0,"player_choice":"Healed","damage_taken":0,"max_hp_gain":0,"max_hp_loss":0,"event_name":"The Cleric","floor":3,"gold_loss":35},{"damage_healed":0,"gold_gain":0,"player_choice":"Donut","damage_taken":0,"max_hp_gain":5,"max_hp_loss":0,"event_name":"Big Fish","floor":4,"gold_loss":0},{"damage_healed":18,"gold_gain":0,"player_choice":"Healed and dodged fight","damage_taken":0,"max_hp_gain":0,"max_hp_loss":0,"event_name":"Mushrooms","floor":11,"gold_loss":0,"cards_obtained":["Parasite"]},{"damage_healed":0,"gold_gain":99,"player_choice":"Stole From Cult","damage_taken":0,"max_hp_gain":0,"max_hp_loss":0,"event_name":"Nest","floor":19,"gold_loss":0},{"damage_healed":0,"gold_gain":0,"cards_transformed":["Strike_B","Strike_B"],"player_choice":"Became Test Subject","damage_taken":0,"max_hp_gain":0,"max_hp_loss":0,"event_name":"Drug Dealer","floor":20,"gold_loss":0,"cards_obtained":["All For One","Defragment"]},{"damage_healed":0,"gold_gain":0,"player_choice":"Ignored","damage_taken":0,"max_hp_gain":0,"max_hp_loss":0,"event_name":"Ghosts","floor":22,"gold_loss":0},{"damage_healed":0,"gold_gain":999,"player_choice":"Gold","damage_taken":0,"max_hp_gain":0,"max_hp_loss":0,"event_name":"MindBloom","floor":38,"gold_loss":0,"cards_obtained":["Normality","Normality"]},{"damage_healed":0,"gold_gain":0,"player_choice":"Memory 1","damage_taken":0,"max_hp_gain":0,"max_hp_loss":0,"event_name":"SensoryStone","floor":48,"gold_loss":0}],"is_beta":false,"boss_relics":[{"not_picked":["Ectoplasm","White Beast Statue"],"picked":"Sozu"},{"not_picked":["Tiny House","Lizard Tail"],"picked":"Inserter"}],"items_purged_floors":[28,36,39],"is_endless":false,"potions_floor_spawned":[7,16,18,27,33,35,46,47],"ascension_level":2}