{"gold_per_floor":[118,118,136,136,25,50,78,90,90,265,284,284,304,317,317,413,413,400,400,400,416,416,445,445,445,472,511,538,465,119,137,137,234,234,248,101,119,119,40,40,40,66,92,102,102,136,147,161,161,161],"floor_reached":51,"playtime":3987,"items_purged":["Strike_G","Doubt"],"score":1023,"play_id":"c8fa9941-e7d4-4d8c-97fb-a1edcce7ca15","local_time":"20190122113826","is_ascension_mode":true,"campfire_choices":[{"floor":12,"key":"REST"},{"floor":15,"key":"REST"},{"floor":24,"key":"REST"},{"floor":32,"key":"REST"},{"floor":40,"key":"REST"},{"floor":49,"key":"REST"}],"neow_cost":"TEN_PERCENT_HP_LOSS","seed_source_timestamp":1065823702757100,"circlet_count":0,"master_deck":["Defend_G","Defend_G","Defend_G","Defend_G","Defend_G+1","Strike_G","Strike_G","Strike_G","Strike_G","Survivor","Neutralize+1","Quick Slash","Infinite Blades","Blade Dance","Backflip","Malaise","Blur","Phantasmal Killer","Backstab","Writhe","Ghostly","Ghostly","Ghostly","Ghostly","Ghostly","Caltrops+1","Necronomicurse","Riddle With Holes","Infinite Blades","Metamorphosis+1","Cloak And Dagger+1","Underhanded Strike","After Image","Dash+1","Noxious Fumes","Malaise+1","Accuracy","Quick Slash+1","Well Laid Plans","A Thousand Cuts","Noxious Fumes"],"relics":["Ring of the Snake","Bird Faced Urn","Kunai","Blue Candle","Odd Mushroom","Matryoshka","Fusion Hammer","Blood Vial","Strawberry","Necronomicon","Lantern","MawBank","Toxic Egg 2","Ornamental Fan","Lizard Tail","Bronze Scales","Snake Skull","Anchor","PreservedInsect","Shuriken"],"potions_floor_usage":[11,13,14,23,27,27,33,33,46,48,50],"damage_taken":[{"damage":3,"enemies":"Jaw Worm","floor":1,"turns":6},{"damage":0,"enemies":"2 Louse","floor":3,"turns":3},{"damage":16,"enemies":"Lagavulin","floor":6,"turns":8},{"damage":22,"enemies":"The Mushroom Lair","floor":7,"turns":5},{"damage":0,"enemies":"Small Slimes","floor":8,"turns":3},{"damage":0,"enemies":"3 Louse","floor":11,"turns":5},{"damage":1,"enemies":"Exordium Wildlife","floor":13,"turns":5},{"damage":1,"enemies":"Large Slime","floor":14,"turns":9},{"damage":31,"enemies":"Hexaghost","floor":16,"turns":17},{"damage":17,"enemies":"2 Thieves","floor":18,"turns":4},{"damage":12,"enemies":"Chosen","floor":21,"turns":8},{"damage":24,"enemies":"Book of Stabbing","floor":23,"turns":12},{"damage":3,"enemies":"Slavers","floor":27,"turns":7},{"damage":2,"enemies":"Sentry and Sphere","floor":28,"turns":8},{"damage":6,"enemies":"Snake Plant","floor":31,"turns":7},{"damage":11,"enemies":"Automaton","floor":33,"turns":14},{"damage":16,"enemies":"3 Darklings","floor":35,"turns":9},{"damage":3,"enemies":"Orb Walker","floor":37,"turns":4},{"damage":27,"enemies":"Nemesis","floor":42,"turns":9},{"damage":6,"enemies":"Writhing Mass","floor":44,"turns":10},{"damage":2,"enemies":"Reptomancer","floor":46,"turns":7},{"damage":1,"enemies":"Jaw Worm Horde","floor":47,"turns":6},{"damage":24,"enemies":"3 Darklings","floor":48,"turns":7},{"damage":71,"enemies":"Time Eater","floor":50,"turns":13}],"seed_played":"870823994531567011","potions_obtained":[{"floor":7,"key":"Dexterity Potion"},{"floor":11,"key":"Block Potion"},{"floor":13,"key":"Weak Potion"},{"floor":16,"key":"Regen Potion"},{"floor":21,"key":"Explosive Potion"},{"floor":23,"key":"EssenceOfSteel"},{"floor":27,"key":"Poison Potion"},{"floor":31,"key":"Block Potion"},{"floor":35,"key":"Strength Potion"},{"floor":44,"key":"AttackPotion"},{"floor":47,"key":"EssenceOfSteel"}],"is_trial":false,"path_per_floor":["M","?","M","?","$","E","?","M","T","?","M","R","M","M","R","B",null,"M","?","?","M","?","E","R","?","T","E","M","?","$","M","R","B",null,"M","$","M","?","$","R","$","E","T","M","?","E","M","M","R","B",null],"character_chosen":"THE_SILENT","items_purchased":["Infinite Blades","Infinite Blades","Metamorphosis+1","Cloak And Dagger+1","Bronze Scales","Accuracy"],"campfire_rested":6,"item_purchase_floors":[5,30,30,30,36,39],"current_hp_per_floor":[60,53,53,40,40,26,6,8,8,8,10,28,29,30,48,19,52,37,58,58,50,31,29,38,22,22,25,29,29,29,31,38,31,36,28,28,33,33,33,38,38,23,23,29,29,38,38,26,37,8],"gold":161,"neow_bonus":"ONE_RARE_RELIC","is_prod":false,"is_daily":false,"chose_seed":false,"campfire_upgraded":0,"win_rate":0,"timestamp":1548153506,"path_taken":["M","?","M","?","$","E","?","M","T","?","?","R","M","M","R","BOSS","M","?","?","M","?","E","R","?","T","E","?","?","$","M","R","BOSS","M","$","M","?","$","R","?","E","T","M","?","E","M","M","R","BOSS"],"build_version":"2019-01-17v2","purchased_purges":2,"victory":true,"max_hp_per_floor":[63,63,63,63,63,63,63,63,63,63,63,63,63,63,63,63,63,63,63,63,63,31,38,38,38,38,38,38,38,38,38,38,38,38,38,38,38,38,38,38,38,38,38,38,38,38,38,38,38,38],"card_choices":[{"not_picked":["Bane","Cloak And Dagger"],"picked":"Quick Slash","floor":1},{"not_picked":["Outmaneuver","Poisoned Stab","Reflex"],"picked":"SKIP","floor":3},{"not_picked":["Underhanded Strike","All Out Attack"],"picked":"Blade Dance","floor":6},{"not_picked":["Bane","Sucker Punch"],"picked":"Backflip","floor":7},{"not_picked":["Eviscerate","Poisoned Stab","Leg Sweep"],"picked":"SKIP","floor":8},{"not_picked":["Underhanded Strike","Dodge and Roll"],"picked":"Malaise","floor":11},{"not_picked":["Outmaneuver","Dagger Spray"],"picked":"Blur","floor":13},{"not_picked":["Finisher","PiercingWail"],"picked":"Cloak And Dagger","floor":14},{"not_picked":["Glass Knife","Grand Finale"],"picked":"Phantasmal Killer","floor":16},{"not_picked":["Deflect","Expertise"],"picked":"Backstab","floor":18},{"not_picked":["Bane+1","Poisoned Stab","Reflex+1"],"picked":"SKIP","floor":21},{"not_picked":["Slice","Sucker Punch"],"picked":"Caltrops+1","floor":23},{"not_picked":["Expertise","Skewer+1","Catalyst"],"picked":"SKIP","floor":27},{"not_picked":["Sucker Punch","Cloak And Dagger+1"],"picked":"Riddle With Holes","floor":28},{"not_picked":["Cloak And Dagger+1","Outmaneuver+1"],"picked":"Underhanded Strike","floor":31},{"not_picked":["Unload","Grand Finale"],"picked":"After Image","floor":33},{"not_picked":["Dagger Spray+1","Poisoned Stab+1"],"picked":"Dash+1","floor":35},{"not_picked":["Dodge and Roll+1","Bane+1"],"picked":"Noxious Fumes","floor":37},{"not_picked":["Tactician+1","Escape Plan+1"],"picked":"Quick Slash+1","floor":42},{"not_picked":["Flying Knee","Backflip+1"],"picked":"Well Laid Plans","floor":44},{"not_picked":["Deflect+1","PiercingWail+1"],"picked":"A Thousand Cuts","floor":46},{"not_picked":["All Out Attack+1","Endless Agony","Quick Slash"],"picked":"SKIP","floor":47},{"not_picked":["PiercingWail+1","Bouncing Flask+1"],"picked":"Noxious Fumes","floor":48}],"player_experience":1270134,"relics_obtained":[{"floor":6,"key":"Blue Candle"},{"floor":7,"key":"Odd Mushroom"},{"floor":9,"key":"Matryoshka"},{"floor":23,"key":"Strawberry"},{"floor":25,"key":"Necronomicon"},{"floor":26,"key":"Lantern"},{"floor":26,"key":"MawBank"},{"floor":27,"key":"Toxic Egg 2"},{"floor":42,"key":"Snake Skull"},{"floor":43,"key":"Anchor"},{"floor":43,"key":"PreservedInsect"},{"floor":46,"key":"Shuriken"}],"event_choices":[{"damage_healed":0,"gold_gain":0,"player_choice":"Success","damage_taken":7,"relics_obtained":["Kunai"],"max_hp_gain":0,"max_hp_loss":0,"event_name":"Scrap Ooze","floor":2,"gold_loss":0},{"damage_healed":0,"gold_gain":0,"player_choice":"Entered Light","damage_taken":13,"max_hp_gain":0,"max_hp_loss":0,"event_name":"Shining Light","floor":4,"gold_loss":0,"cards_upgraded":["Neutralize","Defend_G"]},{"damage_healed":0,"gold_gain":0,"player_choice":"Fought Mushrooms","damage_taken":0,"max_hp_gain":0,"max_hp_loss":0,"event_name":"Mushrooms","floor":7,"gold_loss":0},{"damage_healed":0,"gold_gain":175,"player_choice":"AGREE","damage_taken":0,"max_hp_gain":0,"max_hp_loss":0,"event_name":"Liars Game","floor":10,"gold_loss":0,"cards_obtained":["Doubt"]},{"damage_healed":21,"gold_gain":0,"player_choice":"Heal","damage_taken":0,"max_hp_gain":0,"max_hp_loss":0,"event_name":"The Library","floor":19,"gold_loss":0},{"damage_healed":0,"gold_gain":0,"player_choice":"Opened","damage_taken":0,"relics_obtained":["Blood Vial"],"max_hp_gain":0,"max_hp_loss":0,"event_name":"The Mausoleum","floor":20,"gold_loss":0,"cards_obtained":["Writhe"]},{"damage_healed":0,"gold_gain":0,"player_choice":"Became a Ghost","damage_taken":0,"max_hp_gain":0,"max_hp_loss":32,"event_name":"Ghosts","floor":22,"gold_loss":0,"cards_obtained":["Ghostly","Ghostly","Ghostly","Ghostly","Ghostly"]},{"damage_healed":0,"gold_gain":0,"player_choice":"Obtained Book","damage_taken":16,"max_hp_gain":0,"max_hp_loss":0,"event_name":"Cursed Tome","floor":25,"gold_loss":0},{"damage_healed":0,"gold_gain":0,"player_choice":"Obtained Relic","damage_taken":0,"relics_obtained":["Ornamental Fan"],"max_hp_gain":0,"max_hp_loss":0,"event_name":"Addict","floor":29,"gold_loss":85},{"damage_healed":0,"gold_gain":0,"player_choice":"Copied","damage_taken":0,"max_hp_gain":0,"max_hp_loss":0,"event_name":"Duplicator","floor":38,"gold_loss":0,"cards_obtained":["Malaise"]},{"cards_removed":["Cloak And Dagger"],"damage_healed":0,"gold_gain":0,"player_choice":"Removed Skill","damage_taken":0,"max_hp_gain":0,"max_hp_loss":0,"event_name":"Falling","floor":45,"gold_loss":0}],"is_beta":false,"boss_relics":[{"not_picked":["Sozu","Ring of the Serpent"],"picked":"Fusion Hammer"},{"not_picked":["Empty Cage","Astrolabe"],"picked":"Lizard Tail"}],"items_purged_floors":[5,30],"is_endless":false,"potions_floor_spawned":[7,11,13,16,21,23,27,31,35,44,47],"ascension_level":8}