{"gold_per_floor":[117,117,133,153,10,38,38,72,97,97,128,128,27,53,53,150,150,166,91,91,106,125,125,35,35,109,109,139,39,51,51,51,51],"floor_reached":33,"playtime":1243,"items_purged":["Pain","Writhe"],"score":407,"play_id":"66bf2d6d-132e-4920-9b5c-dc54e148c628","local_time":"20190303200613","is_ascension_mode":true,"campfire_choices":[{"floor":7,"key":"REST"},{"floor":10,"key":"REST"},{"floor":12,"key":"REST"},{"floor":15,"key":"REST"},{"floor":23,"key":"REST"},{"floor":27,"key":"REST"},{"floor":32,"key":"REST"}],"neow_cost":"NONE","seed_source_timestamp":437128976129800,"circlet_count":0,"master_deck":["AscendersBane","Strike_R","Strike_R","Strike_R","Strike_R","Defend_R","Defend_R","Defend_R","Defend_R","Bash","Flex","Disarm","Exhume","Bludgeon","Infernal Blade+1","Cleave","Seeing Red","Immolate","Heavy Blade+1","Spot Weakness","Rage"],"relics":["Burning Blood","NeowsBlessing","WarpedTongs","Juzu Bracelet","Vajra","Pen Nib","Oddly Smooth Stone","Happy Flower","Lantern","White Beast Statue","Ornamental Fan","Tiny Chest","Peace Pipe"],"potions_floor_usage":[11,14,14,16,18,20,22,22,33],"damage_taken":[{"damage":0,"enemies":"2 Louse","floor":1,"turns":1},{"damage":0,"enemies":"Cultist","floor":3,"turns":1},{"damage":0,"enemies":"Jaw Worm","floor":4,"turns":1},{"damage":61,"enemies":"3 Sentries","floor":6,"turns":10},{"damage":33,"enemies":"Gremlin Nob","floor":8,"turns":4},{"damage":30,"enemies":"3 Sentries","floor":11,"turns":6},{"damage":6,"enemies":"Gremlin Nob","floor":14,"turns":3},{"damage":35,"enemies":"The Guardian","floor":16,"turns":8},{"damage":28,"enemies":"Shell Parasite","floor":18,"turns":4},{"damage":0,"enemies":"3 Byrds","floor":20,"turns":1},{"damage":5,"enemies":"Snake Plant","floor":21,"turns":3},{"damage":36,"enemies":"Centurion and Healer","floor":22,"turns":4},{"damage":30,"enemies":"Colosseum Slavers","floor":25,"turns":3},{"damage":6,"enemies":"Chosen and Byrds","floor":30,"turns":5},{"damage":99,"enemies":"Automaton","floor":33,"turns":8}],"seed_played":"7412526155574065272","potions_obtained":[{"floor":8,"key":"Energy Potion"},{"floor":14,"key":"FairyPotion"},{"floor":16,"key":"SmokeBomb"},{"floor":18,"key":"PowerPotion"},{"floor":21,"key":"Energy Potion"},{"floor":22,"key":"BloodPotion"},{"floor":30,"key":"SteroidPotion"}],"is_trial":false,"path_per_floor":["M","?","M","M","$","E","R","E","T","R","E","R","$","E","R","B",null,"M","$","M","M","M","R","?","?","T","R","?","$","M","T","R","B"],"character_chosen":"IRONCLAD","items_purchased":["Juzu Bracelet","EntropicBrew"],"campfire_rested":7,"item_purchase_floors":[5,13],"current_hp_per_floor":[78,78,80,80,80,25,49,22,22,46,22,46,46,46,70,41,70,48,48,54,55,25,49,49,25,25,49,49,49,49,49,73,0],"gold":51,"neow_bonus":"THREE_ENEMY_KILL","is_prod":false,"is_daily":false,"chose_seed":false,"campfire_upgraded":0,"win_rate":0,"timestamp":1551639973,"path_taken":["M","?","?","M","$","E","R","E","T","R","E","R","?","E","R","BOSS","M","$","M","M","M","R","?","?","T","R","?","?","M","?","R","BOSS"],"build_version":"2019-01-23","purchased_purges":2,"victory":false,"max_hp_per_floor":[80,80,80,80,80,80,80,80,80,80,80,80,80,80,80,80,80,80,80,80,80,80,80,80,80,80,80,80,80,80,80,80,80],"card_choices":[{"not_picked":["Wild Strike","Dropkick"],"picked":"Flex","floor":1},{"not_picked":["Feel No Pain","Iron Wave"],"picked":"Disarm","floor":3},{"not_picked":["Body Slam","Heavy Blade"],"picked":"Exhume","floor":4},{"not_picked":["Pummel","Clothesline"],"picked":"Bludgeon","floor":6},{"not_picked":["Flex","Dual Wield"],"picked":"Infernal Blade","floor":8},{"not_picked":["Clothesline","Perfected Strike"],"picked":"Cleave","floor":11},{"not_picked":["Burning Pact","Corruption"],"picked":"Seeing Red","floor":14},{"not_picked":["Juggernaut","Fiend Fire"],"picked":"Immolate","floor":16},{"not_picked":["Warcry+1","Sword Boomerang+1"],"picked":"Heavy Blade+1","floor":18},{"not_picked":["Headbutt","Heavy Blade","Sword Boomerang+1"],"picked":"SKIP","floor":21},{"not_picked":["Dropkick","Pummel"],"picked":"Spot Weakness","floor":22},{"not_picked":["Cleave","Rampage"],"picked":"Rage","floor":30}],"player_experience":1448293,"relics_obtained":[{"floor":6,"key":"Vajra"},{"floor":8,"key":"Pen Nib"},{"floor":9,"key":"Oddly Smooth Stone"},{"floor":11,"key":"Happy Flower"},{"floor":14,"key":"Lantern"},{"floor":26,"key":"Ornamental Fan"},{"floor":31,"key":"Peace Pipe"}],"event_choices":[{"damage_healed":0,"gold_gain":0,"player_choice":"Rummage","damage_taken":0,"relics_obtained":["WarpedTongs"],"max_hp_gain":0,"max_hp_loss":0,"event_name":"Accursed Blacksmith","floor":2,"gold_loss":0,"cards_obtained":["Pain"]},{"cards_removed":["Strike_R"],"damage_healed":0,"gold_gain":0,"player_choice":"Upgrade and Remove","damage_taken":0,"max_hp_gain":0,"max_hp_loss":0,"event_name":"Designer","floor":24,"gold_loss":90,"cards_upgraded":["Infernal Blade"]},{"damage_healed":0,"gold_gain":0,"player_choice":"Fight","damage_taken":0,"max_hp_gain":0,"max_hp_loss":0,"event_name":"Colosseum","floor":25,"gold_loss":0},{"damage_healed":0,"gold_gain":0,"player_choice":"Fled From Nobs","damage_taken":0,"max_hp_gain":0,"max_hp_loss":0,"event_name":"Colosseum","floor":25,"gold_loss":0},{"damage_healed":0,"gold_gain":0,"player_choice":"Opened","damage_taken":0,"relics_obtained":["Tiny Chest"],"max_hp_gain":0,"max_hp_loss":0,"event_name":"The Mausoleum","floor":28,"gold_loss":0,"cards_obtained":["Writhe"]}],"is_beta":false,"boss_relics":[{"not_picked":["Tiny House","Fusion Hammer"],"picked":"White Beast Statue"}],"items_purged_floors":[19,29],"is_endless":false,"potions_floor_spawned":[8,14,16,18,20,21,22,25,30],"killed_by":"Automaton","ascension_level":10}