{"gold_per_floor":[111,121,71,71,35,35,65,65,65,65,65,43,43,63,63,165,165,178,178,192,142,142],"floor_reached":22,"playtime":698,"items_purged":[],"score":287,"play_id":"b673474b-721b-4b7a-97e5-716ee43459ef","local_time":"20190125191245","is_ascension_mode":true,"campfire_choices":[{"data":"Hologram","floor":6,"key":"SMITH"},{"data":"Zap","floor":11,"key":"SMITH"},{"data":"Lockon","floor":13,"key":"SMITH"},{"data":"Static Discharge","floor":15,"key":"SMITH"}],"neow_cost":"NONE","seed_source_timestamp":178090968398300,"circlet_count":0,"master_deck":["Strike_B","Strike_B","Strike_B","Defend_B","Defend_B","Defend_B","Defend_B","Zap+1","Dualcast","Lockon+1","Hologram+1","Recycle","Static Discharge+1","Streamline","Double Energy","Echo Form","Capacitor"],"relics":["Cracked Core","Mango","FossilizedHelix","Dodecahedron","Philosopher\u0027s Stone","Nloth\u0027s Gift"],"potions_floor_usage":[18,18],"damage_taken":[{"damage":0,"enemies":"Small Slimes","floor":1,"turns":1},{"damage":0,"enemies":"Jaw Worm","floor":2,"turns":1},{"damage":0,"enemies":"Gremlin Nob","floor":7,"turns":1},{"damage":0,"enemies":"2 Louse","floor":14,"turns":2},{"damage":18,"enemies":"The Guardian","floor":16,"turns":7},{"damage":59,"enemies":"3 Byrds","floor":18,"turns":3},{"damage":18,"enemies":"Spheric Guardian","floor":20,"turns":3},{"damage":20,"enemies":"Centurion and Healer","floor":22,"turns":6}],"seed_played":"-4413619822704123905","potions_obtained":[{"floor":2,"key":"FearPotion"},{"floor":16,"key":"Regen Potion"}],"is_trial":false,"path_per_floor":["M","M","?","?","$","R","E","?","T","?","R","$","R","M","R","B",null,"M","?","M","?","M"],"character_chosen":"DEFECT","items_purchased":["Recycle","Streamline"],"campfire_rested":0,"item_purchase_floors":[5,12],"current_hp_per_floor":[68,68,68,82,82,82,82,82,82,89,89,89,89,89,89,71,85,35,35,17,17,0],"gold":142,"neow_bonus":"THREE_ENEMY_KILL","is_prod":false,"is_daily":false,"chose_seed":false,"campfire_upgraded":4,"win_rate":0,"timestamp":1548439965,"path_taken":["M","M","?","?","?","R","E","?","T","?","R","$","R","?","R","BOSS","M","?","?","?","M"],"build_version":"2019-01-23","purchased_purges":0,"victory":false,"max_hp_per_floor":[75,75,75,89,89,89,89,89,89,89,89,89,89,89,89,89,89,89,89,89,89,89],"card_choices":[{"not_picked":["Rebound","Beam Cell"],"picked":"Lockon","floor":1},{"not_picked":["BootSequence","Stack"],"picked":"Hologram","floor":2},{"not_picked":["Glacier","Stack"],"picked":"Static Discharge","floor":7},{"not_picked":["Hyperbeam","Beam Cell"],"picked":"Double Energy","floor":14},{"not_picked":["Meteor Strike","Thunder Strike"],"picked":"Echo Form","floor":16},{"not_picked":["Lockon","Gash+1"],"picked":"Capacitor","floor":18},{"not_picked":["Skim+1","Aggregate+1","Capacitor"],"picked":"SKIP","floor":20}],"player_experience":1290192,"relics_obtained":[{"floor":7,"key":"FossilizedHelix"},{"floor":9,"key":"Dodecahedron"}],"event_choices":[{"cards_removed":["Strike_B"],"damage_healed":0,"gold_gain":0,"player_choice":"Card Removal","damage_taken":0,"max_hp_gain":0,"max_hp_loss":0,"event_name":"The Cleric","floor":3,"gold_loss":50},{"damage_healed":0,"gold_gain":0,"player_choice":"Box","damage_taken":0,"relics_obtained":["Mango"],"max_hp_gain":0,"max_hp_loss":0,"event_name":"Big Fish","floor":4,"gold_loss":0,"cards_obtained":["Regret"]},{"cards_removed":["Regret"],"damage_healed":0,"gold_gain":0,"player_choice":"Forget","damage_taken":0,"max_hp_gain":0,"max_hp_loss":0,"event_name":"Living Wall","floor":8,"gold_loss":0},{"damage_healed":7,"gold_gain":0,"player_choice":"Full Heal","damage_taken":0,"max_hp_gain":0,"max_hp_loss":0,"event_name":"Wheel of Change","floor":10,"gold_loss":0},{"damage_healed":0,"gold_gain":0,"player_choice":"Traded Relic","damage_taken":0,"relics_obtained":["Nloth\u0027s Gift"],"max_hp_gain":0,"max_hp_loss":0,"event_name":"N\u0027loth","floor":19,"relics_lost":["NeowsBlessing"],"gold_loss":0},{"damage_healed":0,"gold_gain":0,"player_choice":"Bet on Murderer","damage_taken":0,"max_hp_gain":0,"max_hp_loss":0,"event_name":"The Joust","floor":21,"gold_loss":50}],"is_beta":false,"boss_relics":[{"not_picked":["Sozu","Ectoplasm"],"picked":"Philosopher\u0027s Stone"}],"items_purged_floors":[],"is_endless":false,"potions_floor_spawned":[2,16],"killed_by":"Centurion and Healer","ascension_level":8}