{"gold_per_floor":[112,112,123,135,135,135,153,187,187,66,78,105,117,131,131,234,234,254,273,76,87,106,106,106,141,186,198,230,257,269,281,293,404,416,441,553,565,594,606,618,660,672,732,771,801,813,158,182,182,182,182,182,57,85,85],"floor_reached":56,"playtime":3067,"items_purged":["Strike_R","Strike_R","Strike_R"],"score":1621,"play_id":"818f0224-1f95-437a-93ce-0eb9360825bf","local_time":"20190425120051","is_ascension_mode":true,"campfire_choices":[{"data":"Rampage","floor":6.0,"key":"SMITH"},{"data":"True Grit","floor":15.0,"key":"SMITH"},{"data":"Limit Break","floor":23,"key":"SMITH"},{"data":"Armaments","floor":30,"key":"SMITH"},{"data":"Rage","floor":32,"key":"SMITH"},{"data":"Exhume","floor":40,"key":"SMITH"},{"data":"Shrug It Off","floor":42,"key":"SMITH"},{"data":"Battle Trance","floor":46,"key":"SMITH"},{"floor":49,"key":"RECALL"},{"data":"Battle Trance","floor":52,"key":"SMITH"}],"neow_cost":"NONE","seed_source_timestamp":0,"circlet_count":0,"master_deck":["Strike_R","Strike_R","Defend_R","Defend_R","Defend_R","Defend_R","Bash","Reaper","Shrug It Off+1","Rampage+1","Uppercut","Battle Trance+1","Thunderclap","Armaments+1","Dropkick","True Grit+1","Anger","Limit Break+1","Reckless Charge","Flame Barrier","RitualDagger","Clothesline","Ghostly","Ghostly","Ghostly","Ghostly","Ghostly","Rage+1","Sword Boomerang","Exhume+1","Heavy Blade+1","Whirlwind+1","Shrug It Off","Battle Trance+1"],"special_seed":0,"relics":["Burning Blood","Singing Bowl","Vajra","Unceasing Top","Oddly Smooth Stone","Bag of Marbles","Sozu","Brimstone","Dodecahedron","MawBank","Busted Crown","Nunchaku","Darkstone Periapt","Omamori","Blood Vial","Strange Spoon","Orichalcum","Centennial Puzzle","Bronze Scales"],"potions_floor_usage":[55,55],"damage_taken":[{"damage":1.0,"enemies":"Cultist","floor":1.0,"turns":3.0},{"damage":8.0,"enemies":"Jaw Worm","floor":3.0,"turns":4.0},{"damage":7.0,"enemies":"2 Louse","floor":4.0,"turns":3.0},{"damage":13.0,"enemies":"Looter","floor":7.0,"turns":4.0},{"damage":32.0,"enemies":"Gremlin Nob","floor":8.0,"turns":4.0},{"damage":0.0,"enemies":"Large Slime","floor":11.0,"turns":5.0},{"damage":30.0,"enemies":"3 Sentries","floor":12.0,"turns":8.0},{"damage":3.0,"enemies":"2 Fungi Beasts","floor":13.0,"turns":3.0},{"damage":7.0,"enemies":"3 Louse","floor":14.0,"turns":3.0},{"damage":68.0,"enemies":"Hexaghost","floor":16.0,"turns":12.0},{"damage":0,"enemies":"Chosen","floor":18,"turns":4},{"damage":16,"enemies":"2 Thieves","floor":19,"turns":3},{"damage":4,"enemies":"Centurion and Healer","floor":21,"turns":3},{"damage":0,"enemies":"Snake Plant","floor":22,"turns":2},{"damage":10,"enemies":"Book of Stabbing","floor":25,"turns":4},{"damage":2,"enemies":"Sentry and Sphere","floor":28,"turns":4},{"damage":0,"enemies":"Chosen and Byrds","floor":29,"turns":5},{"damage":1,"enemies":"Champ","floor":33,"turns":7},{"damage":0,"enemies":"3 Shapes","floor":35,"turns":4},{"damage":0,"enemies":"Mind Bloom Boss Battle","floor":36,"turns":3},{"damage":0,"enemies":"3 Darklings","floor":38,"turns":3},{"damage":0,"enemies":"Nemesis","floor":41,"turns":5},{"damage":1,"enemies":"Reptomancer","floor":44,"turns":4},{"damage":0,"enemies":"Spire Growth","floor":45,"turns":3},{"damage":0,"enemies":"Time Eater","floor":50,"turns":7},{"damage":0,"enemies":"Shield and Spear","floor":54,"turns":4},{"damage":28,"enemies":"The Heart","floor":55,"turns":9}],"seed_played":"5545133697489980931","potions_obtained":[{"floor":4.0,"key":"Block Potion"},{"floor":7.0,"key":"Fruit Juice"},{"floor":11.0,"key":"Weak Potion"},{"floor":12.0,"key":"LiquidBronze"},{"floor":13.0,"key":"FairyPotion"}],"is_trial":false,"path_per_floor":["M","T","M","M","?","R","M","E","T","$","M","E","M","M","R","B",null,"M","M","$","M","M","R","?","E","T","?","M","M","R","?","R","B",null,"M","?","?","M","?","R","E","R","T","E","M","R","$","T","R","B",null,"R","$","E","B",null],"character_chosen":"IRONCLAD","items_purchased":["Armaments","Brimstone","Strange Spoon","Orichalcum","Centennial Puzzle","Battle Trance"],"campfire_rested":0,"item_purchase_floors":[10,20,47,47,47,47],"current_hp_per_floor":[80,80,78,79,79,79,72,49,49,49,58,49,57,60,60,14,69,82,72,72,89,91,91,85,81,81,45,45,45,45,39,39,44,49,50,52,49,51,51,51,51,51,51,53,53,53,53,53,53,53,53,53,53,55,55],"gold":85,"neow_bonus":"ONE_RANDOM_RARE_CARD","is_prod":false,"is_daily":false,"chose_seed":false,"campfire_upgraded":9,"win_rate":0,"timestamp":1556218851,"path_taken":["M","?","M","M","?","R","M","E","T","$","M","E","M","?","R","BOSS","M","M","$","M","M","R","?","E","T","?","M","M","R","?","R","BOSS","M","?","?","M","?","R","E","R","T","E","M","R","$","?","R","BOSS","R","$","E","BOSS"],"build_version":"2019-01-23","purchased_purges":3,"victory":true,"max_hp_per_floor":[80,80,80,80,80,80,80,80,80,80,80,80,85,87,87,87,87,87,87,87,89,91,91,91,91,91,45,45,45,45,50,50,50,50,50,52,49,51,51,51,51,51,51,53,53,53,53,53,53,53,53,53,53,55,55],"card_choices":[{"not_picked":["Havoc","Burning Pact"],"picked":"Shrug It Off","floor":1.0},{"not_picked":["Shrug It Off","Flex"],"picked":"Rampage","floor":3.0},{"not_picked":["Cleave","Infernal Blade"],"picked":"Uppercut","floor":4.0},{"not_picked":["Evolve","Uppercut"],"picked":"Battle Trance","floor":7.0},{"not_picked":["Carnage","Body Slam"],"picked":"Thunderclap","floor":8.0},{"not_picked":["Body Slam","Battle Trance"],"picked":"Dropkick","floor":11.0},{"not_picked":["Cleave","Havoc"],"picked":"True Grit","floor":12.0},{"not_picked":["Cleave","Iron Wave"],"picked":"Anger","floor":13.0},{"not_picked":["Entrench","Dark Embrace","Rupture"],"picked":"Singing Bowl","floor":14.0},{"not_picked":["Double Tap","Barricade"],"picked":"Limit Break","floor":16.0},{"not_picked":["Shrug It Off","True Grit+1"],"picked":"Reckless Charge","floor":18},{"not_picked":["Blood for Blood","Shockwave"],"picked":"Flame Barrier","floor":19},{"not_picked":["Bloodletting","Perfected Strike","True Grit+1"],"picked":"Singing Bowl","floor":21},{"not_picked":["Pommel Strike+1","Armaments","Perfected Strike"],"picked":"Singing Bowl","floor":22},{"not_picked":["Armaments+1","Juggernaut"],"picked":"Clothesline","floor":25},{"not_picked":["Pommel Strike","Spot Weakness"],"picked":"Rage","floor":28},{"not_picked":["Clothesline","Blood for Blood"],"picked":"Sword Boomerang","floor":29},{"not_picked":["Offering","Impervious"],"picked":"Exhume","floor":33},{"not_picked":[],"picked":"Heavy Blade+1","floor":35},{"not_picked":["Wild Strike+1"],"picked":"Singing Bowl","floor":36},{"not_picked":["Flex+1"],"picked":"Singing Bowl","floor":38},{"not_picked":[],"picked":"Whirlwind+1","floor":41},{"not_picked":["Warcry"],"picked":"Singing Bowl","floor":44},{"not_picked":[],"picked":"Shrug It Off","floor":45},{"not_picked":["Clothesline+1"],"picked":"Singing Bowl","floor":54}],"player_experience":358356,"relics_obtained":[{"floor":2.0,"key":"Singing Bowl"},{"floor":8.0,"key":"Unceasing Top"},{"floor":9.0,"key":"Oddly Smooth Stone"},{"floor":12.0,"key":"Bag of Marbles"},{"floor":25,"key":"Dodecahedron"},{"floor":26,"key":"MawBank"},{"floor":36,"key":"Nunchaku"},{"floor":41,"key":"Darkstone Periapt"},{"floor":43,"key":"Omamori"},{"floor":44,"key":"Blood Vial"},{"floor":54,"key":"Bronze Scales"}],"event_choices":[{"damage_healed":0.0,"max_hp_gain":0.0,"max_hp_loss":0.0,"gold_gain":0.0,"event_name":"WeMeetAgain","player_choice":"Gave Potion","floor":5.0,"gold_loss":0.0,"damage_taken":0.0,"relics_obtained":["Vajra"]},{"damage_healed":0,"gold_gain":0,"player_choice":"Joined the Cult","damage_taken":6,"max_hp_gain":0,"max_hp_loss":0,"event_name":"Nest","floor":24,"gold_loss":0,"cards_obtained":["RitualDagger"]},{"damage_healed":0,"gold_gain":0,"player_choice":"Became a Ghost","damage_taken":0,"max_hp_gain":0,"max_hp_loss":46,"event_name":"Ghosts","floor":27,"gold_loss":0,"cards_obtained":["Ghostly","Ghostly","Ghostly","Ghostly","Ghostly"]},{"damage_healed":0,"gold_gain":0,"player_choice":"Shed Blood","damage_taken":11,"max_hp_gain":5,"max_hp_loss":0,"event_name":"Forgotten Altar","floor":31,"gold_loss":0},{"damage_healed":0,"gold_gain":0,"player_choice":"Fight","damage_taken":0,"max_hp_gain":0,"max_hp_loss":0,"event_name":"MindBloom","floor":36,"gold_loss":0},{"damage_healed":0,"gold_gain":0,"player_choice":"Max HP","damage_taken":0,"max_hp_gain":0,"max_hp_loss":3,"event_name":"Winding Halls","floor":37,"gold_loss":0},{"damage_healed":0,"gold_gain":0,"player_choice":"Ignored","damage_taken":0,"max_hp_gain":0,"max_hp_loss":0,"event_name":"Tomb of Lord Red Mask","floor":39,"gold_loss":0}],"is_beta":false,"boss_relics":[{"not_picked":["Tiny House","Black Blood"],"picked":"Sozu"},{"not_picked":["Runic Dome","Astrolabe"],"picked":"Busted Crown"}],"items_purged_floors":[10,47,53],"is_endless":false,"potions_floor_spawned":[4,7,11,12,13,14,19,22,28,36,45,54],"ascension_level":5}