{"gold_per_floor":[365,440,67,67,87,87,87,97,127,161,161,131,31,47,47,149,149,130,130,130,5,5,31,31,57,109,34,34,85,96,114,114,114],"floor_reached":33,"playtime":1736,"items_purged":["Strike_G","Defend_G","Strike_G"],"score":430,"play_id":"1ccc926e-0718-402f-8b5a-4b506a3c56b4","local_time":"20190126190042","is_ascension_mode":true,"campfire_choices":[{"floor":6,"key":"REST"},{"floor":11,"key":"REST"},{"floor":15,"key":"REST"},{"data":"Wraith Form v2","floor":24,"key":"SMITH"},{"floor":28,"key":"REST"},{"floor":32,"key":"REST"}],"neow_cost":"CURSE","seed_source_timestamp":262730140854100,"circlet_count":0,"master_deck":["Defend_G+1","Defend_G","Strike_G","Survivor+1","Neutralize","Dash","Deadly Poison","Riddle With Holes","Outmaneuver","Tools of the Trade","Deadly Poison","Caltrops","Wraith Form v2+1","Catalyst","Ghostly","Ghostly","Ghostly","Ghostly","Ghostly","Catalyst"],"relics":["Ring of the Snake","Ice Cream","Tiny Chest","Singing Bowl","Empty Cage","Regal Pillow","Calipers","Anchor","Ancient Tea Set"],"potions_floor_usage":[16,23,23,33],"damage_taken":[{"damage":0,"enemies":"2 Louse","floor":1,"turns":3},{"damage":0,"enemies":"Cultist","floor":5,"turns":4},{"damage":0,"enemies":"Jaw Worm","floor":8,"turns":4},{"damage":22,"enemies":"3 Sentries","floor":10,"turns":15},{"damage":0,"enemies":"Looter","floor":12,"turns":4},{"damage":10,"enemies":"2 Fungi Beasts","floor":14,"turns":4},{"damage":32,"enemies":"The Guardian","floor":16,"turns":8},{"damage":2,"enemies":"2 Thieves","floor":18,"turns":4},{"damage":7,"enemies":"Gremlin Leader","floor":23,"turns":9},{"damage":17,"enemies":"Slavers","floor":25,"turns":12},{"damage":2,"enemies":"Spheric Guardian","floor":30,"turns":6},{"damage":8,"enemies":"3 Cultists","floor":31,"turns":9},{"damage":63,"enemies":"Automaton","floor":33,"turns":12}],"seed_played":"2160603762065533713","potions_obtained":[{"floor":14,"key":"SteroidPotion"},{"floor":16,"key":"GhostInAJar"},{"floor":18,"key":"Fire Potion"},{"floor":31,"key":"Fire Potion"}],"is_trial":false,"path_per_floor":["M","?","$","?","M","R","?","M","T","E","R","M","$","M","R","B",null,"M","?","?","$","?","E","R","E","T","?","R","T","M","M","R","B"],"character_chosen":"THE_SILENT","items_purchased":["Ice Cream"],"campfire_rested":5,"item_purchase_floors":[3],"current_hp_per_floor":[63,52,52,38,38,59,59,59,59,37,58,58,58,48,69,37,62,60,47,37,37,37,32,32,17,17,17,41,41,39,33,43,0],"gold":114,"neow_bonus":"TWO_FIFTY_GOLD","is_prod":false,"is_daily":false,"chose_seed":false,"campfire_upgraded":1,"win_rate":0,"timestamp":1548525642,"path_taken":["M","?","$","?","M","R","?","M","T","E","R","?","$","?","R","BOSS","M","?","?","$","?","E","R","E","T","?","R","?","M","M","R","BOSS"],"build_version":"2019-01-23","purchased_purges":3,"victory":false,"max_hp_per_floor":[70,70,70,70,70,70,70,70,70,70,70,70,70,70,70,70,70,70,75,37,37,37,39,39,41,41,41,41,41,41,43,43,43],"card_choices":[{"not_picked":["Slice","Prepared"],"picked":"Dash","floor":1},{"not_picked":["Choke","Blade Dance"],"picked":"Deadly Poison","floor":5},{"not_picked":["Bane","Poisoned Stab"],"picked":"Outmaneuver","floor":8},{"not_picked":["Slice","Masterful Stab"],"picked":"Tools of the Trade","floor":10},{"not_picked":["Dagger Throw","Cloak And Dagger"],"picked":"Deadly Poison","floor":12},{"not_picked":["Infinite Blades","Blade Dance"],"picked":"Caltrops","floor":14},{"not_picked":["Storm of Steel","Grand Finale"],"picked":"Wraith Form v2","floor":16},{"not_picked":["Masterful Stab+1","Concentrate"],"picked":"Catalyst","floor":18},{"not_picked":["Dagger Throw","Slice","Bane"],"picked":"Singing Bowl","floor":23},{"not_picked":["Acrobatics","Bane","Blade Dance"],"picked":"Singing Bowl","floor":25},{"not_picked":["Finisher","PiercingWail+1"],"picked":"Catalyst","floor":30},{"not_picked":["Dagger Spray+1","Well Laid Plans","After Image"],"picked":"Singing Bowl","floor":31}],"player_experience":1315840,"relics_obtained":[{"floor":9,"key":"Tiny Chest"},{"floor":10,"key":"Singing Bowl"},{"floor":23,"key":"Regal Pillow"},{"floor":25,"key":"Calipers"},{"floor":26,"key":"Anchor"},{"floor":29,"key":"Ancient Tea Set"}],"event_choices":[{"damage_healed":0,"gold_gain":75,"player_choice":"Gather Gold","damage_taken":11,"max_hp_gain":0,"max_hp_loss":0,"event_name":"World of Goop","floor":2,"gold_loss":0},{"damage_healed":0,"gold_gain":0,"player_choice":"Entered Light","damage_taken":14,"max_hp_gain":0,"max_hp_loss":0,"event_name":"Shining Light","floor":4,"gold_loss":0,"cards_upgraded":["Defend_G","Survivor"]},{"damage_healed":0,"gold_gain":0,"cards_transformed":["Strike_G"],"player_choice":"Transformed","damage_taken":0,"max_hp_gain":0,"max_hp_loss":0,"event_name":"Transmorgrifier","floor":7,"gold_loss":0,"cards_obtained":["Riddle With Holes"]},{"damage_healed":0,"gold_gain":0,"player_choice":"Shed Blood","damage_taken":18,"max_hp_gain":5,"max_hp_loss":0,"event_name":"Forgotten Altar","floor":19,"gold_loss":0},{"damage_healed":0,"gold_gain":0,"player_choice":"Became a Ghost","damage_taken":0,"max_hp_gain":0,"max_hp_loss":38,"event_name":"Ghosts","floor":20,"gold_loss":0,"cards_obtained":["Ghostly","Ghostly","Ghostly","Ghostly","Ghostly"]},{"cards_removed":["Defend_G"],"damage_healed":0,"gold_gain":0,"player_choice":"Elegance","damage_taken":0,"max_hp_gain":0,"max_hp_loss":0,"event_name":"Back to Basics","floor":22,"gold_loss":0},{"cards_removed":["Clumsy"],"damage_healed":0,"gold_gain":0,"player_choice":"Gave Gold","damage_taken":0,"max_hp_gain":0,"max_hp_loss":0,"event_name":"Beggar","floor":27,"gold_loss":75}],"is_beta":false,"boss_relics":[{"not_picked":["Ectoplasm","Pandora\u0027s Box"],"picked":"Empty Cage"}],"items_purged_floors":[3,13,21],"is_endless":false,"potions_floor_spawned":[14,16,18,31],"killed_by":"Automaton","ascension_level":9}