{"gold_per_floor":[114,74,74,74,74,74,109,109,134,178,178,178,202,5,5,125,125,141,156,81,105,15,15,59,59,83,102,102],"floor_reached":28,"playtime":1588,"items_purged":[],"score":290,"play_id":"c1c69cda-9a14-4965-aebb-c7d3de1290ef","local_time":"20181006144423","is_ascension_mode":true,"campfire_choices":[{"data":"Berserk","floor":6,"key":"SMITH"},{"floor":8,"key":"REST"},{"data":"Body Slam","floor":11,"key":"SMITH"},{"floor":15,"key":"REST"},{"data":"Body Slam","floor":23,"key":"SMITH"},{"floor":25,"key":"REST"}],"neow_cost":"NONE","seed_source_timestamp":2929951446700,"circlet_count":0,"master_deck":["Strike_R","Strike_R","Defend_R+1","Defend_R","Defend_R","Defend_R","Bash","Heavy Blade","Dual Wield+1","Berserk+1","Injury","Demon Form","Body Slam+1","Shrug It Off","Limit Break","Whirlwind","Pummel","Body Slam+1","Flame Barrier","True Grit+1"],"relics":["Burning Blood","Golden Idol","Happy Flower","Red Skull","Mercury Hourglass","Membership Card","Velvet Choker","PreservedInsect","Pantograph","War Paint"],"potions_floor_usage":[7,10,21,27],"damage_taken":[{"damage":13,"enemies":"Small Slimes","floor":1,"turns":4},{"damage":54,"enemies":"Lagavulin","floor":7,"turns":8},{"damage":8,"enemies":"Gremlin Nob","floor":10,"turns":3},{"damage":0,"enemies":"2 Louse","floor":13,"turns":1},{"damage":19,"enemies":"Slime Boss","floor":16,"turns":7},{"damage":28,"enemies":"2 Thieves","floor":18,"turns":4},{"damage":34,"enemies":"3 Byrds","floor":19,"turns":3},{"damage":4,"enemies":"3 Cultists","floor":21,"turns":3},{"damage":14,"enemies":"Slavers","floor":24,"turns":3},{"damage":71,"enemies":"Centurion and Healer","floor":27,"turns":8},{"damage":12,"enemies":"Snake Plant","floor":28,"turns":2}],"seed_played":"2193415592640839362","potions_obtained":[{"floor":1,"key":"Strength Potion"},{"floor":7,"key":"Energy Potion"},{"floor":19,"key":"BloodPotion"},{"floor":21,"key":"Fruit Juice"}],"is_trial":false,"path_per_floor":["M","$","?","?","?","R","E","R","T","E","R","?","M","$","R","B",null,"M","M","?","M","$","R","E","R","T","M"],"character_chosen":"IRONCLAD","items_purchased":["Dual Wield","Membership Card","PreservedInsect","Flame Barrier"],"campfire_rested":3,"item_purchase_floors":[2,14,22,22],"current_hp_per_floor":[81,81,81,74,74,74,26,52,52,50,50,42,48,48,74,61,88,66,38,38,45,45,45,37,64,64,8,0],"gold":102,"neow_bonus":"TEN_PERCENT_HP_BONUS","is_prod":false,"is_daily":false,"chose_seed":false,"campfire_upgraded":3,"win_rate":0,"timestamp":1538829863,"path_taken":["M","$","?","?","?","R","E","R","T","E","R","?","?","?","R","BOSS","M","?","?","M","$","R","E","R","T","?","M"],"build_version":"2018-10-04v2","purchased_purges":0,"victory":false,"max_hp_per_floor":[88,88,88,88,88,88,88,88,88,88,88,88,88,88,88,88,88,88,88,88,93,93,93,93,93,93,93,93],"card_choices":[{"not_picked":["Iron Wave","Sword Boomerang"],"picked":"Heavy Blade","floor":1},{"not_picked":["True Grit","Bloodletting"],"picked":"Demon Form","floor":7},{"not_picked":["Dropkick","Power Through"],"picked":"Body Slam","floor":10},{"not_picked":["Warcry","Shockwave"],"picked":"Shrug It Off","floor":13},{"not_picked":["Juggernaut","Offering"],"picked":"Limit Break","floor":16},{"not_picked":["Perfected Strike","Thunderclap"],"picked":"Whirlwind","floor":18},{"not_picked":["Sword Boomerang+1","Cleave"],"picked":"Pummel","floor":19},{"not_picked":["Combust","Evolve"],"picked":"Body Slam","floor":21},{"not_picked":["Anger","Dark Embrace"],"picked":"True Grit+1","floor":24},{"not_picked":["Whirlwind","Sever Soul","Rupture"],"picked":"SKIP","floor":27}],"player_experience":560888,"relics_obtained":[{"floor":7,"key":"Happy Flower"},{"floor":9,"key":"Red Skull"},{"floor":10,"key":"Mercury Hourglass"},{"floor":24,"key":"Pantograph"},{"floor":26,"key":"War Paint"}],"event_choices":[{"event_name":"Living Wall","player_choice":"Change","floor":3,"damage_taken":0},{"event_name":"Golden Wing","player_choice":"Card Removal","floor":4,"damage_taken":0},{"event_name":"Golden Idol","player_choice":"Take Wound","floor":5,"damage_taken":0},{"event_name":"Wheel of Change","player_choice":"Damage","floor":12,"damage_taken":0},{"event_name":"Beggar","player_choice":"Gave Gold","floor":20,"damage_taken":0}],"is_beta":false,"boss_relics":[{"not_picked":["Coffee Dripper","Cursed Key"],"picked":"Velvet Choker"}],"items_purged_floors":[],"is_endless":false,"potions_floor_spawned":[1,7,19,21],"killed_by":"Snake Plant","ascension_level":4}