{"gold_per_floor":[18,18,18,35,35,67,67,87,133,151,176,196,196,196,196,291,291,310,140,170,188,188,221,221,236,236,236,253,280,280,299,299,400,400,420,420,642,654,34,60,60,70,70,82,96,96,96,113,113,113],"floor_reached":51,"playtime":53138,"items_purged":["Strike_B","Defend_B"],"score":779,"play_id":"8a7226ad-bf51-4d1a-8e00-7e9ca6b990ec","local_time":"20181010151038","is_ascension_mode":true,"campfire_choices":[{"floor":7,"key":"REST"},{"data":"Chaos","floor":13,"key":"SMITH"},{"data":"Sunder","floor":15,"key":"SMITH"},{"floor":24,"key":"REST"},{"floor":27,"key":"REST"},{"floor":30,"key":"REST"},{"floor":32,"key":"REST"},{"floor":41,"key":"REST"},{"floor":46,"key":"REST"},{"data":"Fission","floor":49,"key":"SMITH"}],"neow_cost":"NO_GOLD","seed_source_timestamp":130317962143700,"circlet_count":0,"master_deck":["Defend_B","Defend_B","Defend_B","Zap","Dualcast","Sunder+1","Turbo","BootSequence","Sweeping Beam","Chaos+1","Turbo","Meteor Strike","Defragment","Discovery","Barrage+1","Defragment","Creative AI","BootSequence","Turbo+1","Hologram+1","Fission+1","Storm","Secret Weapon","Capacitor","Leap+1","Core Surge"],"relics":["Cracked Core","Oddly Smooth Stone","Regal Pillow","PreservedInsect","Ancient Tea Set","Inserter","Red Mask","Bottled Tornado","Potion Belt","Bottled Flame","Black Star","Bag of Marbles","Bag of Preparation","Juzu Bracelet","Art of War","Bird Faced Urn","Dead Branch"],"potions_floor_usage":[6,6,20,23,23,23,33,40,42,50],"damage_taken":[{"damage":3,"enemies":"Small Slimes","floor":1,"turns":2},{"damage":0,"enemies":"Cultist","floor":4,"turns":3},{"damage":23,"enemies":"Lagavulin","floor":6,"turns":6},{"damage":0,"enemies":"Jaw Worm","floor":8,"turns":2},{"damage":0,"enemies":"Blue Slaver","floor":10,"turns":2},{"damage":4,"enemies":"3 Sentries","floor":11,"turns":4},{"damage":0,"enemies":"Looter","floor":12,"turns":2},{"damage":35,"enemies":"Slime Boss","floor":16,"turns":9},{"damage":0,"enemies":"Chosen","floor":18,"turns":3},{"damage":18,"enemies":"Masked Bandits","floor":20,"turns":3},{"damage":0,"enemies":"Spheric Guardian","floor":21,"turns":3},{"damage":35,"enemies":"Book of Stabbing","floor":23,"turns":4},{"damage":24,"enemies":"Cultist and Chosen","floor":25,"turns":5},{"damage":35,"enemies":"Shelled Parasite and Fungi","floor":28,"turns":5},{"damage":21,"enemies":"Slavers","floor":29,"turns":4},{"damage":10,"enemies":"Snecko","floor":31,"turns":4},{"damage":45,"enemies":"Champ","floor":33,"turns":12},{"damage":13,"enemies":"Orb Walker","floor":35,"turns":5},{"damage":9,"enemies":"3 Shapes","floor":38,"turns":4},{"damage":26,"enemies":"Giant Head","floor":40,"turns":7},{"damage":30,"enemies":"Maw","floor":42,"turns":6},{"damage":35,"enemies":"Transient","floor":44,"turns":5},{"damage":11,"enemies":"Reptomancer","floor":45,"turns":4},{"damage":17,"enemies":"Mind Bloom Boss Battle","floor":47,"turns":5},{"damage":4,"enemies":"3 Darklings","floor":48,"turns":4},{"damage":55,"enemies":"Time Eater","floor":50,"turns":9}],"seed_played":"8836903905054326930","potions_obtained":[{"floor":1,"key":"PowerPotion"},{"floor":4,"key":"Weak Potion"},{"floor":8,"key":"Fire Potion"},{"floor":11,"key":"Strength Potion"},{"floor":16,"key":"GamblersBrew"},{"floor":20,"key":"Strength Potion"},{"floor":31,"key":"GamblersBrew"},{"floor":35,"key":"Poison Potion"},{"floor":40,"key":"Weak Potion"},{"floor":45,"key":"PowerPotion"}],"is_trial":false,"path_per_floor":["M","?","?","M","$","E","R","M","T","M","E","M","R","?","R","B",null,"M","$","?","M","?","E","R","M","T","R","M","E","R","M","R","B",null,"M","?","?","M","$","E","R","M","T","M","M","R","?","M","R","B"],"character_chosen":"DEFECT","items_purchased":["Discovery","Storm","Secret Weapon","Bag of Marbles","Bag of Preparation"],"campfire_rested":7,"item_purchase_floors":[19,39,39,39,39],"current_hp_per_floor":[72,72,69,69,69,46,75,75,75,75,71,71,71,76,76,41,80,80,80,62,62,62,27,66,42,42,80,45,24,63,53,80,35,80,67,67,67,58,58,32,71,41,41,18,17,56,53,69,69,48],"gold":113,"neow_bonus":"REMOVE_TWO","is_prod":false,"is_daily":false,"chose_seed":false,"campfire_upgraded":3,"win_rate":0,"timestamp":1539177038,"path_taken":["M","?","?","?","$","E","R","M","T","M","E","M","R","?","R","BOSS","M","$","?","M","?","E","R","M","T","R","M","E","R","M","R","BOSS","M","?","?","?","$","E","R","M","T","M","M","R","?","M","R","BOSS"],"build_version":"2018-10-04v2","purchased_purges":2,"victory":true,"max_hp_per_floor":[75,75,75,75,75,75,75,75,75,75,75,75,75,80,80,80,80,80,80,80,80,80,80,80,80,80,80,80,80,80,80,80,80,80,80,80,80,80,80,80,80,80,80,80,80,80,80,80,80,80],"card_choices":[{"not_picked":["Hologram","Rebound"],"picked":"Sunder","floor":1},{"not_picked":["FTL","Auto Shields"],"picked":"Turbo","floor":4},{"not_picked":["Undo","Scrape","Go for the Eyes"],"picked":"SKIP","floor":6},{"not_picked":["Stack","Steam"],"picked":"BootSequence","floor":8},{"not_picked":["Darkness","Chill"],"picked":"Sweeping Beam","floor":10},{"not_picked":["Defragment","Coolheaded"],"picked":"Chaos","floor":11},{"not_picked":["Skim","Chill"],"picked":"Turbo","floor":12},{"not_picked":["All For One","Amplify"],"picked":"Meteor Strike","floor":16},{"not_picked":["Barrage","Heatsinks+1"],"picked":"Defragment","floor":18},{"not_picked":["Redo","Ball Lightning"],"picked":"Barrage+1","floor":20},{"not_picked":["Hello World","Go for the Eyes"],"picked":"Defragment","floor":21},{"not_picked":["Undo","Barrage"],"picked":"Creative AI","floor":23},{"not_picked":["Redo","Hello World"],"picked":"BootSequence","floor":25},{"not_picked":["FTL","Heatsinks","Steam"],"picked":"SKIP","floor":28},{"not_picked":["Glacier","Barrage+1"],"picked":"Turbo+1","floor":29},{"not_picked":["Go for the Eyes+1","Ball Lightning+1"],"picked":"Hologram+1","floor":31},{"not_picked":["Machine Learning","Thunder Strike"],"picked":"Fission","floor":33},{"not_picked":["Compile Driver+1","Stack+1","Steam+1"],"picked":"SKIP","floor":35},{"not_picked":["Rebound","Leap","Conserve Battery"],"picked":"SKIP","floor":38},{"not_picked":["Cold Snap","Barrage"],"picked":"Capacitor","floor":40},{"not_picked":["BootSequence+1","Rip and Tear"],"picked":"Leap+1","floor":42},{"not_picked":["Compile Driver","Hologram","Redo"],"picked":"SKIP","floor":44},{"not_picked":["Lockon+1","Ball Lightning+1","Darkness"],"picked":"SKIP","floor":45},{"not_picked":["Rebound","Cold Snap"],"picked":"Core Surge","floor":47},{"not_picked":["Loop","Leap","Melter"],"picked":"SKIP","floor":48}],"player_experience":601313,"relics_obtained":[{"floor":6,"key":"Regal Pillow"},{"floor":9,"key":"PreservedInsect"},{"floor":11,"key":"Ancient Tea Set"},{"floor":20,"key":"Red Mask"},{"floor":23,"key":"Bottled Tornado"},{"floor":26,"key":"Potion Belt"},{"floor":29,"key":"Bottled Flame"},{"floor":40,"key":"Juzu Bracelet"},{"floor":40,"key":"Art of War"},{"floor":43,"key":"Bird Faced Urn"},{"floor":47,"key":"Dead Branch"}],"event_choices":[{"event_name":"Bonfire Elementals","player_choice":"BASIC","floor":2,"damage_taken":0},{"event_name":"Scrap Ooze","player_choice":"success","floor":3,"damage_taken":3},{"event_name":"Big Fish","player_choice":"Donut","floor":14,"damage_taken":0},{"event_name":"Masked Bandits","player_choice":"Fought Bandits","floor":20,"damage_taken":0},{"event_name":"Cursed Tome","player_choice":"Ignored","floor":22,"damage_taken":0},{"event_name":"WeMeetAgain","player_choice":"Attack","floor":36,"damage_taken":0},{"event_name":"Tomb of Lord Red Mask","player_choice":"Wore Mask","floor":37,"damage_taken":0},{"event_name":"MindBloom","player_choice":"Fight","floor":47,"damage_taken":0}],"is_beta":false,"boss_relics":[{"not_picked":["Ectoplasm","White Beast Statue"],"picked":"Inserter"},{"not_picked":["Runic Dome","Astrolabe"],"picked":"Black Star"}],"items_purged_floors":[19,39],"is_endless":false,"potions_floor_spawned":[1,4,8,11,16,18,20,21,31,35,40,45],"ascension_level":3}