{"gold_per_floor":[109,109,126,141,141,174,174,76,101,101,130,130,143,0,0,77,77,67,17,37,37,37],"floor_reached":22,"playtime":638,"items_purged":["Pain"],"score":326,"play_id":"91583b6a-1625-4a4c-83ab-5d4b83e0699a","local_time":"20190418203711","is_ascension_mode":true,"campfire_choices":[{"floor":7,"key":"REST"},{"floor":15,"key":"REST"}],"neow_cost":"NONE","seed_source_timestamp":85625126984400,"circlet_count":0,"master_deck":["AscendersBane","Strike_R","Strike_R+1","Strike_R","Strike_R","Strike_R","Defend_R","Defend_R","Defend_R","Defend_R","Bash","Whirlwind","Rampage+1","Perfected Strike","Dual Wield","Trip","Demon Form","Whirlwind","Exhume","Writhe","Clumsy","Infernal Blade+1","Heavy Blade","Shame"],"relics":["Burning Blood","NeowsBlessing","Smiling Mask","Bottled Lightning","Orichalcum","Matryoshka","Calling Bell","Ancient Tea Set","Toxic Egg 2","Girya","Peace Pipe"],"potions_floor_usage":[6,11,16,16,18,20],"damage_taken":[{"damage":0,"enemies":"Cultist","floor":1,"turns":1},{"damage":0,"enemies":"Jaw Worm","floor":3,"turns":1},{"damage":0,"enemies":"2 Louse","floor":4,"turns":1},{"damage":30,"enemies":"Lagavulin","floor":6,"turns":7},{"damage":10,"enemies":"Gremlin Nob","floor":11,"turns":3},{"damage":26,"enemies":"Exordium Wildlife","floor":13,"turns":5},{"damage":13,"enemies":"Slime Boss","floor":16,"turns":7},{"damage":44,"enemies":"2 Thieves","floor":18,"turns":5},{"damage":14,"enemies":"Chosen","floor":20,"turns":4},{"damage":29,"enemies":"Snake Plant","floor":22,"turns":2}],"seed_played":"-1258419199694875931","potions_obtained":[{"floor":4,"key":"Weak Potion"},{"floor":6,"key":"FearPotion"},{"floor":16,"key":"SkillPotion"},{"floor":18,"key":"Swift Potion"}],"is_trial":false,"path_per_floor":["M","$","M","M","?","E","R","$","T","?","E","$","M","$","R","B",null,"M","$","M","?","M"],"character_chosen":"IRONCLAD","items_purchased":["Trip","Whirlwind","Fire Potion","Fire Potion"],"campfire_rested":2,"item_purchase_floors":[8,14,14,14],"current_hp_per_floor":[74,74,75,75,72,48,70,70,70,55,51,51,31,31,53,46,68,30,30,22,22,0],"gold":37,"neow_bonus":"THREE_ENEMY_KILL","is_prod":false,"is_daily":false,"chose_seed":false,"campfire_upgraded":0,"win_rate":0,"timestamp":1555612631,"path_taken":["M","$","?","M","?","E","R","$","T","?","E","?","M","$","R","BOSS","M","?","?","?","M"],"build_version":"2019-01-23","purchased_purges":1,"victory":false,"max_hp_per_floor":[75,75,75,75,75,75,75,75,75,75,75,75,75,75,75,75,75,75,75,75,75,75],"card_choices":[{"not_picked":["Armaments","Twin Strike"],"picked":"Whirlwind","floor":1},{"not_picked":["Flex","Evolve"],"picked":"Rampage","floor":3},{"not_picked":["Anger","Ghostly Armor"],"picked":"Perfected Strike","floor":4},{"not_picked":["Ghostly Armor","Pommel Strike"],"picked":"Dual Wield","floor":6},{"not_picked":["Sword Boomerang","Dropkick"],"picked":"Demon Form","floor":11},{"not_picked":["Intimidate","Power Through","Shrug It Off"],"picked":"SKIP","floor":13},{"not_picked":["Fiend Fire","Berserk"],"picked":"Exhume","floor":16},{"not_picked":["Evolve","Wild Strike"],"picked":"Infernal Blade+1","floor":18},{"not_picked":["True Grit+1","Warcry+1"],"picked":"Heavy Blade","floor":20}],"player_experience":1731795,"relics_obtained":[{"floor":6,"key":"Bottled Lightning"},{"floor":9,"key":"Orichalcum"},{"floor":11,"key":"Matryoshka"},{"floor":17,"key":"Ancient Tea Set"},{"floor":17,"key":"Toxic Egg 2"},{"floor":17,"key":"Girya"}],"event_choices":[{"damage_healed":0,"gold_gain":0,"player_choice":"Success","damage_taken":3,"relics_obtained":["Smiling Mask"],"max_hp_gain":0,"max_hp_loss":0,"event_name":"Scrap Ooze","floor":5,"gold_loss":0},{"damage_healed":0,"gold_gain":0,"player_choice":"Entered Light","damage_taken":15,"max_hp_gain":0,"max_hp_loss":0,"event_name":"Shining Light","floor":10,"gold_loss":0,"cards_upgraded":["Rampage","Strike_R"]},{"damage_healed":0,"gold_gain":0,"player_choice":"Stole Relic","damage_taken":0,"relics_obtained":["Peace Pipe"],"max_hp_gain":0,"max_hp_loss":0,"event_name":"Addict","floor":21,"gold_loss":0,"cards_obtained":["Shame"]}],"is_beta":false,"boss_relics":[{"not_picked":["Cursed Key","Mark of Pain"],"picked":"Calling Bell"}],"items_purged_floors":[19],"is_endless":false,"potions_floor_spawned":[4,6,16,18],"killed_by":"Snake Plant","ascension_level":14}