{"gold_per_floor":[119,119,134,39,39,39,39,53,53,71,90,21,21,37,37,140,140,153,24,36,36],"floor_reached":21,"playtime":1324,"items_purged":[],"score":222,"play_id":"a2747939-f94c-414e-8ff5-90e585c3a0c2","local_time":"20190126001207","is_ascension_mode":true,"campfire_choices":[{"data":"Streamline","floor":6,"key":"SMITH"},{"data":"Loop","floor":13,"key":"SMITH"},{"floor":15,"key":"REST"}],"neow_cost":"NONE","seed_source_timestamp":1404090723762768,"circlet_count":0,"master_deck":["Strike_B","Defend_B","Defend_B","Defend_B","Defend_B+1","Zap","Dualcast+1","Go for the Eyes","Self Repair","Streamline+1","Rebound","Loop+1","Lockon","Heatsinks","Leap","Static Discharge","Machine Learning","Echo Form","Go for the Eyes","Thunder Strike","Ball Lightning"],"relics":["Empty Cage","War Paint","Ginger","Eternal Feather"],"potions_floor_usage":[16,18,21],"damage_taken":[{"damage":5,"enemies":"2 Louse","floor":1,"turns":4},{"damage":0,"enemies":"Cultist","floor":3,"turns":5},{"damage":0,"enemies":"Jaw Worm","floor":8,"turns":3},{"damage":22,"enemies":"3 Louse","floor":10,"turns":3},{"damage":24,"enemies":"Lots of Slimes","floor":11,"turns":5},{"damage":5,"enemies":"Blue Slaver","floor":14,"turns":5},{"damage":3,"enemies":"Slime Boss","floor":16,"turns":6},{"damage":26,"enemies":"Chosen","floor":18,"turns":5},{"damage":36,"enemies":"Spheric Guardian","floor":20,"turns":7},{"damage":39,"enemies":"Shelled Parasite and Fungi","floor":21,"turns":3}],"seed_played":"-8833103583568007154","potions_obtained":[{"floor":3,"key":"PowerPotion"},{"floor":10,"key":"Poison Potion"},{"floor":14,"key":"PowerPotion"}],"is_trial":false,"path_per_floor":["M","?","M","$","?","R","?","M","T","M","M","$","R","M","R","B",null,"M","$","M","M"],"character_chosen":"DEFECT","items_purchased":["Rebound","Loop","Static Discharge","Thunder Strike","PowerPotion"],"campfire_rested":1,"item_purchase_floors":[4,4,12,19,19],"current_hp_per_floor":[63,63,70,70,70,70,70,70,70,55,38,38,38,40,62,59,71,59,59,30,0],"gold":36,"neow_bonus":"BOSS_RELIC","is_prod":false,"is_daily":false,"chose_seed":false,"campfire_upgraded":2,"win_rate":0,"timestamp":1548490327,"path_taken":["M","?","M","$","?","R","?","?","T","M","M","?","R","M","R","BOSS","M","$","M","M"],"build_version":"2019-01-23","purchased_purges":0,"victory":false,"max_hp_per_floor":[75,75,75,75,75,75,75,75,75,75,75,75,75,75,75,75,75,75,75,75,75],"card_choices":[{"not_picked":["Reinforced Body","Stack"],"picked":"Go for the Eyes","floor":1},{"not_picked":["Blizzard","Stack"],"picked":"Streamline","floor":3},{"not_picked":["Streamline","Loop"],"picked":"Lockon","floor":8},{"not_picked":["Steam","Glacier"],"picked":"Heatsinks","floor":10},{"not_picked":["Turbo","Compile Driver"],"picked":"Leap","floor":11},{"not_picked":["Doom and Gloom","Streamline"],"picked":"Machine Learning","floor":14},{"not_picked":["Reboot","Fission"],"picked":"Echo Form","floor":16},{"not_picked":["Redo+1","Glacier+1"],"picked":"Go for the Eyes","floor":18},{"not_picked":["Scrape","Beam Cell"],"picked":"Ball Lightning","floor":20}],"player_experience":616729,"relics_obtained":[{"floor":9,"key":"Ginger"}],"event_choices":[{"damage_healed":0,"gold_gain":0,"cards_transformed":["Strike_B"],"player_choice":"Change","damage_taken":0,"max_hp_gain":0,"max_hp_loss":0,"event_name":"Living Wall","floor":2,"gold_loss":0,"cards_obtained":["Self Repair"]},{"damage_healed":0,"gold_gain":0,"player_choice":"Leave","damage_taken":0,"max_hp_gain":0,"max_hp_loss":0,"event_name":"The Cleric","floor":5,"gold_loss":0},{"damage_healed":0,"gold_gain":0,"player_choice":"Gave Potion","damage_taken":0,"relics_obtained":["War Paint"],"max_hp_gain":0,"max_hp_loss":0,"event_name":"WeMeetAgain","floor":7,"gold_loss":0}],"is_beta":false,"boss_relics":[{"not_picked":["Sozu","Astrolabe"],"picked":"Eternal Feather"}],"items_purged_floors":[],"is_endless":false,"potions_floor_spawned":[3,10,14],"killed_by":"Shelled Parasite and Fungi","ascension_level":6}