{"gold_per_floor":[368,211,211,221,239,239,215,215,215,215,215,215,233,261,261,340,340,357,357,257,172,172,172,199,199,223,240,258,81,81,109,109,184,234,246,262,262,275,295,327,327,360,360,310,310,323,353,372,372,372,372,372,372,81,116,116],"floor_reached":57,"playtime":2395,"items_purged":["Strike_R","Strike_R","Strike_R","Bash+1"],"score":3381,"play_id":"473dafd2-b9a5-4291-91df-10e323b11224","local_time":"20190514130907","is_ascension_mode":true,"campfire_choices":[{"data":"Armaments","floor":6.0,"key":"SMITH"},{"data":"True Grit","floor":8.0,"key":"SMITH"},{"data":"Body Slam","floor":11.0,"key":"SMITH"},{"data":"Offering","floor":15.0,"key":"SMITH"},{"floor":23.0,"key":"RECALL"},{"floor":25.0,"key":"REST"},{"data":"Juggernaut","floor":30.0,"key":"SMITH"},{"data":"True Grit","floor":32.0,"key":"SMITH"},{"floor":41.0,"key":"REST"},{"data":"Dark Embrace","floor":49.0,"key":"SMITH"},{"data":"Deep Breath","floor":53.0,"key":"SMITH"}],"neow_cost":"PERCENT_DAMAGE","seed_source_timestamp":335629861644352,"circlet_count":0,"master_deck":["AscendersBane","Strike_R","Defend_R","Defend_R","Defend_R+1","Defend_R","Body Slam+1","True Grit+1","Armaments+1","Power Through+1","Offering+1","Seeing Red","True Grit+1","Evolve","Juggernaut+1","Dark Embrace+1","Disarm","Impatience","Deep Breath+1","Second Wind","Impervious","Shockwave"],"special_seed":0,"relics":["Burning Blood","Incense Burner","Ancient Tea Set","Runic Pyramid","Juzu Bracelet","Bronze Scales","Happy Flower","Darkstone Periapt","Tiny House","Oddly Smooth Stone","Smiling Mask","Bottled Flame","Champion Belt","Pocketwatch"],"potions_floor_usage":[54,56,56],"damage_taken":[{"damage":11.0,"enemies":"Jaw Worm","floor":1.0,"turns":5.0},{"damage":2.0,"enemies":"2 Louse","floor":4.0,"turns":4.0},{"damage":10.0,"enemies":"Small Slimes","floor":5.0,"turns":5.0},{"damage":21.0,"enemies":"Exordium Thugs","floor":7.0,"turns":4.0},{"damage":0.0,"enemies":"Looter","floor":13.0,"turns":3.0},{"damage":15.0,"enemies":"Lagavulin","floor":14.0,"turns":6.0},{"damage":7.0,"enemies":"Slime Boss","floor":16.0,"turns":9.0},{"damage":6.0,"enemies":"Shell Parasite","floor":18.0,"turns":6.0},{"damage":48.0,"enemies":"Gremlin Leader","floor":24.0,"turns":10.0},{"damage":6.0,"enemies":"2 Thieves","floor":27.0,"turns":3.0},{"damage":6.0,"enemies":"Snecko","floor":28.0,"turns":6.0},{"damage":6.0,"enemies":"Book of Stabbing","floor":31.0,"turns":5.0},{"damage":31.0,"enemies":"Collector","floor":33.0,"turns":10.0},{"damage":6.0,"enemies":"3 Shapes","floor":35.0,"turns":4.0},{"damage":25.0,"enemies":"3 Darklings","floor":36.0,"turns":6.0},{"damage":27.0,"enemies":"4 Shapes","floor":38.0,"turns":8.0},{"damage":15.0,"enemies":"Transient","floor":39.0,"turns":6.0},{"damage":1.0,"enemies":"Giant Head","floor":40.0,"turns":5.0},{"damage":6.0,"enemies":"Nemesis","floor":42.0,"turns":5.0},{"damage":6.0,"enemies":"Jaw Worm Horde","floor":46.0,"turns":5.0},{"damage":8.0,"enemies":"Reptomancer","floor":47.0,"turns":2.0},{"damage":0.0,"enemies":"Spire Growth","floor":48.0,"turns":5.0},{"damage":6.0,"enemies":"Time Eater","floor":50.0,"turns":7.0},{"damage":6.0,"enemies":"Donu and Deca","floor":51.0,"turns":4.0},{"damage":6,"enemies":"Shield and Spear","floor":55,"turns":2},{"damage":6,"enemies":"The Heart","floor":56,"turns":8}],"seed_played":"-8710426387704375241","potions_obtained":[{"floor":4.0,"key":"Dexterity Potion"},{"floor":5.0,"key":"GamblersBrew"},{"floor":24.0,"key":"SteroidPotion"},{"floor":28.0,"key":"Weak Potion"},{"floor":31.0,"key":"Energy Potion"},{"floor":33.0,"key":"Ancient Potion"},{"floor":34.0,"key":"EssenceOfSteel"},{"floor":40.0,"key":"Energy Potion"}],"is_trial":false,"path_per_floor":["M","$","?","M","M","R","M","R","T","?","R","?","M","E","R","B",null,"M","?","$","?","?","R","E","R","T","M","M","$","R","E","R","B",null,"M","M","?","M","M","E","R","E","T","$","?","M","E","M","R","B","B",null,"R","$","E","B",null],"character_chosen":"IRONCLAD","items_purchased":["True Grit","Armaments","Juggernaut","Fruit Juice","PowerPotion","Shockwave"],"campfire_rested":2,"item_purchase_floors":[2,2,29,54,54,54],"current_hp_per_floor":[45,45,45,49,45,45,30,30,30,19,19,19,25,16,16,15,60,60,60,60,60,60,60,18,40,40,40,40,40,40,40,40,15,65,65,46,41,20,11,16,40,40,40,40,40,40,38,44,44,44,44,71,71,76,76,76],"gold":116,"neow_bonus":"TWO_FIFTY_GOLD","is_prod":false,"is_daily":false,"chose_seed":false,"campfire_upgraded":8,"win_rate":0,"timestamp":1557810547,"path_taken":["M","$","?","M","M","R","M","R","T","?","R","?","?","E","R","BOSS","M","?","$","?","?","R","E","R","T","M","M","$","R","E","R","BOSS","M","M","?","M","M","E","R","E","T","$","?","M","E","M","R","BOSS","BOSS","R","$","E","BOSS"],"build_version":"2019-01-23","purchased_purges":4,"victory":true,"max_hp_per_floor":[75,75,75,75,75,75,75,75,75,75,75,75,75,75,75,75,75,75,75,75,75,75,75,75,75,75,75,75,75,75,75,75,75,80,80,80,80,80,80,80,80,80,80,80,80,80,80,80,80,80,80,80,80,85,85,85],"card_choices":[{"not_picked":["Perfected Strike","Dropkick"],"picked":"Body Slam","floor":1.0},{"not_picked":["Warcry","Heavy Blade","Flex"],"picked":"SKIP","floor":4.0},{"not_picked":["Sword Boomerang","Pummel","Wild Strike"],"picked":"SKIP","floor":5.0},{"not_picked":["Anger","Clash"],"picked":"Power Through","floor":7.0},{"not_picked":["Carnage","Twin Strike"],"picked":"Offering","floor":13.0},{"not_picked":["Bloodletting","Dropkick","Headbutt"],"picked":"SKIP","floor":14.0},{"not_picked":["Flex","Iron Wave","Pummel"],"picked":"SKIP","floor":18.0},{"not_picked":["Thunderclap+1","Twin Strike"],"picked":"Seeing Red","floor":24.0},{"not_picked":["Flame Barrier","Ghostly Armor"],"picked":"True Grit","floor":27.0},{"not_picked":["Uppercut","Cleave"],"picked":"Evolve","floor":28.0},{"not_picked":["Iron Wave","Anger","Perfected Strike"],"picked":"SKIP","floor":31.0},{"not_picked":["Brutality","Immolate"],"picked":"Dark Embrace","floor":33.0},{"not_picked":["Shockwave","Iron Wave"],"picked":"Disarm","floor":34.0},{"not_picked":["Wild Strike","Iron Wave+1","Clash"],"picked":"SKIP","floor":35.0},{"not_picked":["Heavy Blade","Sentinel","Twin Strike"],"picked":"SKIP","floor":36.0},{"not_picked":["Mind Blast","Discovery"],"picked":"Impatience","floor":37.0},{"not_picked":["Madness","Panacea"],"picked":"Deep Breath","floor":37.0},{"not_picked":["Dark Embrace","Rupture"],"picked":"Second Wind","floor":38.0},{"not_picked":["Armaments","Heavy Blade","Wild Strike+1"],"picked":"SKIP","floor":39.0},{"not_picked":["Warcry","Power Through+1"],"picked":"Impervious","floor":40.0},{"not_picked":["Twin Strike","Uppercut","Warcry"],"picked":"SKIP","floor":42.0},{"not_picked":["True Grit","Armaments+1","Body Slam+1"],"picked":"SKIP","floor":46.0},{"not_picked":["Flex","Power Through","Warcry"],"picked":"SKIP","floor":47.0},{"not_picked":["Warcry","Feed","Havoc"],"picked":"SKIP","floor":48.0},{"not_picked":["Pommel Strike","Reckless Charge","Demon Form"],"picked":"SKIP","floor":55}],"player_experience":1675887,"relics_obtained":[{"floor":14.0,"key":"Ancient Tea Set"},{"floor":24.0,"key":"Bronze Scales"},{"floor":26.0,"key":"Happy Flower"},{"floor":31.0,"key":"Darkstone Periapt"},{"floor":40.0,"key":"Oddly Smooth Stone"},{"floor":42.0,"key":"Smiling Mask"},{"floor":43.0,"key":"Bottled Flame"},{"floor":47.0,"key":"Champion Belt"},{"floor":55,"key":"Pocketwatch"}],"event_choices":[{"damage_healed":0.0,"max_hp_gain":0.0,"max_hp_loss":0.0,"gold_gain":0.0,"event_name":"Liars Game","player_choice":"Ignored","floor":3.0,"gold_loss":0.0,"damage_taken":0.0},{"damage_healed":0.0,"max_hp_gain":0.0,"max_hp_loss":0.0,"gold_gain":0.0,"event_name":"Scrap Ooze","player_choice":"Success","floor":10.0,"gold_loss":0.0,"damage_taken":11.0,"relics_obtained":["Incense Burner"]},{"damage_healed":0.0,"max_hp_gain":0.0,"max_hp_loss":0.0,"gold_gain":0.0,"event_name":"Upgrade Shrine","player_choice":"Upgraded","floor":12.0,"gold_loss":0.0,"damage_taken":0.0,"cards_upgraded":["Power Through"]},{"damage_healed":0.0,"max_hp_gain":0.0,"max_hp_loss":0.0,"gold_gain":0.0,"event_name":"The Mausoleum","player_choice":"Ignored","floor":19.0,"gold_loss":0.0,"damage_taken":0.0},{"damage_healed":0.0,"max_hp_gain":0.0,"max_hp_loss":0.0,"gold_gain":0.0,"event_name":"Addict","player_choice":"Obtained Relic","floor":21.0,"gold_loss":85.0,"damage_taken":0.0,"relics_obtained":["Juzu Bracelet"]},{"damage_healed":0.0,"max_hp_gain":0.0,"max_hp_loss":0.0,"gold_gain":0.0,"event_name":"Upgrade Shrine","player_choice":"Upgraded","floor":22.0,"gold_loss":0.0,"damage_taken":0.0,"cards_upgraded":["Defend_R"]},{"damage_healed":0.0,"max_hp_gain":0.0,"max_hp_loss":0.0,"gold_gain":0.0,"event_name":"SensoryStone","player_choice":"Memory 2","floor":37.0,"gold_loss":0.0,"damage_taken":5.0},{"cards_removed":["Strike_R"],"damage_healed":0.0,"max_hp_gain":0.0,"max_hp_loss":0.0,"gold_gain":0.0,"event_name":"Falling","player_choice":"Removed Attack","floor":45.0,"gold_loss":0.0,"damage_taken":0.0}],"is_beta":false,"boss_relics":[{"not_picked":["Ectoplasm","Pandora\u0027s Box"],"picked":"Runic Pyramid"},{"not_picked":["Philosopher\u0027s Stone","Calling Bell"],"picked":"Tiny House"}],"items_purged_floors":[2,20,44,54],"is_endless":false,"potions_floor_spawned":[4,5,14,24,28,31,33,35,36,40,55],"ascension_level":20}