{"gold_per_floor":[119,138,154,73,38,38,4,33,33,33],"floor_reached":10,"playtime":385,"items_purged":[],"score":99,"play_id":"912e4e74-5a2c-49fa-ac2b-83d780e85b35","local_time":"20190313220927","is_ascension_mode":true,"campfire_choices":[{"data":"Finisher","floor":6,"key":"SMITH"}],"neow_cost":"CURSE","seed_source_timestamp":13530119040000,"circlet_count":0,"master_deck":["AscendersBane","Defend_G","Defend_G","Defend_G","Defend_G","Defend_G","Strike_G","Strike_G","Strike_G","Survivor","Neutralize","Pain","Infinite Blades","All Out Attack","Finisher+1","Slice","Dagger Spray","Infinite Blades","Footwork","Slice"],"relics":["Ring of the Snake","Pocketwatch","Ninja Scroll"],"potions_floor_usage":[],"damage_taken":[{"damage":2,"enemies":"Cultist","floor":1,"turns":4},{"damage":8,"enemies":"Small Slimes","floor":2,"turns":4},{"damage":10,"enemies":"Jaw Worm","floor":3,"turns":5},{"damage":25,"enemies":"3 Sentries","floor":8,"turns":6},{"damage":43,"enemies":"Lagavulin Event","floor":10,"turns":5}],"seed_played":"-4652795769640971760","potions_obtained":[],"is_trial":false,"path_per_floor":["M","M","M","$","?","R","$","E","T","?"],"character_chosen":"THE_SILENT","items_purchased":["Infinite Blades","Footwork"],"campfire_rested":0,"item_purchase_floors":[4,7],"current_hp_per_floor":[61,53,43,43,60,60,60,35,35,0],"gold":33,"neow_bonus":"TRANSFORM_TWO_CARDS","is_prod":false,"is_daily":false,"chose_seed":false,"campfire_upgraded":1,"win_rate":0,"timestamp":1552511367,"path_taken":["M","M","?","$","?","R","$","E","T","?"],"build_version":"2019-01-23","purchased_purges":0,"victory":false,"max_hp_per_floor":[70,70,70,70,70,70,70,70,70,70],"card_choices":[{"not_picked":["Dagger Spray","Underhanded Strike"],"picked":"Finisher","floor":1},{"not_picked":["Endless Agony","Deadly Poison"],"picked":"Slice","floor":2},{"not_picked":["Poisoned Stab","All Out Attack"],"picked":"Dagger Spray","floor":3},{"not_picked":["Distraction","Flying Knee"],"picked":"Slice","floor":8}],"player_experience":1505889,"relics_obtained":[{"floor":8,"key":"Pocketwatch"},{"floor":9,"key":"Ninja Scroll"}],"event_choices":[{"damage_healed":17,"gold_gain":0,"player_choice":"Healed","damage_taken":0,"max_hp_gain":0,"max_hp_loss":0,"event_name":"The Cleric","floor":5,"gold_loss":35},{"damage_healed":0,"gold_gain":0,"player_choice":"Searched \u00271\u0027 times","damage_taken":0,"max_hp_gain":0,"max_hp_loss":0,"event_name":"Dead Adventurer","floor":10,"gold_loss":0}],"is_beta":false,"boss_relics":[],"items_purged_floors":[],"is_endless":false,"potions_floor_spawned":[],"killed_by":"Lagavulin Event","ascension_level":10}