{"gold_per_floor":[209,46,58,69,82,82,108,119,146,206,206,220,240,271,271,372,372,389,404,419,10,26,26,61,61,61,61],"floor_reached":27,"playtime":4199,"items_purged":["Strike_B"],"score":310,"play_id":"8bba8b7b-4b27-4c71-a51e-daf0613a9b9d","local_time":"20190512115347","is_ascension_mode":true,"campfire_choices":[{"data":"Go for the Eyes","floor":6,"key":"SMITH"},{"floor":11,"key":"REST"},{"data":"Defragment","floor":15,"key":"SMITH"},{"data":"Echo Form","floor":23,"key":"SMITH"},{"floor":25,"key":"REST"}],"neow_cost":"NONE","seed_source_timestamp":898192940305280,"circlet_count":0,"master_deck":["Strike_B","Strike_B","Strike_B","Defend_B","Defend_B","Defend_B","Defend_B","Zap","Dualcast","Doom and Gloom","Glacier","Defragment+1","Go for the Eyes+1","Compile Driver","Compile Driver","Cold Snap","Glacier","Steam","Beam Cell","Streamline","Hologram","Echo Form+1","Defragment","Undo+1","Turbo","Defragment"],"relics":["Cracked Core","Oddly Smooth Stone","Tiny Chest","Art of War","Philosopher\u0027s Stone","Medical Kit","Dodecahedron","Calipers"],"potions_floor_usage":[10,18,18,22,22,22,24,24,27],"damage_taken":[{"damage":0,"enemies":"Cultist","floor":1,"turns":3},{"damage":1,"enemies":"Jaw Worm","floor":3,"turns":3},{"damage":0,"enemies":"Small Slimes","floor":4,"turns":3},{"damage":27,"enemies":"Exordium Thugs","floor":5,"turns":4},{"damage":14,"enemies":"Gremlin Nob","floor":7,"turns":4},{"damage":6,"enemies":"3 Louse","floor":8,"turns":3},{"damage":1,"enemies":"3 Sentries","floor":10,"turns":5},{"damage":0,"enemies":"Blue Slaver","floor":12,"turns":4},{"damage":0,"enemies":"2 Fungi Beasts","floor":13,"turns":2},{"damage":0,"enemies":"Lagavulin","floor":14,"turns":8},{"damage":5,"enemies":"The Guardian","floor":16,"turns":15},{"damage":0,"enemies":"3 Byrds","floor":18,"turns":6},{"damage":11,"enemies":"Spheric Guardian","floor":19,"turns":4},{"damage":6,"enemies":"Centurion and Healer","floor":20,"turns":9},{"damage":1,"enemies":"Snake Plant","floor":22,"turns":7},{"damage":28,"enemies":"Gremlin Leader","floor":24,"turns":12},{"damage":65,"enemies":"Slavers","floor":27,"turns":4}],"seed_played":"-3199522015653002735","potions_obtained":[{"floor":4,"key":"AttackPotion"},{"floor":10,"key":"Block Potion"},{"floor":12,"key":"GamblersBrew"},{"floor":16,"key":"EntropicBrew"},{"floor":22,"key":"LiquidBronze"},{"floor":24,"key":"GamblersBrew"}],"is_trial":false,"path_per_floor":["M","$","M","M","M","R","E","M","T","E","R","M","M","E","R","B",null,"M","M","M","$","M","R","E","R","T","E"],"character_chosen":"DEFECT","items_purchased":["Glacier","Defragment","Go for the Eyes","Medical Kit","Turbo","Defragment"],"campfire_rested":2,"item_purchase_floors":[2,2,2,21,21,21],"current_hp_per_floor":[75,75,74,74,47,47,33,27,27,26,48,48,48,48,48,43,75,75,64,58,58,57,57,29,51,51,0],"gold":61,"neow_bonus":"HUNDRED_GOLD","is_prod":false,"is_daily":false,"chose_seed":false,"campfire_upgraded":3,"win_rate":0,"timestamp":1557676427,"path_taken":["M","$","M","M","M","R","E","?","T","E","R","M","M","E","R","BOSS","M","M","M","$","M","R","E","R","T","E"],"build_version":"2019-01-23","purchased_purges":1,"victory":false,"max_hp_per_floor":[75,75,75,75,75,75,75,75,75,75,75,75,75,75,75,75,75,75,75,75,75,75,75,75,75,75,75],"card_choices":[{"not_picked":["Gash","Rebound"],"picked":"Doom and Gloom","floor":1},{"not_picked":["Streamline","Conserve Battery"],"picked":"Compile Driver","floor":3},{"not_picked":["Skim","Turbo"],"picked":"Compile Driver","floor":4},{"not_picked":["Rebound","Lockon","Aggregate"],"picked":"SKIP","floor":5},{"not_picked":["Stack","Sweeping Beam"],"picked":"Cold Snap","floor":7},{"not_picked":["Steam Power","Loop"],"picked":"Glacier","floor":8},{"not_picked":["All For One","Cold Snap"],"picked":"Steam","floor":10},{"not_picked":["Streamline","Conserve Battery"],"picked":"Beam Cell","floor":12},{"not_picked":["Stack","Gash"],"picked":"Streamline","floor":13},{"not_picked":["Compile Driver","Rebound"],"picked":"Hologram","floor":14},{"not_picked":["Fission","Meteor Strike"],"picked":"Echo Form","floor":16},{"not_picked":["Conserve Battery","Scrape+1","Force Field"],"picked":"SKIP","floor":18},{"not_picked":["Reprogram","Sweeping Beam"],"picked":"Defragment","floor":19},{"not_picked":["Conserve Battery","Streamline"],"picked":"Undo+1","floor":20},{"not_picked":["Compile Driver","Rebound","Beam Cell"],"picked":"SKIP","floor":22},{"not_picked":["Streamline","Tempest+1","Redo"],"picked":"SKIP","floor":24}],"player_experience":218969,"relics_obtained":[{"floor":7,"key":"Oddly Smooth Stone"},{"floor":10,"key":"Tiny Chest"},{"floor":14,"key":"Art of War"},{"floor":24,"key":"Dodecahedron"},{"floor":26,"key":"Calipers"}],"event_choices":[],"is_beta":false,"boss_relics":[{"not_picked":["Runic Pyramid","Eternal Feather"],"picked":"Philosopher\u0027s Stone"}],"items_purged_floors":[21],"is_endless":false,"potions_floor_spawned":[4,10,12,16,22,24],"killed_by":"Slavers","ascension_level":2}