{"path_per_floor":["M","?","?","M","$","R","M","E","T","M","R","M","R","M","R","B",null,"M","?","$","?","?","R"],"character_chosen":"IRONCLAD","items_purchased":["Flex","Torii"],"gold_per_floor":[110,285,345,363,264,264,284,309,359,378,378,392,392,410,410,505,505,517,517,222,222,222,222,222],"floor_reached":24,"campfire_rested":2,"playtime":702,"current_hp_per_floor":[73,73,73,66,66,66,66,37,37,37,61,64,64,49,73,50,80,62,56,56,47,47,47,0],"items_purged":["Doubt"],"gold":222,"score":278,"play_id":"ef702728-0d7a-4c0a-8aad-93b3dba48b13","local_time":"20180325193759","is_prod":false,"is_daily":false,"is_ascension_mode":true,"campfire_upgraded":3,"timestamp":1522031879,"path_taken":["M","?","?","M","$","R","M","E","T","M","R","M","R","M","R","BOSS","M","?","$","?","?","R","E"],"build_version":"2018-03-22v2","purchased_purges":2,"victory":false,"master_deck":["Defend_R","Defend_R","Defend_R","Defend_R","Bash","Heavy Blade+1","Flex","Demon Form+1","Flame Barrier+1","Disarm","Heavy Blade","Pommel Strike","Barricade","Shockwave+1","Bite","Bite","Bite","Bite","Bite","Shrug It Off"],"max_hp_per_floor":[80,80,80,80,80,80,80,80,80,80,80,80,80,80,80,80,80,80,56,56,61,61,61,61],"relics":["Burning Blood","Prayer Wheel","Orichalcum","Philosopher\u0027s Stone","Torii"],"card_choices":[{"not_picked":["Second Wind","Clothesline"],"picked":"Heavy Blade","floor":1},{"not_picked":["True Grit","Perfected Strike"],"picked":"Demon Form","floor":7},{"not_picked":["Flex","Disarm"],"picked":"Flame Barrier","floor":8},{"not_picked":["Dropkick","Corruption"],"picked":"Disarm","floor":9},{"not_picked":["Sever Soul","Clothesline"],"picked":"Heavy Blade","floor":12},{"not_picked":["Thunderclap","Metallicize"],"picked":"Pommel Strike","floor":14},{"not_picked":["Immolate","Feed"],"picked":"Barricade","floor":16},{"not_picked":["Flex","Rampage"],"picked":"Shockwave","floor":18}],"player_experience":198049,"potions_floor_usage":[24],"damage_taken":[{"damage":13,"enemies":"2 Louse","floor":1,"turns":3},{"damage":13,"enemies":"Jaw Worm","floor":4,"turns":4},{"damage":6,"enemies":"Small Slimes","floor":7,"turns":2},{"damage":35,"enemies":"Gremlin Nob","floor":8,"turns":4},{"damage":6,"enemies":"Looter","floor":10,"turns":3},{"damage":3,"enemies":"2 Fungi Beasts","floor":12,"turns":3},{"damage":21,"enemies":"Large Slime","floor":14,"turns":5},{"damage":29,"enemies":"The Guardian","floor":16,"turns":8},{"damage":24,"enemies":"Spheric Guardian","floor":18,"turns":4},{"damage":70,"enemies":"Gremlin Leader","floor":24,"turns":6}],"event_choices":[{"event_name":"Liars Game","player_choice":"agreed","floor":2,"damage_taken":0},{"event_name":"Golden Wing","player_choice":"Gained Gold","floor":3,"damage_taken":0},{"event_name":"Vampires","player_choice":"Became a vampire","floor":19,"damage_taken":0},{"event_name":"Forgotten Altar","player_choice":"Shed Blood","floor":21,"damage_taken":0},{"event_name":"The Library","player_choice":"Read","floor":22,"damage_taken":0}],"boss_relics":[{"not_picked":["Snecko Eye","Black Star"],"picked":"Philosopher\u0027s Stone"}],"potions_floor_spawned":[4,12,16],"seed_played":"6656871428536230023","killed_by":"Gremlin Leader","ascension_level":3,"is_trial":false}