{"gold_per_floor":[16,291,12,22,33,65,65,65,140,160,191,105,133,148,148,222,222,242,242,242,257,257,285,300,69,69,269,284,284,319,44,44,118,118,133,133,145,145,145,145,145,155,236,236,236,252,297,307,307,307],"floor_reached":51,"playtime":1806,"items_purged":["Regret","Shame","Parasite"],"score":1202,"play_id":"856ab38c-6db3-4b13-a4cc-f2698fff3987","local_time":"20190411201435","is_ascension_mode":true,"campfire_choices":[{"data":"Sword Boomerang","floor":7,"key":"SMITH"},{"floor":15,"key":"REST"},{"floor":29,"key":"REST"},{"floor":32,"key":"DIG"},{"floor":40,"key":"DIG"},{"floor":41,"key":"DIG"},{"floor":44,"key":"DIG"},{"floor":49,"key":"REST"}],"neow_cost":"NO_GOLD","seed_source_timestamp":69494104613400,"circlet_count":0,"master_deck":["AscendersBane","Strike_R","Strike_R+1","Strike_R+1","Strike_R","Strike_R","Defend_R","Defend_R","Defend_R+1","Defend_R","Bash+1","Uppercut","Perfected Strike","Twin Strike","Sword Boomerang+1","Battle Trance","Bandage Up","Perfected Strike","Sword Boomerang","Demon Form","Clumsy","Thunderclap","Ghostly","Ghostly","Ghostly","Ghostly","Ghostly","Heavy Blade","Anger","Corruption","Cleave","Fiend Fire","Exhume","Heavy Blade","Finesse","Sword Boomerang+1","Writhe","Seeing Red","Flame Barrier","Perfected Strike+1"],"relics":["Burning Blood","Brimstone","Whetstone","Shuriken","Bronze Scales","Pantograph","Calling Bell","Regal Pillow","Mercury Hourglass","Charon\u0027s Ashes","Darkstone Periapt","Shovel","WingedGreaves","Girya","Mark of Pain","Molten Egg 2","Lantern","Frozen Egg 2","Kunai","Ice Cream"],"potions_floor_usage":[12,16,16,21,23,23,23,33,33,37,46,50],"damage_taken":[{"damage":3,"enemies":"Small Slimes","floor":1,"turns":3},{"damage":0,"enemies":"Cultist","floor":4,"turns":3},{"damage":9,"enemies":"Jaw Worm","floor":5,"turns":3},{"damage":10,"enemies":"Gremlin Nob","floor":6,"turns":3},{"damage":13,"enemies":"Exordium Wildlife","floor":10,"turns":2},{"damage":18,"enemies":"Lagavulin","floor":11,"turns":5},{"damage":14,"enemies":"Gremlin Nob","floor":13,"turns":3},{"damage":7,"enemies":"Looter","floor":14,"turns":2},{"damage":71,"enemies":"Hexaghost","floor":16,"turns":4},{"damage":31,"enemies":"Shell Parasite","floor":18,"turns":3},{"damage":2,"enemies":"2 Thieves","floor":21,"turns":3},{"damage":10,"enemies":"Slavers","floor":23,"turns":4},{"damage":3,"enemies":"Centurion and Healer","floor":24,"turns":4},{"damage":19,"enemies":"Snake Plant","floor":28,"turns":3},{"damage":10,"enemies":"Book of Stabbing","floor":30,"turns":5},{"damage":35,"enemies":"Collector","floor":33,"turns":7},{"damage":2,"enemies":"3 Darklings","floor":35,"turns":4},{"damage":2,"enemies":"3 Shapes","floor":37,"turns":2},{"damage":14,"enemies":"Spire Growth","floor":42,"turns":3},{"damage":17,"enemies":"Jaw Worm Horde","floor":46,"turns":3},{"damage":18,"enemies":"2 Orb Walkers","floor":47,"turns":4},{"damage":5,"enemies":"4 Shapes","floor":48,"turns":4},{"damage":37,"enemies":"Time Eater","floor":50,"turns":8}],"seed_played":"-7855061087625273292","potions_obtained":[{"floor":1,"key":"EssenceOfSteel"},{"floor":11,"key":"Fruit Juice"},{"floor":14,"key":"BloodPotion"},{"floor":16,"key":"Ancient Potion"},{"floor":20,"key":"EntropicBrew"},{"floor":20,"key":"SneckoOil"},{"floor":21,"key":"Block Potion"},{"floor":24,"key":"Regen Potion"},{"floor":33,"key":"AttackPotion"},{"floor":37,"key":"Fire Potion"},{"floor":46,"key":"SteroidPotion"},{"floor":47,"key":"SpeedPotion"}],"is_trial":false,"path_per_floor":["M","?","$","M","M","E","R","?","T","M","E","$","E","M","R","B",null,"M","?","?","M","?","E","M","$","T","?","M","R","E","$","R","B",null,"M","$","M","?","?","R","R","M","T","R","?","M","?","M","R","B",null],"character_chosen":"IRONCLAD","items_purchased":["Brimstone","Bandage Up","Corruption","Cleave","Fiend Fire"],"campfire_rested":3,"item_purchase_floors":[3,12,25,25,31],"current_hp_per_floor":[91,91,91,96,93,89,89,70,70,63,51,56,52,55,85,50,88,67,50,50,50,50,49,50,50,50,50,37,50,48,47,47,30,43,47,47,47,47,47,47,47,39,39,39,53,42,34,35,53,26],"gold":307,"neow_bonus":"TWENTY_PERCENT_HP_BONUS","is_prod":false,"is_daily":false,"chose_seed":false,"campfire_upgraded":1,"win_rate":0,"timestamp":1555006475,"path_taken":["M","?","$","M","?","E","R","?","T","M","E","$","E","M","R","BOSS","M","?","?","?","?","E","M","$","T","?","?","R","E","$","R","BOSS","M","$","?","?","?","R","R","M","T","R","?","M","?","M","R","BOSS"],"build_version":"2019-01-23","purchased_purges":3,"victory":true,"max_hp_per_floor":[96,96,96,96,96,96,96,96,96,96,96,101,101,101,101,101,101,101,50,50,50,50,50,50,50,50,50,50,50,50,47,47,47,47,47,47,47,47,47,47,47,47,47,47,53,53,53,53,53,53],"card_choices":[{"not_picked":["Heavy Blade","Iron Wave"],"picked":"Uppercut","floor":1},{"not_picked":["Searing Blow","Rupture"],"picked":"Perfected Strike","floor":4},{"not_picked":["Wild Strike","Warcry"],"picked":"Twin Strike","floor":5},{"not_picked":["Armaments","Perfected Strike"],"picked":"Sword Boomerang","floor":6},{"not_picked":["Body Slam","Metallicize","Clothesline"],"picked":"SKIP","floor":10},{"not_picked":["Dark Embrace","Sever Soul"],"picked":"Battle Trance","floor":11},{"not_picked":["Wild Strike","Armaments"],"picked":"Perfected Strike","floor":13},{"not_picked":["Rampage","Warcry"],"picked":"Sword Boomerang","floor":14},{"not_picked":["Impervious","Brutality"],"picked":"Demon Form","floor":16},{"not_picked":["Searing Blow+1","Havoc"],"picked":"Thunderclap","floor":18},{"not_picked":["Thunderclap+1","Clash"],"picked":"Heavy Blade","floor":21},{"not_picked":["Disarm","Impervious","Clothesline+1"],"picked":"SKIP","floor":23},{"not_picked":["Flex","Pommel Strike"],"picked":"Anger","floor":24},{"not_picked":["Entrench","Body Slam","Iron Wave"],"picked":"SKIP","floor":28},{"not_picked":["Twin Strike","Rupture","True Grit"],"picked":"SKIP","floor":30},{"not_picked":["Brutality","Impervious"],"picked":"Exhume","floor":33},{"not_picked":["Entrench","Feel No Pain+1"],"picked":"Heavy Blade","floor":35},{"not_picked":["Flex","Clothesline","Twin Strike+1"],"picked":"SKIP","floor":37},{"not_picked":["PanicButton","HandOfGreed"],"picked":"Finesse","floor":39},{"not_picked":["Body Slam+1","Rage+1"],"picked":"Sword Boomerang+1","floor":42},{"not_picked":["Rage","Disarm"],"picked":"Seeing Red","floor":46},{"not_picked":["Shrug It Off","Inflame+1"],"picked":"Flame Barrier","floor":47},{"not_picked":["Clothesline+1","Bloodletting"],"picked":"Perfected Strike+1","floor":48}],"player_experience":1635921,"relics_obtained":[{"floor":6,"key":"Whetstone"},{"floor":9,"key":"Shuriken"},{"floor":11,"key":"Bronze Scales"},{"floor":13,"key":"Pantograph"},{"floor":17,"key":"Regal Pillow"},{"floor":17,"key":"Mercury Hourglass"},{"floor":17,"key":"Charon\u0027s Ashes"},{"floor":23,"key":"Darkstone Periapt"},{"floor":26,"key":"Shovel"},{"floor":30,"key":"WingedGreaves"},{"floor":32,"key":"Girya"},{"floor":40,"key":"Molten Egg 2"},{"floor":41,"key":"Lantern"},{"floor":43,"key":"Frozen Egg 2"},{"floor":44,"key":"Kunai"},{"floor":47,"key":"Ice Cream"}],"event_choices":[{"damage_healed":0,"gold_gain":275,"player_choice":"Desecrate","damage_taken":0,"max_hp_gain":0,"max_hp_loss":0,"event_name":"Golden Shrine","floor":2,"gold_loss":0,"cards_obtained":["Regret"]},{"damage_healed":0,"gold_gain":0,"player_choice":"Entered Light","damage_taken":19,"max_hp_gain":0,"max_hp_loss":0,"event_name":"Shining Light","floor":8,"gold_loss":0,"cards_upgraded":["Strike_R","Defend_R"]},{"damage_healed":0,"gold_gain":0,"player_choice":"Became a Ghost","damage_taken":0,"max_hp_gain":0,"max_hp_loss":51,"event_name":"Ghosts","floor":19,"gold_loss":0,"cards_obtained":["Ghostly","Ghostly","Ghostly","Ghostly","Ghostly"]},{"damage_healed":0,"gold_gain":0,"player_choice":"Got Potions","damage_taken":0,"max_hp_gain":0,"max_hp_loss":0,"event_name":"Lab","floor":20,"gold_loss":0},{"damage_healed":0,"gold_gain":0,"player_choice":"Ignored","damage_taken":0,"max_hp_gain":0,"max_hp_loss":0,"event_name":"Vampires","floor":22,"gold_loss":0},{"damage_healed":0,"gold_gain":250,"player_choice":"Bet on Owner","damage_taken":0,"max_hp_gain":0,"max_hp_loss":0,"event_name":"The Joust","floor":27,"gold_loss":50},{"damage_healed":0,"gold_gain":0,"player_choice":"Ignored","damage_taken":0,"max_hp_gain":0,"max_hp_loss":0,"event_name":"Tomb of Lord Red Mask","floor":38,"gold_loss":0},{"damage_healed":0,"gold_gain":0,"player_choice":"Memory 1","damage_taken":0,"max_hp_gain":0,"max_hp_loss":0,"event_name":"SensoryStone","floor":39,"gold_loss":0},{"damage_healed":12,"gold_gain":0,"player_choice":"Writhe","damage_taken":0,"max_hp_gain":0,"max_hp_loss":0,"event_name":"Winding Halls","floor":45,"gold_loss":0,"cards_obtained":["Writhe"]},{"damage_healed":0,"gold_gain":0,"player_choice":"Fight","damage_taken":0,"max_hp_gain":0,"max_hp_loss":0,"event_name":"Mysterious Sphere","floor":47,"gold_loss":0}],"is_beta":false,"boss_relics":[{"not_picked":["Coffee Dripper","Lizard Tail"],"picked":"Calling Bell"},{"not_picked":["Pandora\u0027s Box","Orrery"],"picked":"Mark of Pain"}],"items_purged_floors":[3,25,31],"is_endless":false,"potions_floor_spawned":[1,11,14,16,21,24,28,33,37,46,47],"ascension_level":13}