{"gold_per_floor":[118,68,87,87,87,87,122,122,145,70,70,70],"floor_reached":12,"playtime":387,"items_purged":["Strike_R"],"score":78,"play_id":"3be89e46-95b5-4d10-a8af-c6cf5b2d4c6e","local_time":"20190514013354","is_ascension_mode":true,"campfire_choices":[{"data":"Reaper","floor":6,"key":"SMITH"},{"data":"Shrug It Off","floor":8,"key":"SMITH"},{"floor":11,"key":"REST"}],"neow_cost":"NONE","seed_source_timestamp":132008971587193,"circlet_count":0,"master_deck":["Strike_R","Strike_R","Strike_R","Defend_R","Defend_R","Defend_R","Bash","Reaper+1","Dual Wield","Shrug It Off+1","Intimidate"],"relics":["Burning Blood","Pantograph","Vajra"],"potions_floor_usage":[],"damage_taken":[{"damage":15,"enemies":"Small Slimes","floor":1,"turns":8},{"damage":20,"enemies":"Jaw Worm","floor":3,"turns":5},{"damage":75,"enemies":"3 Sentries","floor":7,"turns":18},{"damage":54,"enemies":"Lagavulin","floor":12,"turns":5}],"seed_played":"7539579846695059562","potions_obtained":[{"floor":1,"key":"AttackPotion"}],"is_trial":false,"path_per_floor":["M","?","M","?","?","R","E","R","T","$","R","E"],"character_chosen":"IRONCLAD","items_purchased":[],"campfire_rested":1,"item_purchase_floors":[],"current_hp_per_floor":[74,74,64,64,69,69,15,15,15,15,40,0],"gold":70,"neow_bonus":"ONE_RANDOM_RARE_CARD","is_prod":false,"is_daily":false,"chose_seed":false,"campfire_upgraded":2,"win_rate":0,"timestamp":1557812034,"path_taken":["M","?","M","?","?","R","E","R","T","$","R","E"],"build_version":"2019-01-23","purchased_purges":1,"victory":false,"max_hp_per_floor":[80,80,80,80,85,85,85,85,85,85,85,85],"card_choices":[{"not_picked":["Thunderclap","Headbutt"],"picked":"Dual Wield","floor":1},{"not_picked":["Ghostly Armor","Clothesline"],"picked":"Shrug It Off","floor":3},{"not_picked":["Heavy Blade","Pommel Strike","Perfected Strike"],"picked":"SKIP","floor":7}],"player_experience":61577,"relics_obtained":[{"floor":7,"key":"Pantograph"},{"floor":9,"key":"Vajra"}],"event_choices":[{"cards_removed":["Defend_R"],"damage_healed":0,"gold_gain":0,"player_choice":"Card Removal","damage_taken":0,"max_hp_gain":0,"max_hp_loss":0,"event_name":"The Cleric","floor":2,"gold_loss":50},{"damage_healed":0,"gold_gain":0,"cards_transformed":["Strike_R"],"player_choice":"Change","damage_taken":0,"max_hp_gain":0,"max_hp_loss":0,"event_name":"Living Wall","floor":4,"gold_loss":0,"cards_obtained":["Intimidate"]},{"damage_healed":0,"gold_gain":0,"player_choice":"Donut","damage_taken":0,"max_hp_gain":5,"max_hp_loss":0,"event_name":"Big Fish","floor":5,"gold_loss":0}],"is_beta":false,"boss_relics":[],"items_purged_floors":[10],"is_endless":false,"potions_floor_spawned":[1],"killed_by":"Lagavulin","ascension_level":1}