{"gold_per_floor":[12,12,28,28,28,28,53,53,53,67,67,67,67,96,96,96],"floor_reached":16,"playtime":740,"items_purged":[],"score":133,"play_id":"13a7b955-27c9-42bd-9738-4f4d3da98989","local_time":"20181030162903","is_ascension_mode":true,"campfire_choices":[{"data":"Neutralize","floor":6,"key":"SMITH"},{"floor":8,"key":"REST"},{"floor":12,"key":"REST"},{"floor":15,"key":"REST"}],"neow_cost":"NO_GOLD","seed_source_timestamp":69184437972800,"circlet_count":0,"master_deck":["Defend_G","Defend_G","Defend_G","Defend_G","Defend_G","Strike_G","Strike_G","Strike_G","Strike_G","Survivor","Neutralize+1","Heel Hook","Endless Agony","PiercingWail+1"],"relics":["Ring of the Snake","Bird Faced Urn","Toxic Egg 2","Ninja Scroll","Du-Vu Doll","Pen Nib"],"potions_floor_usage":[7,14,16],"damage_taken":[{"damage":0,"enemies":"2 Louse","floor":1,"turns":3},{"damage":0,"enemies":"Jaw Worm","floor":3,"turns":5},{"damage":39,"enemies":"3 Sentries","floor":7,"turns":13},{"damage":0,"enemies":"Cultist","floor":10,"turns":3},{"damage":12,"enemies":"Gremlin Nob","floor":14,"turns":3},{"damage":74,"enemies":"Hexaghost","floor":16,"turns":16}],"seed_played":"7275610490180222472","potions_obtained":[{"floor":1,"key":"LiquidBronze"},{"floor":10,"key":"SkillPotion"},{"floor":14,"key":"GamblersBrew"}],"is_trial":false,"path_per_floor":["M","?","M","?","?","R","E","R","T","M","$","R","$","E","R"],"character_chosen":"THE_SILENT","items_purchased":[],"campfire_rested":3,"item_purchase_floors":[],"current_hp_per_floor":[70,70,70,70,63,63,24,45,45,45,45,66,66,54,70,0],"gold":96,"neow_bonus":"ONE_RARE_RELIC","is_prod":false,"is_daily":false,"chose_seed":false,"campfire_upgraded":1,"win_rate":0,"timestamp":1540913343,"path_taken":["M","?","M","?","?","R","E","R","T","M","?","R","$","E","R","BOSS"],"build_version":"2018-10-25v2","purchased_purges":0,"victory":false,"max_hp_per_floor":[70,70,70,70,70,70,70,70,70,70,70,70,70,70,70,70],"card_choices":[{"not_picked":["Dash","Dodge and Roll"],"picked":"Heel Hook","floor":1},{"not_picked":["Underhanded Strike","Acrobatics","Cloak And Dagger"],"picked":"SKIP","floor":3},{"not_picked":["Prepared+1","Predator"],"picked":"PiercingWail+1","floor":7},{"not_picked":["Quick Slash","Underhanded Strike","Sucker Punch"],"picked":"SKIP","floor":10},{"not_picked":["Deadly Poison+1","Deflect+1","Dagger Throw"],"picked":"SKIP","floor":14}],"player_experience":814175,"relics_obtained":[{"floor":7,"key":"Ninja Scroll"},{"floor":9,"key":"Du-Vu Doll"},{"floor":14,"key":"Pen Nib"}],"event_choices":[{"damage_healed":0,"gold_gain":0,"cards_transformed":["Strike_G"],"player_choice":"Change","damage_taken":0,"max_hp_gain":0,"max_hp_loss":0,"event_name":"Living Wall","floor":2,"gold_loss":0,"cards_obtained":["Endless Agony"]},{"damage_healed":0,"gold_gain":0,"player_choice":"Box","damage_taken":0,"relics_obtained":["Toxic Egg 2"],"max_hp_gain":0,"max_hp_loss":0,"event_name":"Big Fish","floor":4,"gold_loss":0,"cards_obtained":["Regret"]},{"cards_removed":["Regret"],"damage_healed":0,"gold_gain":0,"player_choice":"Card Removal","damage_taken":7,"max_hp_gain":0,"max_hp_loss":0,"event_name":"Golden Wing","floor":5,"gold_loss":0}],"is_beta":false,"boss_relics":[],"items_purged_floors":[],"is_endless":false,"potions_floor_spawned":[1,10,14],"killed_by":"Hexaghost","ascension_level":5}