{"gold_per_floor":[119,138,9,9,9,37,37,37],"floor_reached":8,"playtime":188,"items_purged":[],"score":150,"play_id":"647fd65f-bcf4-4eb4-9e22-f51801d70a06","local_time":"20190513092541","is_ascension_mode":true,"campfire_choices":[{"data":"Riddle With Holes","floor":7,"key":"SMITH"}],"neow_cost":"NONE","seed_source_timestamp":10082227125630,"circlet_count":0,"master_deck":["AscendersBane","Defend_G","Defend_G","Defend_G","Defend_G","Defend_G","Strike_G","Strike_G","Strike_G+1","Strike_G","Strike_G","Survivor","Neutralize","Riddle With Holes+1","PiercingWail","Riddle With Holes","Infinite Blades+1","Well Laid Plans"],"relics":["Ring of the Snake","NeowsBlessing","Pen Nib","Ginger"],"potions_floor_usage":[],"damage_taken":[{"damage":0,"enemies":"2 Louse","floor":1,"turns":1},{"damage":0,"enemies":"Jaw Worm","floor":2,"turns":1},{"damage":0,"enemies":"Lagavulin","floor":6,"turns":2},{"damage":35,"enemies":"3 Sentries","floor":8,"turns":4}],"seed_played":"-8159620531238503467","potions_obtained":[{"floor":6,"key":"SpeedPotion"}],"is_trial":false,"path_per_floor":["M","M","$","?","?","E","R","E"],"character_chosen":"THE_SILENT","items_purchased":["Riddle With Holes","Infinite Blades"],"campfire_rested":0,"item_purchase_floors":[3,3],"current_hp_per_floor":[59,59,59,39,34,34,34,0],"gold":37,"neow_bonus":"THREE_ENEMY_KILL","is_prod":false,"is_daily":false,"chose_seed":false,"campfire_upgraded":1,"win_rate":0,"timestamp":1557764741,"path_taken":["M","M","$","?","?","E","R","E"],"build_version":"2019-01-23","purchased_purges":0,"victory":false,"max_hp_per_floor":[66,66,66,66,66,66,66,66],"card_choices":[{"not_picked":["Underhanded Strike","Dodge and Roll"],"picked":"Riddle With Holes","floor":1},{"not_picked":["Deflect","Cloak And Dagger"],"picked":"PiercingWail","floor":2},{"not_picked":["Slice","Concentrate"],"picked":"Well Laid Plans","floor":6}],"player_experience":1695964,"relics_obtained":[{"floor":6,"key":"Ginger"}],"event_choices":[{"damage_healed":0,"gold_gain":0,"player_choice":"Entered Light","damage_taken":20,"max_hp_gain":0,"max_hp_loss":0,"event_name":"Shining Light","floor":4,"gold_loss":0,"cards_upgraded":["Infinite Blades","Strike_G"]},{"damage_healed":0,"gold_gain":0,"player_choice":"Success","damage_taken":5,"relics_obtained":["Pen Nib"],"max_hp_gain":0,"max_hp_loss":0,"event_name":"Scrap Ooze","floor":5,"gold_loss":0}],"is_beta":false,"boss_relics":[],"items_purged_floors":[],"is_endless":false,"potions_floor_spawned":[6],"killed_by":"3 Sentries","ascension_level":18}