{"gold_per_floor":[109,121,134,134,144,171,171,171,196,207,238,252,23,0,0,73,73,83,83,83,83,83,83,83,117,117,131,131],"floor_reached":28,"playtime":918,"items_purged":[],"score":406,"play_id":"685f1c79-77ca-40b2-91ee-e51281edbe30","local_time":"20190405204747","is_ascension_mode":true,"campfire_choices":[{"floor":8,"key":"REST"},{"floor":15,"key":"REST"},{"floor":23,"key":"REST"}],"neow_cost":"NONE","seed_source_timestamp":864410451141900,"circlet_count":0,"master_deck":["AscendersBane","Strike_R","Strike_R","Strike_R","Defend_R","Defend_R","Defend_R","Defend_R","Bash","Heavy Blade","Seeing Red","Battle Trance","Barricade","Limit Break","Cleave","Flex","Inflame","Impervious","Disarm","Flex","Flex"],"relics":["Burning Blood","NeowsBlessing","Blood Vial","Happy Flower","Smiling Mask","Membership Card","Lizard Tail","Darkstone Periapt","MutagenicStrength","Lantern","Question Card"],"potions_floor_usage":[6,11,16,25,25,28],"damage_taken":[{"damage":0,"enemies":"Jaw Worm","floor":1,"turns":1},{"damage":0,"enemies":"Cultist","floor":2,"turns":1},{"damage":0,"enemies":"Small Slimes","floor":3,"turns":1},{"damage":12,"enemies":"Looter","floor":5,"turns":3},{"damage":35,"enemies":"3 Sentries","floor":6,"turns":8},{"damage":4,"enemies":"Exordium Wildlife","floor":10,"turns":5},{"damage":54,"enemies":"Lagavulin","floor":11,"turns":9},{"damage":17,"enemies":"Blue Slaver","floor":12,"turns":5},{"damage":33,"enemies":"Slime Boss","floor":16,"turns":7},{"damage":29,"enemies":"2 Thieves","floor":18,"turns":5},{"damage":85,"enemies":"Slavers","floor":25,"turns":10},{"damage":39,"enemies":"Chosen","floor":27,"turns":9},{"damage":21,"enemies":"Gremlin Leader","floor":28,"turns":4}],"seed_played":"7546210528327763671","potions_obtained":[{"floor":2,"key":"Dexterity Potion"},{"floor":4,"key":"Explosive Potion"},{"floor":6,"key":"BloodPotion"},{"floor":16,"key":"Fire Potion"},{"floor":27,"key":"SkillPotion"}],"is_trial":false,"path_per_floor":["M","M","M","?","M","E","?","R","T","M","E","M","$","?","R","B",null,"M","?","?","?","$","R","?","E","T","M","E"],"character_chosen":"IRONCLAD","items_purchased":["Membership Card","PowerPotion"],"campfire_rested":3,"item_purchase_floors":[13,13],"current_hp_per_floor":[78,80,80,80,74,45,45,69,69,73,27,18,18,18,42,17,64,43,43,43,43,43,67,67,44,44,13,0],"gold":131,"neow_bonus":"THREE_ENEMY_KILL","is_prod":false,"is_daily":false,"chose_seed":false,"campfire_upgraded":0,"win_rate":0,"timestamp":1554490067,"path_taken":["M","M","M","?","?","E","?","R","T","?","E","?","$","?","R","BOSS","M","?","?","?","$","R","?","E","T","M","E"],"build_version":"2019-01-23","purchased_purges":0,"victory":false,"max_hp_per_floor":[80,80,80,80,80,80,80,80,80,80,80,80,80,80,80,80,80,80,80,80,80,80,80,80,80,80,80,80],"card_choices":[{"not_picked":["Clash","Havoc"],"picked":"Heavy Blade","floor":1},{"not_picked":["Infernal Blade","Warcry"],"picked":"Seeing Red","floor":2},{"not_picked":["Cleave","Headbutt"],"picked":"Battle Trance","floor":3},{"not_picked":["Anger","Perfected Strike"],"picked":"Barricade","floor":5},{"not_picked":["Iron Wave","Shrug It Off"],"picked":"Limit Break","floor":6},{"not_picked":["Clash","Pommel Strike"],"picked":"Flex","floor":10},{"not_picked":["Reckless Charge","Clash","Clothesline"],"picked":"SKIP","floor":11},{"not_picked":["Whirlwind","Ghostly Armor"],"picked":"Inflame","floor":12},{"not_picked":["Feed","Demon Form"],"picked":"Impervious","floor":16},{"not_picked":["Dropkick","Evolve"],"picked":"Disarm","floor":18},{"not_picked":["Shockwave","Pummel"],"picked":"Flex","floor":25},{"not_picked":["Combust","Headbutt","Sentinel"],"picked":"Flex","floor":27}],"player_experience":1605372,"relics_obtained":[{"floor":6,"key":"Blood Vial"},{"floor":9,"key":"Happy Flower"},{"floor":11,"key":"Smiling Mask"},{"floor":25,"key":"Lantern"},{"floor":26,"key":"Question Card"}],"event_choices":[{"damage_healed":0,"gold_gain":0,"player_choice":"Got Potions","damage_taken":0,"max_hp_gain":0,"max_hp_loss":0,"event_name":"Lab","floor":4,"gold_loss":0},{"damage_healed":0,"gold_gain":0,"cards_transformed":["Strike_R"],"player_choice":"Transformed","damage_taken":0,"max_hp_gain":0,"max_hp_loss":0,"event_name":"Transmorgrifier","floor":7,"gold_loss":0,"cards_obtained":["Cleave"]},{"damage_healed":0,"gold_gain":0,"player_choice":"Left Gold","damage_taken":0,"max_hp_gain":0,"max_hp_loss":0,"event_name":"World of Goop","floor":14,"gold_loss":23},{"damage_healed":0,"gold_gain":0,"player_choice":"Opened","damage_taken":0,"relics_obtained":["Darkstone Periapt"],"max_hp_gain":0,"max_hp_loss":0,"event_name":"The Mausoleum","floor":19,"gold_loss":0},{"damage_healed":0,"gold_gain":0,"player_choice":"Ignored","damage_taken":0,"max_hp_gain":0,"max_hp_loss":0,"event_name":"Beggar","floor":20,"gold_loss":0},{"damage_healed":0,"gold_gain":0,"player_choice":"Inject Mutagens","damage_taken":0,"relics_obtained":["MutagenicStrength"],"max_hp_gain":0,"max_hp_loss":0,"event_name":"Drug Dealer","floor":21,"gold_loss":0},{"cards_removed":["Strike_R"],"damage_healed":0,"gold_gain":0,"player_choice":"Elegance","damage_taken":0,"max_hp_gain":0,"max_hp_loss":0,"event_name":"Back to Basics","floor":24,"gold_loss":0}],"is_beta":false,"boss_relics":[{"not_picked":["Runic Pyramid","Runic Dome"],"picked":"Lizard Tail"}],"items_purged_floors":[],"is_endless":false,"potions_floor_spawned":[2,5,6,16,27],"killed_by":"Gremlin Leader","ascension_level":13}