{"gold_per_floor":[113,70,89,139,149,149,168,197,197,208,46,58,75,75,75,148,148,162,175,88,116,116],"floor_reached":22,"playtime":593,"items_purged":["Strike_R"],"score":376,"play_id":"196953a7-874e-486e-b118-5771f3cd9a4c","local_time":"20190513152714","is_ascension_mode":true,"campfire_choices":[{"data":"Rampage","floor":6.0,"key":"SMITH"},{"floor":15,"key":"REST"}],"neow_cost":"NONE","seed_source_timestamp":259918501835418,"circlet_count":0,"master_deck":["AscendersBane","Strike_R","Strike_R","Strike_R","Defend_R+1","Defend_R","Defend_R","Defend_R","Bash","Rampage+1","Burning Pact","Shrug It Off+1","Evolve","Pommel Strike","Feed","Barricade","Power Through"],"special_seed":0,"relics":["Burning Blood","Red Skull","War Paint","Sundial","Runic Dome","Red Mask"],"potions_floor_usage":[8,21,21],"damage_taken":[{"damage":9.0,"enemies":"Small Slimes","floor":1.0,"turns":4.0},{"damage":6.0,"enemies":"Cultist","floor":3.0,"turns":3.0},{"damage":8.0,"enemies":"2 Louse","floor":5.0,"turns":3.0},{"damage":20,"enemies":"Exordium Thugs","floor":7,"turns":5},{"damage":37,"enemies":"Gremlin Nob","floor":8,"turns":4},{"damage":4,"enemies":"Looter","floor":10,"turns":4},{"damage":10,"enemies":"Blue Slaver","floor":12,"turns":5},{"damage":5,"enemies":"2 Fungi Beasts","floor":13,"turns":3},{"damage":33,"enemies":"Slime Boss","floor":16,"turns":7},{"damage":44,"enemies":"Chosen","floor":18,"turns":6},{"damage":16,"enemies":"Spheric Guardian","floor":19,"turns":5},{"damage":21,"enemies":"Masked Bandits","floor":21,"turns":7},{"damage":16,"enemies":"Shelled Parasite and Fungi","floor":22,"turns":2}],"seed_played":"-6146132567905362536","potions_obtained":[{"floor":1.0,"key":"PowerPotion"},{"floor":3.0,"key":"LiquidBronze"},{"floor":5.0,"key":"AttackPotion"},{"floor":18,"key":"Ancient Potion"}],"is_trial":false,"path_per_floor":["M","$","M","?","M","R","M","E","T","M","$","M","M","?","R","B",null,"M","M","$","?","M"],"character_chosen":"IRONCLAD","items_purchased":["Burning Pact","Feed","Power Through"],"campfire_rested":1,"item_purchase_floors":[2,11,20],"current_hp_per_floor":[65,65,65,65,63,63,49,18,18,20,20,19,23,16,40,16,67,32,22,22,10,0],"gold":116,"neow_bonus":"RANDOM_COMMON_RELIC","is_prod":false,"is_daily":false,"chose_seed":false,"campfire_upgraded":1,"win_rate":0,"timestamp":1557732434,"path_taken":["M","$","M","?","M","R","?","E","T","M","$","M","M","?","R","BOSS","M","M","$","?","M"],"build_version":"2019-01-23","purchased_purges":1,"victory":false,"max_hp_per_floor":[75,75,75,75,75,75,75,75,75,75,75,78,81,81,81,84,84,87,87,87,90,90],"card_choices":[{"not_picked":["Twin Strike","Flex"],"picked":"Rampage","floor":1.0},{"not_picked":["Clash","Rage","Body Slam"],"picked":"SKIP","floor":3.0},{"not_picked":["Twin Strike","Anger"],"picked":"Shrug It Off","floor":5.0},{"not_picked":["Heavy Blade","Reckless Charge","Flame Barrier"],"picked":"SKIP","floor":7},{"not_picked":["Bloodletting","Fire Breathing"],"picked":"Evolve","floor":8},{"not_picked":["Sword Boomerang","Flame Barrier"],"picked":"Pommel Strike","floor":10},{"not_picked":["Wild Strike","Havoc","Clash"],"picked":"SKIP","floor":12},{"not_picked":["Immolate","Rupture","Body Slam"],"picked":"SKIP","floor":13},{"not_picked":["Dark Embrace","Immolate"],"picked":"Barricade","floor":16},{"not_picked":["Havoc","Thunderclap","Clash"],"picked":"SKIP","floor":18},{"not_picked":["Wild Strike","Seeing Red","Sever Soul+1"],"picked":"SKIP","floor":19}],"player_experience":1637347,"relics_obtained":[{"floor":8,"key":"War Paint"},{"floor":9,"key":"Sundial"},{"floor":21,"key":"Red Mask"}],"event_choices":[{"damage_healed":0.0,"max_hp_gain":0.0,"max_hp_loss":0.0,"gold_gain":50.0,"event_name":"Golden Shrine","player_choice":"Pray","floor":4.0,"gold_loss":0.0,"damage_taken":0.0},{"cards_removed":["Strike_R"],"damage_healed":0,"gold_gain":0,"player_choice":"Card Removal","damage_taken":7,"max_hp_gain":0,"max_hp_loss":0,"event_name":"Golden Wing","floor":14,"gold_loss":0},{"damage_healed":0,"gold_gain":0,"player_choice":"Fought Bandits","damage_taken":0,"max_hp_gain":0,"max_hp_loss":0,"event_name":"Masked Bandits","floor":21,"gold_loss":0}],"is_beta":false,"boss_relics":[{"not_picked":["Philosopher\u0027s Stone","Calling Bell"],"picked":"Runic Dome"}],"items_purged_floors":[11],"is_endless":false,"potions_floor_spawned":[1,3,5,7,18,19],"killed_by":"Shelled Parasite and Fungi","ascension_level":20}