{"path_per_floor":["M","?","M","M","$","R","M","R","T","?","R","?","M","$","R","B",null,"M","T","M","?","?","R"],"character_chosen":"THE_SILENT","items_purchased":["Footwork"],"gold_per_floor":[114,88,103,118,118,118,133,133,208,208,208,208,223,143,143,243,243,258,258,273,273,273,273,273],"floor_reached":24,"campfire_rested":0,"playtime":1170,"current_hp_per_floor":[70,70,70,70,70,70,62,62,62,62,62,62,62,62,62,52,77,74,74,74,60,82,82,0],"items_purged":[],"gold":273,"score":184,"play_id":"4a157823-6412-4993-82de-9d77c09fb12c","local_time":"20180422194242","daily_mods":["Draft","Vintage","Hoarder"],"is_prod":false,"is_daily":true,"chose_seed":false,"is_ascension_mode":false,"campfire_upgraded":5,"timestamp":1524451362,"path_taken":["M","?","M","M","$","R","M","R","T","?","R","?","M","$","R","BOSS","M","?","?","?","?","R","E"],"build_version":"2018-04-19","seed_source_timestamp":0,"purchased_purges":0,"victory":false,"master_deck":["Predator","Predator","Predator","Acrobatics","Acrobatics","Acrobatics","Dash+1","Dash+1","Dash+1","Sucker Punch","Sucker Punch","Sucker Punch","Bouncing Flask","Bouncing Flask","Bouncing Flask","Backflip","Backflip","Backflip","Footwork+1","Footwork+1","Footwork","Die Die Die","Die Die Die","Die Die Die"],"max_hp_per_floor":[70,70,70,70,70,70,70,70,70,70,70,70,70,70,70,77,77,77,77,77,82,82,82,82],"relics":["Ring of the Snake","Shuriken","Bag of Marbles","Vajra","Bag of Preparation","Smiling Mask","Anchor","Strawberry","White Beast Statue","Prayer Wheel","The Courier","Calipers"],"card_choices":[{"not_picked":["Prepared","Bane"],"picked":"Predator","floor":0},{"not_picked":["Flying Knee","Deadly Poison"],"picked":"Acrobatics","floor":0},{"not_picked":["Outmaneuver","All Out Attack"],"picked":"Dash","floor":0},{"not_picked":["Dagger Throw","Blade Dance"],"picked":"Sucker Punch","floor":0},{"not_picked":["Prepared","Flechettes"],"picked":"Bouncing Flask","floor":0},{"not_picked":["Flying Knee","Deadly Poison"],"picked":"Backflip","floor":0},{"not_picked":["Storm of Steel","Glass Knife"],"picked":"Die Die Die","floor":16}],"player_experience":215682,"potions_floor_usage":[16,24,24],"damage_taken":[{"damage":0,"enemies":"Cultist","floor":1,"turns":4},{"damage":0,"enemies":"2 Louse","floor":3,"turns":2},{"damage":0,"enemies":"Jaw Worm","floor":4,"turns":3},{"damage":8,"enemies":"Large Slime","floor":7,"turns":5},{"damage":0,"enemies":"Exordium Thugs","floor":13,"turns":4},{"damage":17,"enemies":"Slime Boss","floor":16,"turns":19},{"damage":3,"enemies":"Shell Parasite","floor":18,"turns":7},{"damage":0,"enemies":"2 Thieves","floor":20,"turns":4},{"damage":94,"enemies":"Gremlin Leader","floor":24,"turns":10}],"event_choices":[{"event_name":"World of Goop","player_choice":"Left","floor":2,"damage_taken":0},{"event_name":"Liars Game","player_choice":"disagreed","floor":10,"damage_taken":0},{"event_name":"Scrap Ooze","player_choice":"unsuccessful","floor":12,"damage_taken":0},{"event_name":"Forgotten Altar","player_choice":"Shed Blood","floor":21,"damage_taken":0},{"event_name":"The Library","player_choice":"Heal","floor":22,"damage_taken":0}],"boss_relics":[{"not_picked":["Calling Bell","Runic Dome"],"picked":"White Beast Statue"}],"potions_floor_spawned":[3,7,13,16,18,20],"seed_played":"2192268310771929411","killed_by":"Gremlin Leader","ascension_level":0,"is_trial":false}