{"gold_per_floor":[115,115,115,22,22,22,55,66,66,95,12,187,187,187,187,263,263,278,7,26,26,40,40,57,74,100,100,112,145,159,172,172,249,249,266,266,266,266,283,283,311,329,329,329,329],"floor_reached":45,"playtime":7987,"items_purged":[],"score":926,"play_id":"e43607ad-e450-450a-b9e3-47cb6a117f43","local_time":"20190430100007","is_ascension_mode":true,"campfire_choices":[{"data":"Dagger Throw","floor":6.0,"key":"SMITH"},{"data":"Noxious Fumes","floor":13.0,"key":"SMITH"},{"data":"Infinite Blades","floor":15.0,"key":"SMITH"},{"floor":23,"key":"REST"},{"floor":27,"key":"REST"},{"floor":32,"key":"REST"},{"floor":40,"key":"REST"}],"neow_cost":"NONE","seed_source_timestamp":0,"circlet_count":0,"master_deck":["AscendersBane","Defend_G","Defend_G","Defend_G","Defend_G","Strike_G","Strike_G","Strike_G","Strike_G","Survivor","Neutralize","Dagger Throw+1","Endless Agony","Dramatic Entrance+1","Catalyst","Infinite Blades+1","Noxious Fumes+1","Predator","PiercingWail","A Thousand Cuts+1","Backstab","Panache","Infinite Blades","Crippling Poison","Well Laid Plans","Noxious Fumes","Blade Dance+1","Storm of Steel","Catalyst+1","Panache","Dark Shackles"],"special_seed":0,"relics":["Ring of the Snake","NeowsBlessing","Singing Bowl","Ninja Scroll","Gambling Chip","Philosopher\u0027s Stone","Happy Flower","Anchor","Runic Pyramid","PreservedInsect","Bottled Tornado"],"potions_floor_usage":[22,30,33,33,41,45],"damage_taken":[{"damage":0.0,"enemies":"Jaw Worm","floor":1.0,"turns":1.0},{"damage":0.0,"enemies":"Gremlin Nob","floor":7.0,"turns":1.0},{"damage":0.0,"enemies":"Small Slimes","floor":8.0,"turns":1.0},{"damage":0.0,"enemies":"3 Sentries","floor":10.0,"turns":5.0},{"damage":21.0,"enemies":"Slime Boss","floor":16.0,"turns":8.0},{"damage":12,"enemies":"Spheric Guardian","floor":18,"turns":3},{"damage":20,"enemies":"Shell Parasite","floor":20,"turns":4},{"damage":13,"enemies":"Snake Plant","floor":22,"turns":4},{"damage":14,"enemies":"Cultist and Chosen","floor":24,"turns":5},{"damage":4,"enemies":"Snecko","floor":25,"turns":3},{"damage":0,"enemies":"Chosen and Byrds","floor":28,"turns":3},{"damage":0,"enemies":"Gremlin Leader","floor":29,"turns":4},{"damage":20,"enemies":"Cultist and Chosen","floor":30,"turns":5},{"damage":4,"enemies":"3 Cultists","floor":31,"turns":3},{"damage":42,"enemies":"Collector","floor":33,"turns":6},{"damage":10,"enemies":"3 Darklings","floor":35,"turns":4},{"damage":5,"enemies":"3 Shapes","floor":39,"turns":3},{"damage":37,"enemies":"Nemesis","floor":41,"turns":5},{"damage":31,"enemies":"Sphere and 2 Shapes","floor":42,"turns":5},{"damage":24,"enemies":"Spire Growth","floor":45,"turns":2}],"seed_played":"-3828115852626978409","potions_obtained":[{"floor":7.0,"key":"Fire Potion"},{"floor":10.0,"key":"SkillPotion"},{"floor":16.0,"key":"FearPotion"},{"floor":24,"key":"FearPotion"},{"floor":25,"key":"AttackPotion"},{"floor":29,"key":"Regen Potion"},{"floor":30,"key":"AttackPotion"},{"floor":33,"key":"Poison Potion"},{"floor":42,"key":"Poison Potion"}],"is_trial":false,"path_per_floor":["M","?","?","$","?","R","E","M","T","E","$","?","R","?","R","B",null,"M","$","M","?","M","R","M","M","T","R","M","E","M","M","R","B",null,"M","?","?","?","M","R","E","M","T","?","M"],"character_chosen":"THE_SILENT","items_purchased":["Dramatic Entrance","Predator","PiercingWail","Panache","Infinite Blades","Crippling Poison"],"campfire_rested":4,"item_purchase_floors":[4,11,11,19,19,19],"current_hp_per_floor":[63,63,63,63,63,63,63,63,63,63,63,63,63,56,56,35,61,49,49,29,29,18,39,27,25,25,47,47,47,29,27,51,23,66,56,56,56,56,53,77,42,13,13,13,0],"gold":329,"neow_bonus":"THREE_ENEMY_KILL","is_prod":false,"is_daily":false,"chose_seed":false,"campfire_upgraded":3,"win_rate":0,"timestamp":1556643607,"path_taken":["M","?","?","?","?","R","E","?","T","E","$","?","R","?","R","BOSS","M","$","M","?","M","R","M","M","T","R","M","E","M","M","R","BOSS","M","?","?","?","?","R","E","M","T","?","M"],"build_version":"2019-01-23","purchased_purges":0,"victory":false,"max_hp_per_floor":[70,70,70,70,70,70,70,70,70,70,70,70,70,70,70,70,70,70,70,70,70,72,72,74,76,76,76,76,76,78,80,80,80,80,80,80,80,80,82,82,84,86,86,86,86],"card_choices":[{"not_picked":["Acrobatics","Blade Dance"],"picked":"Dagger Throw","floor":1.0},{"not_picked":["Finisher","Dodge and Roll"],"picked":"Catalyst","floor":7.0},{"not_picked":["Skewer","Expertise"],"picked":"Infinite Blades","floor":8.0},{"not_picked":["PiercingWail","Envenom"],"picked":"Noxious Fumes","floor":10.0},{"not_picked":["Bullet Time","Corpse Explosion"],"picked":"A Thousand Cuts","floor":16.0},{"not_picked":["Skewer","Flying Knee"],"picked":"Backstab","floor":18},{"not_picked":["Blade Dance","PiercingWail"],"picked":"Well Laid Plans","floor":20},{"not_picked":["Prepared","Backflip","Outmaneuver"],"picked":"Singing Bowl","floor":22},{"not_picked":["Underhanded Strike","Terror","Outmaneuver"],"picked":"Singing Bowl","floor":24},{"not_picked":["Dagger Spray","Distraction","Dash+1"],"picked":"Singing Bowl","floor":25},{"not_picked":["Deadly Poison","Acrobatics"],"picked":"Noxious Fumes","floor":28},{"not_picked":["Slice","Quick Slash+1"],"picked":"Blade Dance+1","floor":29},{"not_picked":["Dagger Spray","Deadly Poison","PiercingWail"],"picked":"Singing Bowl","floor":30},{"not_picked":["Expertise","Escape Plan","Slice"],"picked":"Singing Bowl","floor":31},{"not_picked":["Wraith Form v2","Glass Knife"],"picked":"Storm of Steel","floor":33},{"not_picked":["Quick Slash+1","Backflip"],"picked":"Catalyst+1","floor":35},{"not_picked":["Quick Slash+1","Blur","Prepared"],"picked":"Singing Bowl","floor":39},{"not_picked":["Deadly Poison","Sucker Punch+1","Skewer"],"picked":"Singing Bowl","floor":41},{"not_picked":["Dagger Spray","Cloak And Dagger","Sucker Punch"],"picked":"Singing Bowl","floor":42},{"not_picked":["Madness","PanicButton"],"picked":"Dark Shackles","floor":44}],"player_experience":1518146,"relics_obtained":[{"floor":7.0,"key":"Singing Bowl"},{"floor":9.0,"key":"Ninja Scroll"},{"floor":10.0,"key":"Gambling Chip"},{"floor":26,"key":"Happy Flower"},{"floor":29,"key":"Anchor"},{"floor":41,"key":"PreservedInsect"},{"floor":43,"key":"Bottled Tornado"}],"event_choices":[{"damage_healed":0.0,"max_hp_gain":0.0,"max_hp_loss":0.0,"gold_gain":0.0,"event_name":"Shining Light","player_choice":"Ignored","floor":2.0,"gold_loss":0.0,"damage_taken":0.0},{"damage_healed":0.0,"max_hp_gain":0.0,"max_hp_loss":0.0,"gold_gain":0.0,"cards_transformed":["Strike_G"],"event_name":"Living Wall","player_choice":"Change","floor":3.0,"gold_loss":0.0,"damage_taken":0.0,"cards_obtained":["Endless Agony"]},{"damage_healed":0.0,"max_hp_gain":0.0,"max_hp_loss":0.0,"gold_gain":0.0,"event_name":"Upgrade Shrine","player_choice":"Upgraded","floor":5.0,"gold_loss":0.0,"damage_taken":0.0,"cards_upgraded":["Dramatic Entrance"]},{"damage_healed":0.0,"max_hp_gain":0.0,"max_hp_loss":0.0,"gold_gain":175.0,"event_name":"Liars Game","player_choice":"AGREE","floor":12.0,"gold_loss":0.0,"damage_taken":0.0,"cards_obtained":["Doubt"]},{"cards_removed":["Doubt"],"damage_healed":0.0,"max_hp_gain":0.0,"max_hp_loss":0.0,"gold_gain":0.0,"event_name":"Golden Wing","player_choice":"Card Removal","floor":14.0,"gold_loss":0.0,"damage_taken":7.0},{"damage_healed":0,"gold_gain":0,"player_choice":"Upgraded","damage_taken":0,"max_hp_gain":0,"max_hp_loss":0,"event_name":"Upgrade Shrine","floor":21,"gold_loss":0,"cards_upgraded":["A Thousand Cuts"]},{"cards_removed":["Defend_G"],"damage_healed":0,"gold_gain":0,"player_choice":"Removed Skill","damage_taken":0,"max_hp_gain":0,"max_hp_loss":0,"event_name":"Falling","floor":36,"gold_loss":0},{"damage_healed":0,"gold_gain":0,"player_choice":"Ignored","damage_taken":0,"max_hp_gain":0,"max_hp_loss":0,"event_name":"Mysterious Sphere","floor":37,"gold_loss":0},{"damage_healed":0,"gold_gain":0,"player_choice":"Copied","damage_taken":0,"max_hp_gain":0,"max_hp_loss":0,"event_name":"Duplicator","floor":38,"gold_loss":0,"cards_obtained":["Panache"]},{"damage_healed":0,"gold_gain":0,"player_choice":"Memory 1","damage_taken":0,"max_hp_gain":0,"max_hp_loss":0,"event_name":"SensoryStone","floor":44,"gold_loss":0}],"is_beta":false,"boss_relics":[{"not_picked":["Ring of the Serpent","Black Star"],"picked":"Philosopher\u0027s Stone"},{"not_picked":["Calling Bell","Empty Cage"],"picked":"Runic Pyramid"}],"items_purged_floors":[],"is_endless":false,"potions_floor_spawned":[7,10,16,24,25,29,30,33,42],"killed_by":"Spire Growth","ascension_level":13}