{"gold_per_floor":[109,109,120,120,120,120,153,167,167,258,258,283,171,188,188,263,263,275,291,93,93,104,104,138,138],"floor_reached":25,"playtime":722,"items_purged":["Strike_G","Strike_G"],"score":468,"play_id":"273d7b6f-5ab7-48cf-9e8a-25a5a8075929","local_time":"20190513182918","is_ascension_mode":true,"campfire_choices":[{"data":"Bouncing Flask","floor":6.0,"key":"SMITH"},{"floor":11.0,"key":"REST"},{"data":"Catalyst","floor":15.0,"key":"SMITH"},{"floor":23,"key":"REST"}],"neow_cost":"NONE","seed_source_timestamp":270671888837818,"circlet_count":0,"master_deck":["AscendersBane","Defend_G","Defend_G","Defend_G","Defend_G","Defend_G","Strike_G","Strike_G","Strike_G","Survivor","Neutralize+1","Bouncing Flask+1","Catalyst+1","Adrenaline","Well Laid Plans","Grand Finale","Acrobatics","Purity","Adrenaline","Crippling Poison+1"],"special_seed":0,"relics":["Ring of the Snake","NeowsBlessing","Bird Faced Urn","Art of War","Matryoshka","Tiny Chest","Mango","Sozu","Red Mask"],"potions_floor_usage":[22],"damage_taken":[{"damage":0.0,"enemies":"Small Slimes","floor":1.0,"turns":1.0},{"damage":0.0,"enemies":"Cultist","floor":3.0,"turns":1.0},{"damage":0.0,"enemies":"3 Sentries","floor":7.0,"turns":1.0},{"damage":4.0,"enemies":"Jaw Worm","floor":8.0,"turns":3.0},{"damage":38.0,"enemies":"Lagavulin Event","floor":10.0,"turns":8.0},{"damage":15.0,"enemies":"Lagavulin","floor":12.0,"turns":5.0},{"damage":20.0,"enemies":"Lots of Slimes","floor":14.0,"turns":8.0},{"damage":6,"enemies":"The Guardian","floor":16,"turns":9},{"damage":18,"enemies":"2 Thieves","floor":18,"turns":5},{"damage":16,"enemies":"Shell Parasite","floor":19,"turns":3},{"damage":20,"enemies":"Shelled Parasite and Fungi","floor":22,"turns":5},{"damage":37,"enemies":"Masked Bandits","floor":24,"turns":4},{"damage":10,"enemies":"Centurion and Healer","floor":25,"turns":2}],"seed_played":"-6265800091107969545","potions_obtained":[{"floor":10.0,"key":"Weak Potion"},{"floor":16,"key":"LiquidBronze"}],"is_trial":false,"path_per_floor":["M","?","M","T","?","R","E","M","T","?","R","E","$","M","R","B",null,"M","M","$","?","M","R","?","M"],"character_chosen":"THE_SILENT","items_purchased":["Well Laid Plans","Purity"],"campfire_rested":2,"item_purchase_floors":[13,20],"current_hp_per_floor":[59,59,59,59,50,50,50,46,46,8,27,26,26,8,8,4,61,45,31,31,31,13,37,2,0],"gold":138,"neow_bonus":"THREE_ENEMY_KILL","is_prod":false,"is_daily":false,"chose_seed":false,"campfire_upgraded":2,"win_rate":0,"timestamp":1557743358,"path_taken":["M","?","?","?","?","R","E","?","T","?","R","E","$","M","R","BOSS","M","M","$","?","?","R","?","M"],"build_version":"2019-01-23","purchased_purges":2,"victory":false,"max_hp_per_floor":[66,66,66,66,66,66,66,66,66,66,66,80,80,80,80,80,80,80,80,80,80,80,80,80,80],"card_choices":[{"not_picked":["PiercingWail","Deflect","Expertise"],"picked":"SKIP","floor":1.0},{"not_picked":["Slice","Eviscerate"],"picked":"Bouncing Flask","floor":3.0},{"not_picked":["Sucker Punch","Infinite Blades","Bane"],"picked":"SKIP","floor":7.0},{"not_picked":["Dagger Throw","Infinite Blades","Dagger Spray"],"picked":"SKIP","floor":8.0},{"not_picked":["Dagger Throw","Prepared"],"picked":"Catalyst","floor":10.0},{"not_picked":["Acrobatics","Dodge and Roll"],"picked":"Adrenaline","floor":12.0},{"not_picked":["Infinite Blades","Terror","Backflip"],"picked":"SKIP","floor":14.0},{"not_picked":["Glass Knife","Venomology"],"picked":"Grand Finale","floor":16},{"not_picked":["Outmaneuver","Flechettes"],"picked":"Acrobatics","floor":18},{"not_picked":["Deadly Poison","PiercingWail","Blur"],"picked":"SKIP","floor":19},{"not_picked":["Finisher","Backflip"],"picked":"Crippling Poison+1","floor":22}],"player_experience":1645990,"relics_obtained":[{"floor":4.0,"key":"Bird Faced Urn"},{"floor":7.0,"key":"Art of War"},{"floor":9.0,"key":"Matryoshka"},{"floor":10.0,"key":"Tiny Chest"},{"floor":12.0,"key":"Mango"},{"floor":24,"key":"Red Mask"}],"event_choices":[{"damage_healed":0.0,"max_hp_gain":0.0,"max_hp_loss":0.0,"gold_gain":0.0,"event_name":"Upgrade Shrine","player_choice":"Upgraded","floor":2.0,"gold_loss":0.0,"damage_taken":0.0,"cards_upgraded":["Neutralize"]},{"damage_healed":0.0,"max_hp_gain":0.0,"max_hp_loss":0.0,"gold_gain":0.0,"event_name":"Wheel of Change","player_choice":"Damaged","floor":5.0,"gold_loss":0.0,"damage_taken":9.0},{"damage_healed":0.0,"max_hp_gain":0.0,"max_hp_loss":0.0,"gold_gain":30.0,"event_name":"Dead Adventurer","player_choice":"Searched \u00272\u0027 times","floor":10.0,"gold_loss":0.0,"damage_taken":0.0},{"damage_healed":0,"gold_gain":0,"player_choice":"Copied","damage_taken":0,"max_hp_gain":0,"max_hp_loss":0,"event_name":"Duplicator","floor":21,"gold_loss":0,"cards_obtained":["Adrenaline"]},{"damage_healed":0,"gold_gain":0,"player_choice":"Fought Bandits","damage_taken":0,"max_hp_gain":0,"max_hp_loss":0,"event_name":"Masked Bandits","floor":24,"gold_loss":0}],"is_beta":false,"boss_relics":[{"not_picked":["Fusion Hammer","Snecko Eye"],"picked":"Sozu"}],"items_purged_floors":[13,20],"is_endless":false,"potions_floor_spawned":[10,16,19,24],"killed_by":"Centurion and Healer","ascension_level":20}