{"gold_per_floor":[117,135,210,230,180,180,205,205,205,220,237,252,135,135,135,230,230,247,261,261,272,296,296,309,309,388,303,303,317,332,344,344,439,439,449,409,53,68,81,81,94,94,143,163,188,188],"floor_reached":46,"playtime":2739,"items_purged":[],"score":651,"play_id":"5e608e88-6570-4161-8a4f-95938d72eeb7","local_time":"20181104201626","is_ascension_mode":true,"campfire_choices":[{"data":"Rage","floor":6,"key":"SMITH"},{"floor":8,"key":"REST"},{"floor":15,"key":"REST"},{"floor":23,"key":"REST"},{"floor":25,"key":"REST"},{"floor":32,"key":"REST"},{"data":"True Grit","floor":40,"key":"SMITH"},{"floor":42,"key":"REST"}],"neow_cost":"NONE","seed_source_timestamp":512829011793800,"circlet_count":0,"master_deck":["Defend_R","Defend_R","Defend_R","Defend_R","Bash","Rage+1","Seeing Red","Flame Barrier","Combust","Exhume","Armaments+1","Dual Wield","Inflame","Dramatic Entrance","Juggernaut","Anger","Demon Form","Headbutt","True Grit+1","Bite","Bite","Bite","Bite","Bite","Heavy Blade+1","Cleave+1","J.A.X.","Inflame","Fire Breathing+1","Juggernaut","Heavy Blade+1","Rupture","Flame Barrier","Double Tap","Seeing Red"],"relics":["Burning Blood","NeowsBlessing","Matryoshka","Mummified Hand","Eternal Feather","Kunai","Bag of Preparation","Singing Bowl","Sundial","Mark of Pain","Unceasing Top","Potion Belt","Smiling Mask"],"potions_floor_usage":[7,16,19,21,30,31,31,41,41,45],"damage_taken":[{"damage":0,"enemies":"Cultist","floor":1,"turns":1},{"damage":0,"enemies":"Small Slimes","floor":2,"turns":1},{"damage":0,"enemies":"2 Louse","floor":4,"turns":1},{"damage":30,"enemies":"3 Sentries","floor":7,"turns":12},{"damage":8,"enemies":"Gremlin Gang","floor":10,"turns":4},{"damage":22,"enemies":"3 Louse","floor":11,"turns":3},{"damage":15,"enemies":"Exordium Wildlife","floor":12,"turns":4},{"damage":69,"enemies":"Hexaghost","floor":16,"turns":10},{"damage":31,"enemies":"Spheric Guardian","floor":18,"turns":5},{"damage":24,"enemies":"Shell Parasite","floor":19,"turns":6},{"damage":33,"enemies":"Cultist and Chosen","floor":21,"turns":7},{"damage":26,"enemies":"Sentry and Sphere","floor":24,"turns":4},{"damage":15,"enemies":"Snake Plant","floor":29,"turns":4},{"damage":48,"enemies":"Centurion and Healer","floor":30,"turns":6},{"damage":20,"enemies":"Sentry and Sphere","floor":31,"turns":4},{"damage":83,"enemies":"Collector","floor":33,"turns":8},{"damage":13,"enemies":"3 Shapes","floor":35,"turns":3},{"damage":4,"enemies":"3 Darklings","floor":38,"turns":2},{"damage":17,"enemies":"4 Shapes","floor":39,"turns":3},{"damage":61,"enemies":"Writhing Mass","floor":41,"turns":6},{"damage":25,"enemies":"Spire Growth","floor":44,"turns":4},{"damage":73,"enemies":"Giant Head","floor":45,"turns":7},{"damage":22,"enemies":"Jaw Worm Horde","floor":46,"turns":2}],"seed_played":"6079147291514821967","potions_obtained":[{"floor":1,"key":"Regen Potion"},{"floor":4,"key":"LiquidBronze"},{"floor":10,"key":"SpeedPotion"},{"floor":18,"key":"Weak Potion"},{"floor":24,"key":"Block Potion"},{"floor":29,"key":"Weak Potion"},{"floor":30,"key":"AttackPotion"},{"floor":33,"key":"Regen Potion"},{"floor":38,"key":"GamblersBrew"}],"is_trial":false,"path_per_floor":["M","M","?","M","?","R","E","R","T","M","M","M","$","?","R","B",null,"M","M","?","M","T","R","M","R","T","?","?","M","M","M","R","B",null,"M","?","$","M","M","R","M","R","T","M","E","M"],"character_chosen":"IRONCLAD","items_purchased":["Dual Wield","Inflame","SteroidPotion","Unceasing Top"],"campfire_rested":6,"item_purchase_floors":[13,13,37,37],"current_hp_per_floor":[80,80,69,75,75,75,51,75,75,75,61,54,54,54,78,32,68,45,29,29,18,18,57,47,80,80,80,80,77,46,40,79,10,64,63,63,63,71,66,84,31,74,74,61,11,0],"gold":188,"neow_bonus":"THREE_ENEMY_KILL","is_prod":false,"is_daily":false,"chose_seed":false,"campfire_upgraded":2,"win_rate":0,"timestamp":1541358986,"path_taken":["M","M","?","M","?","R","E","R","T","M","M","M","$","?","R","BOSS","M","?","?","M","?","R","?","R","T","?","?","M","M","M","R","BOSS","M","?","$","M","M","R","M","R","T","?","E","M"],"build_version":"2018-11-01","purchased_purges":0,"victory":false,"max_hp_per_floor":[80,80,80,80,80,80,80,80,80,80,80,80,80,80,80,80,80,80,80,80,80,80,80,80,80,80,80,80,82,82,82,82,82,82,82,82,82,82,84,84,84,84,84,84,84,84],"card_choices":[{"not_picked":["Thunderclap","Twin Strike"],"picked":"Rage","floor":1},{"not_picked":["Uppercut","Heavy Blade"],"picked":"Seeing Red","floor":2},{"not_picked":["Corruption","Power Through"],"picked":"Flame Barrier","floor":4},{"not_picked":["Sword Boomerang","Warcry"],"picked":"Combust","floor":7},{"not_picked":["Sword Boomerang","Cleave"],"picked":"Exhume","floor":10},{"not_picked":["Perfected Strike","Whirlwind"],"picked":"Armaments","floor":11},{"not_picked":["Pommel Strike","Wild Strike","Thunderclap"],"picked":"SKIP","floor":12},{"not_picked":["Feed","Limit Break"],"picked":"Demon Form","floor":16},{"not_picked":["Heavy Blade","Clash+1"],"picked":"Headbutt","floor":18},{"not_picked":["Sword Boomerang","Pummel+1"],"picked":"True Grit","floor":19},{"not_picked":["Pommel Strike","Wild Strike"],"picked":"Heavy Blade+1","floor":21},{"not_picked":["Reckless Charge","Combust"],"picked":"Cleave+1","floor":24},{"not_picked":["True Grit","Burning Pact+1","Warcry"],"picked":"Singing Bowl","floor":29},{"not_picked":["Hemokinesis","Havoc"],"picked":"Inflame","floor":30},{"not_picked":["Bludgeon","Clothesline"],"picked":"Fire Breathing+1","floor":31},{"not_picked":["Dark Embrace","Exhume"],"picked":"Juggernaut","floor":33},{"not_picked":["Pommel Strike+1","Hemokinesis"],"picked":"Heavy Blade+1","floor":35},{"not_picked":["Seeing Red","Warcry+1"],"picked":"Rupture","floor":38},{"not_picked":["Havoc+1","Reckless Charge+1","Sword Boomerang+1"],"picked":"Singing Bowl","floor":39},{"not_picked":["Thunderclap+1","Sword Boomerang"],"picked":"Flame Barrier","floor":41},{"not_picked":["Clash","Twin Strike+1"],"picked":"Double Tap","floor":44},{"not_picked":["Shrug It Off+1","Body Slam"],"picked":"Seeing Red","floor":45}],"player_experience":843153,"relics_obtained":[{"floor":7,"key":"Matryoshka"},{"floor":9,"key":"Blood Vial"},{"floor":9,"key":"Mummified Hand"},{"floor":22,"key":"Kunai"},{"floor":22,"key":"Bag of Preparation"},{"floor":26,"key":"Singing Bowl"},{"floor":43,"key":"Potion Belt"},{"floor":45,"key":"Smiling Mask"}],"event_choices":[{"damage_healed":0,"gold_gain":75,"player_choice":"Gather Gold","damage_taken":11,"max_hp_gain":0,"max_hp_loss":0,"event_name":"World of Goop","floor":3,"gold_loss":0},{"cards_removed":["Strike_R"],"damage_healed":0,"gold_gain":0,"player_choice":"Card Removal","damage_taken":0,"max_hp_gain":0,"max_hp_loss":0,"event_name":"The Cleric","floor":5,"gold_loss":50},{"damage_healed":0,"gold_gain":0,"player_choice":"3 cards matched","damage_taken":0,"max_hp_gain":0,"max_hp_loss":0,"event_name":"Match and Keep!","floor":14,"gold_loss":0,"cards_obtained":["Dramatic Entrance","Juggernaut","Anger"]},{"damage_healed":0,"gold_gain":0,"player_choice":"Became a vampire (Vial)","damage_taken":0,"max_hp_gain":0,"max_hp_loss":0,"event_name":"Vampires","floor":20,"relics_lost":["Blood Vial"],"gold_loss":0,"cards_obtained":["Bite","Bite","Bite","Bite","Bite"]},{"damage_healed":0,"gold_gain":0,"player_choice":"Obtained Relic","damage_taken":0,"relics_obtained":["Sundial"],"max_hp_gain":0,"max_hp_loss":0,"event_name":"Addict","floor":27,"gold_loss":85},{"damage_healed":0,"gold_gain":0,"player_choice":"Obtain J.A.X.","damage_taken":0,"max_hp_gain":0,"max_hp_loss":0,"event_name":"Drug Dealer","floor":28,"gold_loss":0,"cards_obtained":["J.A.X."]},{"damage_healed":0,"gold_gain":0,"player_choice":"Upgrade","damage_taken":0,"max_hp_gain":0,"max_hp_loss":0,"event_name":"Designer","floor":36,"gold_loss":40,"cards_upgraded":["Armaments"]}],"is_beta":false,"boss_relics":[{"not_picked":["Empty Cage","Runic Dome"],"picked":"Eternal Feather"},{"not_picked":["Orrery","Runic Pyramid"],"picked":"Mark of Pain"}],"items_purged_floors":[],"is_endless":false,"potions_floor_spawned":[1,4,10,18,24,29,30,33,38],"killed_by":"Jaw Worm Horde","ascension_level":5}