{"gold_per_floor":[360,370,68,98,273,273,308,308,360,374,385,399,418,434,434,434],"floor_reached":16,"playtime":505,"items_purged":[],"score":166,"play_id":"84a7ebc1-96d5-41f7-a32c-025e852aea2e","local_time":"20190505144302","is_ascension_mode":true,"campfire_choices":[{"floor":6,"key":"REST"},{"floor":15,"key":"REST"}],"neow_cost":"CURSE","seed_source_timestamp":3848325305400,"circlet_count":0,"master_deck":["AscendersBane","Strike_B","Strike_B","Strike_B","Strike_B","Defend_B","Defend_B","Defend_B","Defend_B+1","Zap+1","Dualcast","Shame","Defragment","Discovery","Doubt","Storm","Tempest","Loop","Defragment"],"relics":["Cracked Core","Toy Ornithopter","Tiny Chest","Bronze Scales","War Paint"],"potions_floor_usage":[7,11,13],"damage_taken":[{"damage":6,"enemies":"Cultist","floor":1,"turns":3},{"damage":9,"enemies":"Jaw Worm","floor":2,"turns":4},{"damage":55,"enemies":"Lagavulin","floor":7,"turns":7},{"damage":1,"enemies":"Small Slimes","floor":10,"turns":4},{"damage":8,"enemies":"Exordium Wildlife","floor":11,"turns":3},{"damage":7,"enemies":"2 Fungi Beasts","floor":12,"turns":4},{"damage":4,"enemies":"Large Slime","floor":13,"turns":5},{"damage":1,"enemies":"Looter","floor":14,"turns":4},{"damage":36,"enemies":"Hexaghost","floor":16,"turns":7}],"seed_played":"6718959705080241121","potions_obtained":[{"floor":2,"key":"Swift Potion"},{"floor":7,"key":"Fire Potion"},{"floor":11,"key":"Energy Potion"}],"is_trial":false,"path_per_floor":["M","M","$","?","?","R","E","?","T","M","M","M","M","M","R","B"],"character_chosen":"DEFECT","items_purchased":["Toy Ornithopter","Discovery"],"campfire_rested":2,"item_purchase_floors":[3,3],"current_hp_per_floor":[62,53,53,46,46,68,18,18,18,17,14,7,8,7,29,0],"gold":434,"neow_bonus":"TWO_FIFTY_GOLD","is_prod":false,"is_daily":false,"chose_seed":false,"campfire_upgraded":0,"win_rate":0,"timestamp":1557060182,"path_taken":["M","M","$","?","?","R","E","?","T","?","M","M","M","M","R","BOSS"],"build_version":"2019-01-23","purchased_purges":0,"victory":false,"max_hp_per_floor":[75,75,75,75,75,75,75,75,75,75,75,75,75,75,75,75],"card_choices":[{"not_picked":["Steam","Scrape"],"picked":"Defragment","floor":1},{"not_picked":["Rebound","Glacier","Redo"],"picked":"SKIP","floor":2},{"not_picked":["Cold Snap","Steam","Force Field"],"picked":"SKIP","floor":7},{"not_picked":["Gash","Sweeping Beam","Steam"],"picked":"SKIP","floor":10},{"not_picked":["Turbo","Cold Snap"],"picked":"Storm","floor":11},{"not_picked":["Sweeping Beam","Rebound"],"picked":"Tempest","floor":12},{"not_picked":["Steam Power","Lockon"],"picked":"Loop","floor":13},{"not_picked":["Auto Shields","Ball Lightning"],"picked":"Defragment","floor":14}],"player_experience":1816761,"relics_obtained":[{"floor":7,"key":"Bronze Scales"},{"floor":9,"key":"War Paint"}],"event_choices":[{"damage_healed":0,"gold_gain":0,"player_choice":"Success","damage_taken":7,"relics_obtained":["Tiny Chest"],"max_hp_gain":0,"max_hp_loss":0,"event_name":"Scrap Ooze","floor":4,"gold_loss":0},{"damage_healed":0,"gold_gain":175,"player_choice":"AGREE","damage_taken":0,"max_hp_gain":0,"max_hp_loss":0,"event_name":"Liars Game","floor":5,"gold_loss":0,"cards_obtained":["Doubt"]},{"damage_healed":0,"gold_gain":0,"player_choice":"Ignored","damage_taken":0,"max_hp_gain":0,"max_hp_loss":0,"event_name":"Shining Light","floor":8,"gold_loss":0}],"is_beta":false,"boss_relics":[],"items_purged_floors":[],"is_endless":false,"potions_floor_spawned":[2,7,11],"killed_by":"Hexaghost","ascension_level":12}