{"gold_per_floor":[114,125,125,50,4,4,34,34,34,102,102,132,147,159,159,234,234,223,246,158,83,83],"floor_reached":22,"playtime":2301,"items_purged":["Regret","Normality"],"score":412,"play_id":"fe4dedbc-20f6-492e-9821-1857c784e08d","local_time":"20190509203432","is_ascension_mode":true,"campfire_choices":[{"data":"Dagger Spray","floor":6,"key":"SMITH"},{"data":"Predator","floor":8,"key":"SMITH"},{"data":"Calculated Gamble","floor":11,"key":"SMITH"},{"data":"Envenom","floor":15,"key":"SMITH"}],"neow_cost":"NONE","seed_source_timestamp":47740120046546,"circlet_count":0,"master_deck":["AscendersBane","Defend_G","Defend_G","Defend_G","Defend_G","Defend_G","Strike_G","Strike_G","Strike_G","Strike_G","Strike_G","Survivor","Neutralize","Dagger Spray+1","Predator+1","Calculated Gamble+1","Envenom+1","Bane+1","Sucker Punch+1","A Thousand Cuts","Parasite","Dagger Throw+1","Bane+1"],"relics":["Ring of the Snake","NeowsBlessing","Mercury Hourglass","Molten Egg 2","Pear","Blue Candle","Calling Bell","MawBank","Darkstone Periapt","Thread and Needle"],"potions_floor_usage":[12,19],"damage_taken":[{"damage":0,"enemies":"Cultist","floor":1,"turns":1},{"damage":0,"enemies":"2 Louse","floor":2,"turns":1},{"damage":0,"enemies":"Lagavulin","floor":7,"turns":1},{"damage":7,"enemies":"3 Sentries","floor":12,"turns":4},{"damage":3,"enemies":"Small Slimes","floor":13,"turns":2},{"damage":0,"enemies":"2 Fungi Beasts","floor":14,"turns":2},{"damage":50,"enemies":"The Guardian","floor":16,"turns":12},{"damage":22,"enemies":"2 Thieves","floor":18,"turns":4},{"damage":15,"enemies":"3 Byrds","floor":19,"turns":5},{"damage":35,"enemies":"3 Cultists","floor":22,"turns":4}],"seed_played":"3678905374835001254","potions_obtained":[{"floor":2,"key":"PowerPotion"},{"floor":16,"key":"PowerPotion"}],"is_trial":false,"path_per_floor":["M","M","?","$","?","R","E","R","T","?","R","E","M","M","R","B",null,"M","M","$","?","M"],"character_chosen":"THE_SILENT","items_purchased":[],"campfire_rested":0,"item_purchase_floors":[],"current_hp_per_floor":[59,59,59,59,59,59,59,59,69,69,69,62,59,59,59,9,59,37,22,22,22,0],"gold":83,"neow_bonus":"THREE_ENEMY_KILL","is_prod":false,"is_daily":false,"chose_seed":false,"campfire_upgraded":4,"win_rate":0,"timestamp":1557459272,"path_taken":["M","?","?","$","?","R","E","R","T","?","R","E","M","?","R","BOSS","M","?","$","?","M"],"build_version":"2019-01-23","purchased_purges":2,"victory":false,"max_hp_per_floor":[66,66,66,66,66,66,66,66,76,76,76,76,76,76,76,76,76,76,76,76,76,76],"card_choices":[{"not_picked":["Deflect","Tactician"],"picked":"Dagger Spray","floor":1},{"not_picked":["Slice","Poisoned Stab"],"picked":"Predator","floor":2},{"not_picked":["Outmaneuver","Prepared"],"picked":"Calculated Gamble","floor":7},{"not_picked":["Bullet Time","Masterful Stab+1"],"picked":"Envenom","floor":12},{"not_picked":["Cloak And Dagger","Flechettes+1"],"picked":"Bane+1","floor":13},{"not_picked":["Slice+1","Outmaneuver"],"picked":"Sucker Punch+1","floor":14},{"not_picked":["Glass Knife+1","Night Terror"],"picked":"A Thousand Cuts","floor":16},{"not_picked":["Deflect","Dodge and Roll"],"picked":"Dagger Throw+1","floor":18},{"not_picked":["Sucker Punch+1","Choke+1"],"picked":"Bane+1","floor":19}],"player_experience":1672224,"relics_obtained":[{"floor":7,"key":"Molten Egg 2"},{"floor":9,"key":"Pear"},{"floor":12,"key":"Blue Candle"},{"floor":17,"key":"MawBank"},{"floor":17,"key":"Darkstone Periapt"},{"floor":17,"key":"Thread and Needle"}],"event_choices":[{"damage_healed":0,"gold_gain":0,"player_choice":"Box","damage_taken":0,"relics_obtained":["Mercury Hourglass"],"max_hp_gain":0,"max_hp_loss":0,"event_name":"Big Fish","floor":3,"gold_loss":0,"cards_obtained":["Regret"]},{"damage_healed":0,"gold_gain":0,"player_choice":"Left Gold","damage_taken":0,"max_hp_gain":0,"max_hp_loss":0,"event_name":"World of Goop","floor":5,"gold_loss":46},{"damage_healed":0,"gold_gain":68,"player_choice":"Gained Gold","damage_taken":0,"max_hp_gain":0,"max_hp_loss":0,"event_name":"Golden Wing","floor":10,"gold_loss":0},{"cards_removed":["Decay"],"damage_healed":0,"gold_gain":0,"player_choice":"Gave Gold","damage_taken":0,"max_hp_gain":0,"max_hp_loss":0,"event_name":"Beggar","floor":21,"gold_loss":75}],"is_beta":false,"boss_relics":[{"not_picked":["Ectoplasm","Ring of the Serpent"],"picked":"Calling Bell"}],"items_purged_floors":[4,20],"is_endless":false,"potions_floor_spawned":[2,16],"killed_by":"3 Cultists","ascension_level":18}