{"gold_per_floor":[114,129,429,32,47,47,77,77,77,77,92,122,137,212,212,212],"floor_reached":16,"playtime":934,"items_purged":["Regret"],"score":110,"play_id":"27da2cd7-3cbb-42a1-9844-7ca328eee0c9","local_time":"20190413230735","daily_mods":["Heirloom","Blue Cards","Binary"],"is_ascension_mode":false,"campfire_choices":[{"data":"Feel No Pain","floor":6,"key":"SMITH"},{"data":"Feed","floor":8,"key":"SMITH"},{"data":"1","floor":15,"key":"LIFT"}],"neow_cost":"","seed_source_timestamp":189113603518765,"circlet_count":0,"master_deck":["Strike_R","Strike_R","Strike_R","Strike_R","Strike_R","Defend_R","Defend_R","Defend_R","Defend_R","Bash","Warcry","Seeing Red","Seeing Red","Feed+1","Shrug It Off","Swift Strike","Feel No Pain+1","Headbutt","Warcry","Genetic Algorithm","Hologram"],"special_seed":18000,"relics":["Burning Blood","Charon\u0027s Ashes","Old Coin","The Courier","Girya","Meat on the Bone","Singing Bowl"],"potions_floor_usage":[7],"damage_taken":[{"damage":1,"enemies":"Jaw Worm","floor":1,"turns":6},{"damage":2,"enemies":"Small Slimes","floor":2,"turns":5},{"damage":0,"enemies":"2 Louse","floor":5,"turns":3},{"damage":1,"enemies":"3 Sentries","floor":7,"turns":5},{"damage":11,"enemies":"Large Slime","floor":11,"turns":4},{"damage":32,"enemies":"Lagavulin","floor":12,"turns":9},{"damage":15,"enemies":"Lots of Slimes","floor":13,"turns":3},{"damage":55,"enemies":"The Guardian","floor":16,"turns":14}],"seed_played":"-6873937662443283493","potions_obtained":[{"floor":5,"key":"Explosive Potion"},{"floor":12,"key":"Ancient Potion"}],"is_trial":false,"path_per_floor":["M","M","?","$","M","R","E","R","T","T","M","E","M","?","R","B"],"character_chosen":"IRONCLAD","items_purchased":["Seeing Red","Feed","Shrug It Off","Swift Strike"],"campfire_rested":0,"item_purchase_floors":[4,4,4,4],"current_hp_per_floor":[80,80,80,80,83,83,83,83,83,83,78,52,59,48,48,0],"gold":212,"neow_bonus":"","is_prod":false,"is_daily":true,"chose_seed":false,"campfire_upgraded":2,"win_rate":0,"timestamp":1555222055,"path_taken":["M","M","?","$","M","R","E","R","T","?","M","E","M","?","R","BOSS"],"build_version":"2019-01-23","purchased_purges":1,"victory":false,"max_hp_per_floor":[80,80,80,80,83,83,83,83,83,83,83,83,87,87,87,87],"card_choices":[{"not_picked":["Shrug It Off"],"picked":"Warcry","floor":1},{"not_picked":["Sword Boomerang"],"picked":"Seeing Red","floor":2},{"not_picked":["Infernal Blade"],"picked":"Feel No Pain","floor":5},{"not_picked":["Iron Wave"],"picked":"Headbutt","floor":7},{"not_picked":["Redo"],"picked":"Warcry","floor":11},{"not_picked":["Cold Snap"],"picked":"Genetic Algorithm","floor":12},{"not_picked":["Buffer"],"picked":"Hologram","floor":13}],"player_experience":1353195,"relics_obtained":[{"floor":7,"key":"The Courier"},{"floor":9,"key":"Girya"},{"floor":10,"key":"Meat on the Bone"},{"floor":12,"key":"Singing Bowl"}],"event_choices":[{"damage_healed":0,"gold_gain":0,"player_choice":"Box","damage_taken":0,"relics_obtained":["Old Coin"],"max_hp_gain":0,"max_hp_loss":0,"event_name":"Big Fish","floor":3,"gold_loss":0,"cards_obtained":["Regret"]},{"damage_healed":0,"gold_gain":75,"player_choice":"Gather Gold","damage_taken":11,"max_hp_gain":0,"max_hp_loss":0,"event_name":"World of Goop","floor":14,"gold_loss":0}],"is_beta":false,"boss_relics":[],"items_purged_floors":[4],"is_endless":false,"potions_floor_spawned":[5,12],"killed_by":"The Guardian","ascension_level":0}