{"gold_per_floor":[116,12,12,12,29,57,69,100,100,131,142,154,154,170,170,241,241,256,271,32,52,70,70],"floor_reached":23,"playtime":1341,"items_purged":["Strike_B"],"score":530,"play_id":"b416dc78-ada9-458d-a347-7b0091427df0","local_time":"20190506132207","is_ascension_mode":true,"campfire_choices":[{"data":"Pain","floor":15,"key":"PURGE"}],"neow_cost":"NONE","seed_source_timestamp":804378706205047,"circlet_count":0,"master_deck":["AscendersBane","Strike_B","Strike_B","Defend_B","Defend_B","Defend_B","Defend_B","Zap","Dualcast","Conserve Battery","Defragment","Ball Lightning","Seek","Ball Lightning","Defragment","Ball Lightning","Electrodynamics","Coolheaded","Heatsinks","Hologram","Conserve Battery","Amplify","Chaos","Chill","Glacier"],"relics":["Cracked Core","NeowsBlessing","Symbiotic Virus","StoneCalendar","Peace Pipe","Bronze Scales","WarpedTongs","Velvet Choker","PreservedInsect"],"potions_floor_usage":[8,10,12,16,23,23],"damage_taken":[{"damage":0,"enemies":"Small Slimes","floor":1,"turns":1},{"damage":0,"enemies":"Cultist","floor":5,"turns":1},{"damage":0,"enemies":"Gremlin Nob","floor":6,"turns":1},{"damage":7,"enemies":"Jaw Worm","floor":7,"turns":2},{"damage":9,"enemies":"3 Sentries","floor":8,"turns":4},{"damage":0,"enemies":"Lagavulin","floor":10,"turns":5},{"damage":10,"enemies":"Gremlin Gang","floor":11,"turns":2},{"damage":16,"enemies":"Exordium Thugs","floor":12,"turns":3},{"damage":7,"enemies":"Large Slime","floor":14,"turns":5},{"damage":12,"enemies":"Slime Boss","floor":16,"turns":7},{"damage":15,"enemies":"Shell Parasite","floor":18,"turns":3},{"damage":14,"enemies":"Chosen","floor":19,"turns":4},{"damage":13,"enemies":"Snake Plant","floor":21,"turns":3},{"damage":11,"enemies":"Shelled Parasite and Fungi","floor":22,"turns":8},{"damage":6,"enemies":"Slavers","floor":23,"turns":1}],"seed_played":"4636407486734478016","potions_obtained":[{"floor":5,"key":"Swift Potion"},{"floor":6,"key":"SkillPotion"},{"floor":8,"key":"Block Potion"},{"floor":10,"key":"Dexterity Potion"},{"floor":12,"key":"Energy Potion"},{"floor":16,"key":"Energy Potion"},{"floor":18,"key":"FearPotion"}],"is_trial":false,"path_per_floor":["M","$","?","?","M","E","M","E","T","E","M","M","?","M","R","B",null,"M","M","$","M","M","E"],"character_chosen":"DEFECT","items_purchased":["Defragment","Ball Lightning","PreservedInsect"],"campfire_rested":0,"item_purchase_floors":[2,2,20],"current_hp_per_floor":[64,64,64,64,64,64,57,48,48,48,38,22,22,15,15,3,54,39,25,25,12,1,0],"gold":70,"neow_bonus":"THREE_ENEMY_KILL","is_prod":false,"is_daily":false,"chose_seed":false,"campfire_upgraded":0,"win_rate":0,"timestamp":1557163327,"path_taken":["M","$","?","?","M","E","M","E","T","E","M","?","?","?","R","BOSS","M","M","$","M","M","E"],"build_version":"2019-01-23","purchased_purges":1,"victory":false,"max_hp_per_floor":[71,71,71,71,71,71,71,71,71,71,71,71,71,71,71,71,71,71,71,71,71,71,71],"card_choices":[{"not_picked":["Barrage","Streamline"],"picked":"Conserve Battery","floor":1},{"not_picked":["Lockon","Hologram"],"picked":"Ball Lightning","floor":5},{"not_picked":["BootSequence","Lockon"],"picked":"Defragment","floor":6},{"not_picked":["Conserve Battery","Rebound"],"picked":"Ball Lightning","floor":7},{"not_picked":["White Noise","Go for the Eyes"],"picked":"Electrodynamics","floor":8},{"not_picked":["Rebound","Cold Snap"],"picked":"Coolheaded","floor":10},{"not_picked":["Beam Cell","Hello World"],"picked":"Heatsinks","floor":11},{"not_picked":["Gash","Ball Lightning"],"picked":"Hologram","floor":12},{"not_picked":["Go for the Eyes","Hologram"],"picked":"Conserve Battery","floor":14},{"not_picked":["Hyperbeam","Seek"],"picked":"Amplify","floor":16},{"not_picked":["Stack","Sweeping Beam"],"picked":"Chaos","floor":18},{"not_picked":["Aggregate","Turbo+1","Sweeping Beam"],"picked":"SKIP","floor":19},{"not_picked":["Turbo","Stack"],"picked":"Chill","floor":21},{"not_picked":["Ball Lightning+1","FTL"],"picked":"Glacier","floor":22}],"player_experience":902761,"relics_obtained":[{"floor":6,"key":"Symbiotic Virus"},{"floor":8,"key":"StoneCalendar"},{"floor":9,"key":"Peace Pipe"},{"floor":10,"key":"Bronze Scales"}],"event_choices":[{"damage_healed":0,"gold_gain":0,"player_choice":"Leave","damage_taken":0,"max_hp_gain":0,"max_hp_loss":0,"event_name":"The Cleric","floor":3,"gold_loss":0},{"damage_healed":0,"gold_gain":0,"cards_transformed":["Strike_B"],"player_choice":"Transformed","damage_taken":0,"max_hp_gain":0,"max_hp_loss":0,"event_name":"Transmorgrifier","floor":4,"gold_loss":0,"cards_obtained":["Seek"]},{"damage_healed":0,"gold_gain":0,"player_choice":"Rummage","damage_taken":0,"relics_obtained":["WarpedTongs"],"max_hp_gain":0,"max_hp_loss":0,"event_name":"Accursed Blacksmith","floor":13,"gold_loss":0,"cards_obtained":["Pain"]}],"is_beta":false,"boss_relics":[{"not_picked":["Philosopher\u0027s Stone","Snecko Eye"],"picked":"Velvet Choker"}],"items_purged_floors":[20],"is_endless":false,"potions_floor_spawned":[5,6,8,10,12,16,18,19,22],"killed_by":"Slavers","ascension_level":20}