{"gold_per_floor":[116,2,2,82,92,120,120,131,131,206,220,234,234,28,28,105,105,122,136,136,151,151,178,191,191,191,224,224,234,250,35,35,35],"floor_reached":33,"playtime":1710,"items_purged":["Strike_G"],"score":624,"play_id":"1650354e-6c15-4acd-b650-20e9033452e0","local_time":"20190501140710","is_ascension_mode":true,"campfire_choices":[{"data":"Neutralize","floor":7.0,"key":"SMITH"},{"data":"Footwork","floor":15.0,"key":"SMITH"},{"floor":25.0,"key":"REST"},{"floor":32,"key":"REST"}],"neow_cost":"NONE","seed_source_timestamp":374662889818276,"circlet_count":0,"master_deck":["AscendersBane","Defend_G","Defend_G+1","Defend_G","Defend_G","Defend_G","Strike_G+1","Survivor","Neutralize+1","Poisoned Stab","Predator","Backstab","Endless Agony","Dagger Spray","Backstab+1","PiercingWail","Footwork+1","Die Die Die+1","Riddle With Holes+1","Dash+1","Malaise","Backflip","Backflip","Blade Dance","Pain","Infinite Blades","PiercingWail"],"special_seed":0,"relics":["WristBlade","Meat on the Bone","Centennial Puzzle","Molten Egg 2","Lantern","Empty Cage","Bag of Marbles","Ginger","Letter Opener","WarpedTongs","Bronze Scales"],"potions_floor_usage":[],"damage_taken":[{"damage":2.0,"enemies":"Jaw Worm","floor":1.0,"turns":4.0},{"damage":0.0,"enemies":"Cultist","floor":5.0,"turns":4.0},{"damage":33.0,"enemies":"Lagavulin","floor":6.0,"turns":6.0},{"damage":0.0,"enemies":"Small Slimes","floor":8.0,"turns":3.0},{"damage":8.0,"enemies":"Blue Slaver","floor":11.0,"turns":2.0},{"damage":0.0,"enemies":"2 Fungi Beasts","floor":12.0,"turns":1.0},{"damage":4.0,"enemies":"Slime Boss","floor":16.0,"turns":7.0},{"damage":3.0,"enemies":"2 Thieves","floor":18.0,"turns":2.0},{"damage":1.0,"enemies":"Chosen","floor":19.0,"turns":3.0},{"damage":4.0,"enemies":"Shelled Parasite and Fungi","floor":21.0,"turns":5.0},{"damage":17.0,"enemies":"Colosseum Slavers","floor":22.0,"turns":5.0},{"damage":35.0,"enemies":"Slavers","floor":23.0,"turns":9.0},{"damage":11.0,"enemies":"Centurion and Healer","floor":24.0,"turns":5.0},{"damage":0.0,"enemies":"Gremlin Leader","floor":27.0,"turns":4.0},{"damage":0.0,"enemies":"Snecko","floor":29.0,"turns":3.0},{"damage":7.0,"enemies":"Cultist and Chosen","floor":30.0,"turns":3.0},{"damage":80,"enemies":"Collector","floor":33,"turns":8}],"seed_played":"1415823407855592804","potions_obtained":[{"floor":6.0,"key":"FearPotion"},{"floor":16.0,"key":"Weak Potion"},{"floor":18.0,"key":"Swift Potion"},{"floor":24.0,"key":"Strength Potion"}],"is_trial":false,"path_per_floor":["M","$","?","T","M","E","R","M","T","?","M","M","?","$","R","B",null,"M","M","?","M","?","E","M","R","T","E","?","M","M","$","R","B"],"character_chosen":"THE_SILENT","items_purchased":["Predator","Footwork","Lantern","Bronze Scales","PiercingWail"],"campfire_rested":2,"item_purchase_floors":[2,14,14,31,31],"current_hp_per_floor":[57,57,37,37,37,16,16,28,28,17,21,33,26,26,26,34,58,55,54,54,50,45,22,23,42,42,42,42,42,35,35,54,0],"gold":35,"neow_bonus":"BOSS_RELIC","is_prod":false,"is_daily":false,"chose_seed":false,"campfire_upgraded":2,"win_rate":0,"timestamp":1556734030,"path_taken":["M","$","?","?","?","E","R","M","T","?","M","M","?","$","R","BOSS","M","M","?","M","?","E","M","R","T","E","?","M","M","$","R","BOSS"],"build_version":"2019-01-23","purchased_purges":1,"victory":false,"max_hp_per_floor":[66,66,66,66,66,66,66,66,66,66,66,66,66,66,66,66,66,66,66,66,66,66,66,66,66,66,66,66,66,66,66,66,66],"card_choices":[{"not_picked":["Eviscerate","Tactician"],"picked":"Poisoned Stab","floor":1.0},{"not_picked":["Setup","Deadly Poison"],"picked":"Backstab","floor":5.0},{"not_picked":["After Image","Underhanded Strike"],"picked":"Endless Agony","floor":6.0},{"not_picked":["Flechettes","Dodge and Roll"],"picked":"Dagger Spray","floor":8.0},{"not_picked":["Acrobatics","Dagger Spray+1"],"picked":"Backstab+1","floor":11.0},{"not_picked":["Distraction","Quick Slash+1"],"picked":"PiercingWail","floor":12.0},{"not_picked":["Glass Knife+1","Doppelganger"],"picked":"Die Die Die+1","floor":16.0},{"not_picked":["Riddle With Holes+1","Deadly Poison","Prepared"],"picked":"SKIP","floor":18.0},{"not_picked":["Deadly Poison","Prepared"],"picked":"Riddle With Holes+1","floor":18.0},{"not_picked":["Prepared","Quick Slash+1"],"picked":"Dash+1","floor":19.0},{"not_picked":["Slice+1","Underhanded Strike+1"],"picked":"Malaise","floor":21.0},{"not_picked":["Catalyst","Doppelganger"],"picked":"Backflip","floor":23.0},{"not_picked":["Dagger Throw+1","Flying Knee+1"],"picked":"Backflip","floor":24.0},{"not_picked":["Reflex","Dagger Throw+1"],"picked":"Blade Dance","floor":27.0},{"not_picked":["Setup","Outmaneuver","Expertise"],"picked":"SKIP","floor":29.0},{"not_picked":["Outmaneuver","Deadly Poison"],"picked":"Infinite Blades","floor":30.0}],"player_experience":795792,"relics_obtained":[{"floor":4.0,"key":"Meat on the Bone"},{"floor":6.0,"key":"Centennial Puzzle"},{"floor":9.0,"key":"Molten Egg 2"},{"floor":23.0,"key":"Bag of Marbles"},{"floor":26.0,"key":"Ginger"},{"floor":27.0,"key":"Letter Opener"}],"event_choices":[{"damage_healed":0.0,"max_hp_gain":0.0,"max_hp_loss":0.0,"gold_gain":0.0,"event_name":"Shining Light","player_choice":"Entered Light","floor":3.0,"gold_loss":0.0,"damage_taken":20.0,"cards_upgraded":["Strike_G","Defend_G"]},{"damage_healed":0.0,"max_hp_gain":0.0,"max_hp_loss":0.0,"gold_gain":75.0,"event_name":"World of Goop","player_choice":"Gather Gold","floor":10.0,"gold_loss":0.0,"damage_taken":11.0},{"cards_removed":["Strike_G"],"damage_healed":0.0,"max_hp_gain":0.0,"max_hp_loss":0.0,"gold_gain":0.0,"event_name":"Golden Wing","player_choice":"Card Removal","floor":13.0,"gold_loss":0.0,"damage_taken":7.0},{"damage_healed":0.0,"max_hp_gain":0.0,"max_hp_loss":0.0,"gold_gain":0.0,"event_name":"Ghosts","player_choice":"Ignored","floor":20.0,"gold_loss":0.0,"damage_taken":0.0},{"damage_healed":0.0,"max_hp_gain":0.0,"max_hp_loss":0.0,"gold_gain":0.0,"event_name":"Colosseum","player_choice":"Fight","floor":22.0,"gold_loss":0.0,"damage_taken":0.0},{"damage_healed":0.0,"max_hp_gain":0.0,"max_hp_loss":0.0,"gold_gain":0.0,"event_name":"Colosseum","player_choice":"Fled From Nobs","floor":22.0,"gold_loss":0.0,"damage_taken":0.0},{"damage_healed":0.0,"max_hp_gain":0.0,"max_hp_loss":0.0,"gold_gain":0.0,"event_name":"Accursed Blacksmith","player_choice":"Rummage","floor":28.0,"gold_loss":0.0,"damage_taken":0.0,"relics_obtained":["WarpedTongs"],"cards_obtained":["Pain"]}],"is_beta":false,"boss_relics":[{"not_picked":["Calling Bell","Runic Dome"],"picked":"Empty Cage"}],"items_purged_floors":[2],"is_endless":false,"potions_floor_spawned":[6,16,18,22,24],"killed_by":"Collector","ascension_level":20}