{"path_per_floor":["M","$","$","M","$","R","E","R","T","R","M","R","E","?","R","B",null,"M","$","M","?","M","R"],"character_chosen":"THE_SILENT","items_purchased":["Footwork","Deflect","Outmaneuver","Happy Flower"],"gold_per_floor":[114,44,17,30,30,30,59,59,59,59,69,69,101,101,101,199,199,214,42,54,54,73,73],"floor_reached":24,"campfire_rested":3,"playtime":1463,"current_hp_per_floor":[76,76,76,73,73,73,39,62,62,62,62,62,37,37,60,41,77,75,75,73,73,33,56],"items_purged":[],"gold":73,"score":242,"play_id":"d487711a-3a7b-484c-9bbf-1f99dc3512fd","local_time":"20180310235206","is_prod":false,"is_daily":false,"is_ascension_mode":true,"campfire_upgraded":2,"timestamp":1520754726,"path_taken":["M","?","$","M","$","R","E","R","T","R","M","R","E","?","R","BOSS","M","$","M","?","?","R","E"],"build_version":"2018-03-09","purchased_purges":0,"victory":false,"master_deck":["Defend_G","Defend_G","Defend_G","Defend_G","Defend_G","Strike_G","Survivor","Neutralize","Footwork+1","Footwork+1","Deflect","Bouncing Flask","Acrobatics","Predator","Flechettes","Quick Slash","Riddle With Holes","Tools of the Trade","PiercingWail+1","Bullet Time+1","Endless Agony+1","Calculated Gamble+1","Outmaneuver","Dagger Spray+1","Prepared","Cloak And Dagger","Sucker Punch"],"max_hp_per_floor":[77,77,77,77,77,77,77,77,77,77,77,77,77,77,77,77,77,77,77,77,77,77,77],"relics":["Ring of the Snake","Dream Catcher","Shovel","Bag of Marbles","Kunai","Astrolabe","Happy Flower"],"card_choices":[{"not_picked":["Acrobatics","Underhanded Strike"],"picked":"Footwork"},{"not_picked":["Dagger Throw","Prepared"],"picked":"Bouncing Flask"},{"not_picked":["Grand Finale","Poisoned Stab"],"picked":"Acrobatics"},{"not_picked":["Deadly Poison","Outmaneuver"],"picked":"Predator"},{"not_picked":["Blade Dance","Calculated Gamble"],"picked":"Flechettes"},{"not_picked":["Prepared","Night Terror"],"picked":"Quick Slash"},{"not_picked":["Dagger Throw","Quick Slash"],"picked":"Riddle With Holes"},{"not_picked":["Bullet Time","A Thousand Cuts"],"picked":"Tools of the Trade"},{"not_picked":["Riddle With Holes","Crippling Poison"],"picked":"Calculated Gamble"},{"not_picked":["PiercingWail","Noxious Fumes"],"picked":"Dagger Spray"},{"not_picked":["Dagger Spray","Dagger Throw"],"picked":"Cloak And Dagger"},{"not_picked":["PiercingWail","Cloak And Dagger"],"picked":"Sucker Punch"}],"player_experience":166382,"potions_floor_usage":[24,24],"damage_taken":[{"damage":1,"enemies":"Cultist","floor":1,"turns":4},{"damage":3,"enemies":"Small Slimes","floor":4,"turns":7},{"damage":34,"enemies":"Gremlin Nob","floor":7,"turns":5},{"damage":0,"enemies":"2 Louse","floor":11,"turns":2},{"damage":25,"enemies":"3 Sentries","floor":13,"turns":10},{"damage":19,"enemies":"Slime Boss","floor":16,"turns":22},{"damage":2,"enemies":"2 Thieves","floor":18,"turns":3},{"damage":2,"enemies":"Shell Parasite","floor":20,"turns":5},{"damage":40,"enemies":"Cultist and Chosen","floor":22,"turns":10},{"damage":61,"enemies":"Book of Stabbing","floor":24,"turns":7}],"event_choices":[{"event_name":"Shining Light","player_choice":"Ignored","floor":14,"damage_taken":0},{"event_name":"Transmorgrifier","player_choice":"Transform","floor":21,"damage_taken":0}],"boss_relics":[{"not_picked":["Calling Bell","Velvet Choker"],"picked":"Astrolabe"}],"potions_floor_spawned":[7,13,16,20,22],"seed_played":"-6397273331020207404","killed_by":"Book of Stabbing","ascension_level":4,"is_trial":false}