{"gold_per_floor":[218,235,250,268,114,147,222,237,237,237,267,284,355,2,2,79,79,93,93,7,7,25,60,60,94,94,8,22,22,22,42,42,119,119,136,154,169,169,187,187],"floor_reached":40,"playtime":7572,"items_purged":["Strike_B"],"score":901,"play_id":"c99f159b-76be-46e1-801a-d8e51e954cc9","local_time":"20190506035757","is_ascension_mode":true,"campfire_choices":[{"floor":10.0,"key":"REST"},{"data":"Capacitor","floor":15.0,"key":"SMITH"},{"floor":24.0,"key":"REST"},{"floor":30.0,"key":"REST"},{"data":"Defragment","floor":32.0,"key":"SMITH"}],"neow_cost":"NONE","seed_source_timestamp":0,"circlet_count":0,"master_deck":["AscendersBane","Strike_B+1","Strike_B+1","Defend_B","Defend_B","Defend_B","Zap","Dualcast","Streamline","Tempest","Conserve Battery","Genetic Algorithm","Glacier","Rebound","Glacier","Self Repair","Capacitor+1","Cold Snap","Biased Cognition","Genetic Algorithm","Capacitor","Self Repair","Undo","Loop","Coolheaded","Genetic Algorithm","Defragment+1","Reinforced Body+1","Heatsinks+1","Static Discharge","Echo Form","Recycle","Ball Lightning","Stack+1","Cold Snap","Coolheaded","Glacier","Reinforced Body"],"special_seed":0,"relics":["Cracked Core","Bag of Marbles","Vajra","Whetstone","OrangePellets","Sozu","Ornamental Fan","Prayer Wheel","Happy Flower","Fusion Hammer"],"potions_floor_usage":[],"damage_taken":[{"damage":9.0,"enemies":"2 Louse","floor":1.0,"turns":2.0},{"damage":2.0,"enemies":"Jaw Worm","floor":2.0,"turns":3.0},{"damage":1.0,"enemies":"Cultist","floor":3.0,"turns":3.0},{"damage":1.0,"enemies":"Looter","floor":4.0,"turns":4.0},{"damage":36.0,"enemies":"3 Sentries","floor":6.0,"turns":10.0},{"damage":2.0,"enemies":"2 Fungi Beasts","floor":8.0,"turns":4.0},{"damage":8.0,"enemies":"Gremlin Nob","floor":11.0,"turns":3.0},{"damage":0.0,"enemies":"Blue Slaver","floor":12.0,"turns":5.0},{"damage":13.0,"enemies":"The Guardian","floor":16.0,"turns":20.0},{"damage":0.0,"enemies":"Spheric Guardian","floor":18.0,"turns":5.0},{"damage":40.0,"enemies":"3 Byrds","floor":22.0,"turns":6.0},{"damage":14.0,"enemies":"Slavers","floor":23.0,"turns":9.0},{"damage":32.0,"enemies":"Book of Stabbing","floor":25.0,"turns":9.0},{"damage":15.0,"enemies":"Sentry and Sphere","floor":28.0,"turns":6.0},{"damage":0.0,"enemies":"Snake Plant","floor":31.0,"turns":6.0},{"damage":27.0,"enemies":"Automaton","floor":33.0,"turns":15.0},{"damage":11.0,"enemies":"Orb Walker","floor":35.0,"turns":6.0},{"damage":10.0,"enemies":"3 Darklings","floor":36.0,"turns":7.0},{"damage":5.0,"enemies":"Maw","floor":37.0,"turns":11.0},{"damage":35.0,"enemies":"Transient","floor":39.0,"turns":6.0},{"damage":52,"enemies":"Reptomancer","floor":40,"turns":3}],"seed_played":"-5902275663225830866","potions_obtained":[{"floor":1.0,"key":"SneckoOil"},{"floor":3.0,"key":"Block Potion"},{"floor":8.0,"key":"Swift Potion"}],"is_trial":false,"path_per_floor":["M","M","M","M","$","E","?","M","T","R","E","M","T","$","R","B",null,"M","?","$","?","M","E","R","E","T","$","M","?","R","M","R","B",null,"M","M","M","?","M","E"],"character_chosen":"DEFECT","items_purchased":["Glacier","OrangePellets","Capacitor","Cold Snap","Undo","Defragment"],"campfire_rested":3,"item_purchase_floors":[5,14,14,14,20,27],"current_hp_per_floor":[55,53,52,51,51,15,4,2,2,23,15,22,22,22,22,16,57,64,64,64,64,38,24,45,27,27,27,26,6,28,42,42,29,64,67,76,76,72,44,0],"gold":187,"neow_bonus":"HUNDRED_GOLD","is_prod":false,"is_daily":false,"chose_seed":false,"campfire_upgraded":2,"win_rate":0,"timestamp":1557129477,"path_taken":["M","M","M","M","$","E","?","M","T","R","E","M","?","$","R","BOSS","M","?","$","?","M","E","R","E","T","?","?","?","R","M","R","BOSS","M","M","M","?","M","E"],"build_version":"2019-01-23","purchased_purges":1,"victory":false,"max_hp_per_floor":[71,71,71,71,71,71,71,71,71,71,71,71,71,71,71,71,71,71,71,71,71,71,71,71,71,71,71,71,76,76,76,76,76,76,76,76,76,72,72,72],"card_choices":[{"not_picked":["Reprogram","Leap"],"picked":"Streamline","floor":1.0},{"not_picked":["Barrage","Hologram"],"picked":"Tempest","floor":2.0},{"not_picked":["Hologram","Fusion"],"picked":"Conserve Battery","floor":3.0},{"not_picked":["Meteor Strike","Lockon"],"picked":"Genetic Algorithm","floor":4.0},{"not_picked":["Redo","Steam"],"picked":"Rebound","floor":6.0},{"not_picked":["Stack","Cold Snap"],"picked":"Glacier","floor":8.0},{"not_picked":["Fission","Stack"],"picked":"Self Repair","floor":11.0},{"not_picked":["Turbo","Streamline","BootSequence"],"picked":"SKIP","floor":12.0},{"not_picked":["Turbo","Streamline","BootSequence"],"picked":"SKIP","floor":12.0},{"not_picked":["Seek","Meteor Strike"],"picked":"Biased Cognition","floor":16.0},{"not_picked":["Fusion","Sweeping Beam"],"picked":"Genetic Algorithm","floor":18.0},{"not_picked":["Rebound","Streamline+1"],"picked":"Coolheaded","floor":22.0},{"not_picked":["Lockon","Undo"],"picked":"Genetic Algorithm","floor":23.0},{"not_picked":["Force Field","Go for the Eyes","Reprogram"],"picked":"SKIP","floor":25.0},{"not_picked":["Gash","Tempest"],"picked":"Reinforced Body+1","floor":28.0},{"not_picked":["Darkness","Ball Lightning+1"],"picked":"Heatsinks+1","floor":28.0},{"not_picked":["Turbo","Chaos"],"picked":"Static Discharge","floor":31.0},{"not_picked":["Fusion","Steam","Redo"],"picked":"SKIP","floor":31.0},{"not_picked":["Fusion","Steam","Redo"],"picked":"SKIP","floor":31.0},{"not_picked":["Fusion","Steam","Redo"],"picked":"SKIP","floor":31.0},{"not_picked":["Thunder Strike","Hyperbeam"],"picked":"Echo Form","floor":33.0},{"not_picked":["Hello World","Streamline"],"picked":"Recycle","floor":35.0},{"not_picked":["Hello World","Storm"],"picked":"Ball Lightning","floor":35.0},{"not_picked":["Streamline+1","Sweeping Beam"],"picked":"Stack+1","floor":36.0},{"not_picked":["Leap","Reinforced Body"],"picked":"Cold Snap","floor":36.0},{"not_picked":["Rebound","Barrage+1"],"picked":"Coolheaded","floor":37.0},{"not_picked":["Streamline","Ball Lightning","Conserve Battery"],"picked":"SKIP","floor":37.0},{"not_picked":["Machine Learning","Turbo"],"picked":"Glacier","floor":39.0},{"not_picked":["Self Repair","Ball Lightning"],"picked":"Reinforced Body","floor":39.0}],"player_experience":887572,"relics_obtained":[{"floor":6.0,"key":"Bag of Marbles"},{"floor":9.0,"key":"Vajra"},{"floor":11.0,"key":"Whetstone"},{"floor":23.0,"key":"Ornamental Fan"},{"floor":25.0,"key":"Prayer Wheel"},{"floor":26.0,"key":"Happy Flower"}],"event_choices":[{"damage_healed":0.0,"max_hp_gain":0.0,"max_hp_loss":0.0,"gold_gain":75.0,"event_name":"World of Goop","player_choice":"Gather Gold","floor":7.0,"gold_loss":0.0,"damage_taken":11.0},{"damage_healed":0.0,"max_hp_gain":0.0,"max_hp_loss":0.0,"gold_gain":0.0,"cards_transformed":["Strike_B","Defend_B"],"event_name":"Drug Dealer","player_choice":"Became Test Subject","floor":19.0,"gold_loss":0.0,"damage_taken":0.0,"cards_obtained":["Capacitor","Self Repair"]},{"damage_healed":0.0,"max_hp_gain":0.0,"max_hp_loss":0.0,"gold_gain":0.0,"event_name":"The Library","player_choice":"Read","floor":21.0,"gold_loss":0.0,"damage_taken":0.0,"cards_obtained":["Loop"]},{"damage_healed":0.0,"max_hp_gain":5.0,"max_hp_loss":0.0,"gold_gain":0.0,"event_name":"Forgotten Altar","player_choice":"Shed Blood","floor":29.0,"gold_loss":0.0,"damage_taken":25.0},{"damage_healed":0.0,"max_hp_gain":0.0,"max_hp_loss":4.0,"gold_gain":0.0,"event_name":"Winding Halls","player_choice":"Max HP","floor":38.0,"gold_loss":0.0,"damage_taken":0.0}],"is_beta":false,"boss_relics":[{"not_picked":["Busted Crown","FrozenCore"],"picked":"Sozu"},{"not_picked":["Tiny House","Astrolabe"],"picked":"Fusion Hammer"}],"items_purged_floors":[5],"is_endless":false,"potions_floor_spawned":[1,3,8,22,25,28,31,35,37],"killed_by":"Reptomancer","ascension_level":20}