{"gold_per_floor":[115,125,75,75,250,280,280,280,349,369,379,389,389,400,400,474,474,488,77,88,108,123,123,137,137,137,152,170,190,465,478,478,478],"floor_reached":33,"playtime":1381,"items_purged":["Doubt"],"score":476,"play_id":"7819643d-4c0a-4d56-9905-ea49c1b89f19","local_time":"20190419014645","is_ascension_mode":true,"campfire_choices":[{"data":"Bash","floor":8,"key":"SMITH"},{"data":"Havoc","floor":13,"key":"SMITH"},{"data":"Pommel Strike","floor":15,"key":"SMITH"},{"floor":23,"key":"REST"},{"floor":25,"key":"REST"},{"data":"Fiend Fire","floor":32,"key":"SMITH"}],"neow_cost":"NONE","seed_source_timestamp":103456836012700,"circlet_count":0,"master_deck":["AscendersBane","Strike_R","Strike_R","Strike_R","Strike_R","Defend_R","Defend_R","Defend_R","Defend_R","Bash+1","Blood for Blood","Ghostly Armor","Shrug It Off","Bludgeon","Havoc+1","Pommel Strike+1","Dark Embrace+1","Flex+1","Burning Pact","Feel No Pain+1","Corruption+1","True Grit","Pommel Strike+1","Corruption+1","Flex","Flex","Rage","Regret","Fiend Fire+1"],"relics":["Burning Blood","NeowsBlessing","Charon\u0027s Ashes","Mummified Hand","Frozen Egg 2","Mark of Pain","Toy Ornithopter","Bottled Lightning"],"potions_floor_usage":[12,16,20,33,33],"damage_taken":[{"damage":0,"enemies":"Jaw Worm","floor":1,"turns":1},{"damage":0,"enemies":"Small Slimes","floor":2,"turns":1},{"damage":0,"enemies":"Gremlin Nob","floor":6,"turns":1},{"damage":0,"enemies":"2 Louse","floor":10,"turns":4},{"damage":16,"enemies":"Blue Slaver","floor":11,"turns":3},{"damage":8,"enemies":"Lots of Slimes","floor":12,"turns":5},{"damage":0,"enemies":"Exordium Wildlife","floor":14,"turns":3},{"damage":56,"enemies":"Hexaghost","floor":16,"turns":8},{"damage":16,"enemies":"Spheric Guardian","floor":18,"turns":4},{"damage":34,"enemies":"3 Byrds","floor":20,"turns":5},{"damage":16,"enemies":"Snake Plant","floor":21,"turns":3},{"damage":10,"enemies":"Chosen and Byrds","floor":22,"turns":6},{"damage":0,"enemies":"Snecko","floor":24,"turns":3},{"damage":5,"enemies":"Snake Plant","floor":27,"turns":4},{"damage":5,"enemies":"Shelled Parasite and Fungi","floor":28,"turns":2},{"damage":0,"enemies":"Snecko","floor":29,"turns":4},{"damage":12,"enemies":"Cultist and Chosen","floor":31,"turns":5},{"damage":100,"enemies":"Automaton","floor":33,"turns":10}],"seed_played":"-5980552857895566527","potions_obtained":[{"floor":6,"key":"LiquidBronze"},{"floor":11,"key":"Dexterity Potion"},{"floor":16,"key":"BloodPotion"},{"floor":21,"key":"SpeedPotion"},{"floor":27,"key":"BloodPotion"},{"floor":28,"key":"Fire Potion"},{"floor":31,"key":"Regen Potion"}],"is_trial":false,"path_per_floor":["M","M","?","$","?","E","T","R","T","M","M","M","R","M","R","B",null,"M","$","M","M","M","R","M","R","T","M","M","M","?","M","R","B"],"character_chosen":"IRONCLAD","items_purchased":["Toy Ornithopter","Burning Pact","Feel No Pain+1"],"campfire_rested":2,"item_purchase_floors":[19,19,19],"current_hp_per_floor":[74,75,75,75,75,75,75,75,75,75,65,63,63,69,69,19,61,51,51,35,25,21,43,49,71,71,72,73,75,75,69,69,0],"gold":478,"neow_bonus":"THREE_ENEMY_KILL","is_prod":false,"is_daily":false,"chose_seed":false,"campfire_upgraded":4,"win_rate":0,"timestamp":1555631205,"path_taken":["M","M","?","?","?","E","?","R","T","M","?","M","R","M","R","BOSS","M","$","M","M","M","R","M","R","T","M","M","M","?","M","R","BOSS"],"build_version":"2019-01-23","purchased_purges":1,"victory":false,"max_hp_per_floor":[75,75,75,75,75,75,75,75,75,75,75,75,75,75,75,75,75,75,75,75,75,75,75,75,75,75,75,75,75,75,75,75,75],"card_choices":[{"not_picked":["Sword Boomerang","Twin Strike"],"picked":"Blood for Blood","floor":1},{"not_picked":["Heavy Blade","Iron Wave"],"picked":"Ghostly Armor","floor":2},{"not_picked":["Combust","Sword Boomerang"],"picked":"Shrug It Off","floor":6},{"not_picked":["Fire Breathing+1","Heavy Blade"],"picked":"Bludgeon","floor":10},{"not_picked":["Cleave","Anger","Thunderclap"],"picked":"SKIP","floor":11},{"not_picked":["Cleave","Carnage"],"picked":"Havoc","floor":12},{"not_picked":["Thunderclap","Hemokinesis"],"picked":"Pommel Strike","floor":14},{"not_picked":["Offering","Brutality+1"],"picked":"Dark Embrace+1","floor":16},{"not_picked":["Pommel Strike","Reckless Charge"],"picked":"Flex+1","floor":18},{"not_picked":["Reckless Charge","Clothesline+1"],"picked":"Corruption+1","floor":20},{"not_picked":["Clothesline","Blood for Blood"],"picked":"True Grit","floor":21},{"not_picked":["Rage","Power Through"],"picked":"Pommel Strike+1","floor":22},{"not_picked":["Hemokinesis","Sword Boomerang"],"picked":"Corruption+1","floor":24},{"not_picked":["Cleave","Sword Boomerang"],"picked":"Flex","floor":27},{"not_picked":["Dropkick","Twin Strike"],"picked":"Flex","floor":28},{"not_picked":["Thunderclap","Rampage"],"picked":"Rage","floor":29},{"not_picked":["Sword Boomerang","Ghostly Armor"],"picked":"Fiend Fire","floor":31}],"player_experience":1737336,"relics_obtained":[{"floor":6,"key":"Charon\u0027s Ashes"},{"floor":7,"key":"Mummified Hand"},{"floor":9,"key":"Frozen Egg 2"},{"floor":26,"key":"Bottled Lightning"}],"event_choices":[{"cards_removed":["Strike_R"],"damage_healed":0,"gold_gain":0,"player_choice":"Card Removal","damage_taken":0,"max_hp_gain":0,"max_hp_loss":0,"event_name":"The Cleric","floor":3,"gold_loss":50},{"damage_healed":0,"gold_gain":175,"player_choice":"AGREE","damage_taken":0,"max_hp_gain":0,"max_hp_loss":0,"event_name":"Liars Game","floor":5,"gold_loss":0,"cards_obtained":["Doubt"]},{"damage_healed":0,"gold_gain":275,"player_choice":"Desecrate","damage_taken":0,"max_hp_gain":0,"max_hp_loss":0,"event_name":"Golden Shrine","floor":30,"gold_loss":0,"cards_obtained":["Regret"]}],"is_beta":false,"boss_relics":[{"not_picked":["Runic Pyramid","Busted Crown"],"picked":"Mark of Pain"}],"items_purged_floors":[19],"is_endless":false,"potions_floor_spawned":[6,11,16,21,27,28,31],"killed_by":"Automaton","ascension_level":14}