{"gold_per_floor":[110,126,137,157,169,169,179,209,291,291,35,51,16,46,46,123,123,136,61,161,172,72,107,121,121,144,173,195,207,245,270,282,366,378,405,417,447,475,487,528,540,564,576,588,633,645,684,715,727,739,751,763,775,207,235,235],"floor_reached":57,"playtime":5753,"items_purged":["Strike_B","Strike_B","Defend_B"],"score":3453,"play_id":"f5f6fc56-3d4d-4e9d-9b03-6d8e337116a0","local_time":"20190513222123","is_ascension_mode":true,"campfire_choices":[{"data":"Zap","floor":6.0,"key":"SMITH"},{"floor":15.0,"key":"REST"},{"data":"Biased Cognition","floor":25.0,"key":"SMITH"},{"data":"Hologram","floor":29.0,"key":"SMITH"},{"data":"Strike_B","floor":32.0,"key":"PURGE"},{"data":"Darkness","floor":41.0,"key":"SMITH"},{"floor":44.0,"key":"RECALL"},{"data":"Defend_B","floor":46.0,"key":"PURGE"},{"data":"Darkness","floor":49.0,"key":"SMITH"},{"data":"Defend_B","floor":53.0,"key":"PURGE"}],"neow_cost":"NONE","seed_source_timestamp":443992242883700,"circlet_count":0,"master_deck":["AscendersBane","Defend_B","Zap+1","Dualcast","Beam Cell","Go for the Eyes","Reinforced Body","Biased Cognition+1","Compile Driver","Hologram+1","Glacier+1","Cold Snap","Cold Snap","Core Surge","Doom and Gloom","Double Energy+1","Self Repair+1","Coolheaded","Capacitor+1","Glacier+1","Defragment+1","Ball Lightning","Multi-Cast","Loop+1","Capacitor+1","Darkness+1","Aggregate","Darkness+1","Biased Cognition+1"],"special_seed":0,"relics":["Black Star","Anchor","Gambling Chip","Tiny Chest","Mercury Hourglass","Lantern","Runic Pyramid","Ice Cream","Frozen Egg 2","PreservedInsect","Regal Pillow","Oddly Smooth Stone","MawBank","Vajra","Peace Pipe","Bronze Scales","Velvet Choker","Bag of Preparation","Pen Nib","Art of War","War Paint","Ancient Tea Set","Potion Belt","Blood Vial","Omamori","Membership Card","Happy Flower","Bottled Lightning","Mummified Hand","Bottled Tornado"],"potions_floor_usage":[56,56,56],"damage_taken":[{"damage":2.0,"enemies":"Cultist","floor":1.0,"turns":4.0},{"damage":8.0,"enemies":"Small Slimes","floor":2.0,"turns":3.0},{"damage":0.0,"enemies":"2 Louse","floor":3.0,"turns":3.0},{"damage":5.0,"enemies":"Blue Slaver","floor":4.0,"turns":3.0},{"damage":22.0,"enemies":"2 Fungi Beasts","floor":5.0,"turns":5.0},{"damage":1.0,"enemies":"Red Slaver","floor":7.0,"turns":3.0},{"damage":38.0,"enemies":"Gremlin Nob","floor":8.0,"turns":4.0},{"damage":0.0,"enemies":"Looter","floor":12.0,"turns":4.0},{"damage":15.0,"enemies":"3 Sentries","floor":14.0,"turns":11.0},{"damage":35.0,"enemies":"Slime Boss","floor":16.0,"turns":11.0},{"damage":4.0,"enemies":"2 Thieves","floor":18.0,"turns":4.0},{"damage":11.0,"enemies":"Colosseum Slavers","floor":20.0,"turns":3.0},{"damage":4.0,"enemies":"Colosseum Nobs","floor":20.0,"turns":4.0},{"damage":2.0,"enemies":"Spheric Guardian","floor":21.0,"turns":4.0},{"damage":6.0,"enemies":"Gremlin Leader","floor":23.0,"turns":8.0},{"damage":5.0,"enemies":"Snake Plant","floor":24.0,"turns":5.0},{"damage":0.0,"enemies":"Book of Stabbing","floor":27.0,"turns":4.0},{"damage":1.0,"enemies":"3 Cultists","floor":28.0,"turns":3.0},{"damage":0.0,"enemies":"Gremlin Leader","floor":30.0,"turns":5.0},{"damage":0.0,"enemies":"Snecko","floor":31.0,"turns":5.0},{"damage":0.0,"enemies":"Collector","floor":33.0,"turns":9.0},{"damage":0.0,"enemies":"3 Darklings","floor":35.0,"turns":4.0},{"damage":3.0,"enemies":"Orb Walker","floor":37.0,"turns":4.0},{"damage":3.0,"enemies":"Spire Growth","floor":38.0,"turns":3.0},{"damage":29.0,"enemies":"Reptomancer","floor":40.0,"turns":9.0},{"damage":4.0,"enemies":"Maw","floor":42.0,"turns":6.0},{"damage":0.0,"enemies":"Giant Head","floor":45.0,"turns":4.0},{"damage":15.0,"enemies":"Nemesis","floor":47.0,"turns":5.0},{"damage":9.0,"enemies":"Transient","floor":48.0,"turns":6.0},{"damage":0.0,"enemies":"Donu and Deca","floor":50.0,"turns":6.0},{"damage":0.0,"enemies":"Awakened One","floor":51.0,"turns":10.0},{"damage":0,"enemies":"Shield and Spear","floor":55,"turns":2},{"damage":54,"enemies":"The Heart","floor":56,"turns":9}],"seed_played":"6420333850505874479","potions_obtained":[{"floor":1.0,"key":"Regen Potion"},{"floor":3.0,"key":"Poison Potion"},{"floor":5.0,"key":"Strength Potion"},{"floor":16.0,"key":"Regen Potion"},{"floor":24.0,"key":"Weak Potion"},{"floor":27.0,"key":"Ancient Potion"},{"floor":45.0,"key":"Block Potion"},{"floor":47.0,"key":"Swift Potion"}],"is_trial":false,"path_per_floor":["M","M","M","M","M","R","M","E","T","?","$","M","?","E","R","B",null,"M","?","?","M","$","E","M","R","T","E","M","R","E","M","R","B",null,"M","?","M","M","?","E","R","M","T","R","E","R","E","M","R","B","B",null,"R","$","E","B",null],"character_chosen":"DEFECT","items_purchased":["Regen Potion","Block Potion","Cold Snap","Membership Card","Happy Flower","Bottled Lightning","PowerPotion","FairyPotion"],"campfire_rested":1,"item_purchase_floors":[11,11,11,54,54,54,54,54],"current_hp_per_floor":[62,54,54,49,41,41,40,2,2,2,2,14,31,16,37,2,54,50,50,35,33,33,37,42,42,42,52,51,51,61,71,71,71,71,71,71,71,71,71,52,52,58,58,58,68,68,63,66,66,71,71,71,71,71,71,27],"gold":235,"neow_bonus":"BOSS_RELIC","is_prod":false,"is_daily":false,"chose_seed":false,"campfire_upgraded":5,"win_rate":0,"timestamp":1557807683,"path_taken":["M","M","?","M","M","R","M","E","T","?","$","M","?","E","R","BOSS","M","?","?","M","$","E","M","R","T","E","M","R","E","M","R","BOSS","M","?","M","?","?","E","R","?","T","R","E","R","E","M","R","BOSS","BOSS","R","$","E","BOSS"],"build_version":"2019-01-23","purchased_purges":3,"victory":true,"max_hp_per_floor":[71,71,71,71,71,71,71,71,71,71,71,71,71,71,71,71,71,71,71,71,71,71,71,71,71,71,71,71,71,71,71,71,71,71,71,71,71,71,71,71,71,71,71,71,71,71,71,71,71,71,71,71,71,71,71,71],"card_choices":[{"not_picked":["Steam Power","Turbo"],"picked":"Beam Cell","floor":1.0},{"not_picked":["Auto Shields","Turbo"],"picked":"Go for the Eyes","floor":2.0},{"not_picked":["Hello World","Auto Shields"],"picked":"Reinforced Body","floor":3.0},{"not_picked":["Redo","Leap"],"picked":"Biased Cognition","floor":4.0},{"not_picked":["Streamline","Force Field"],"picked":"Compile Driver","floor":5.0},{"not_picked":["Capacitor","Streamline"],"picked":"Hologram","floor":7.0},{"not_picked":["Hologram","Darkness"],"picked":"Glacier","floor":8.0},{"not_picked":["Heatsinks","Go for the Eyes"],"picked":"Cold Snap","floor":12.0},{"not_picked":["Steam","Meteor Strike","Stack"],"picked":"SKIP","floor":14.0},{"not_picked":["Amplify","Echo Form"],"picked":"Core Surge","floor":16.0},{"not_picked":["Leap","Hologram"],"picked":"Doom and Gloom","floor":18.0},{"not_picked":["Streamline","Reinforced Body"],"picked":"Double Energy+1","floor":20.0},{"not_picked":["Compile Driver","Streamline"],"picked":"Self Repair+1","floor":21.0},{"not_picked":["Leap","Fission"],"picked":"Coolheaded","floor":23.0},{"not_picked":["Undo","Cold Snap","Fusion"],"picked":"SKIP","floor":24.0},{"not_picked":["Loop+1","Fusion"],"picked":"Capacitor+1","floor":27.0},{"not_picked":["Hologram","Barrage+1"],"picked":"Glacier","floor":28.0},{"not_picked":["Redo+1","Static Discharge+1"],"picked":"Defragment+1","floor":30.0},{"not_picked":["Coolheaded","Barrage"],"picked":"Ball Lightning","floor":31.0},{"not_picked":["Creative AI+1","Electrodynamics+1"],"picked":"Multi-Cast","floor":33.0},{"not_picked":["Skim","Chill"],"picked":"Loop+1","floor":35.0},{"not_picked":["Redo","Stack+1"],"picked":"Capacitor+1","floor":37.0},{"not_picked":["Streamline","Leap","Fusion"],"picked":"SKIP","floor":38.0},{"not_picked":["Recycle","Chaos"],"picked":"Darkness","floor":40.0},{"not_picked":["Rebound","Stack"],"picked":"Aggregate","floor":42.0},{"not_picked":["BootSequence+1","Sweeping Beam","Rebound"],"picked":"SKIP","floor":45.0},{"not_picked":["Genetic Algorithm","Ball Lightning","Rebound+1"],"picked":"SKIP","floor":47.0},{"not_picked":["FTL","Gash"],"picked":"Darkness","floor":48.0},{"not_picked":["Chill","All For One"],"picked":"Biased Cognition+1","floor":55}],"player_experience":1762554,"relics_obtained":[{"floor":8.0,"key":"Anchor"},{"floor":8.0,"key":"Gambling Chip"},{"floor":9.0,"key":"Tiny Chest"},{"floor":14.0,"key":"Mercury Hourglass"},{"floor":14.0,"key":"Lantern"},{"floor":20.0,"key":"Ice Cream"},{"floor":20.0,"key":"Frozen Egg 2"},{"floor":23.0,"key":"PreservedInsect"},{"floor":23.0,"key":"Regal Pillow"},{"floor":26.0,"key":"Oddly Smooth Stone"},{"floor":27.0,"key":"MawBank"},{"floor":27.0,"key":"Vajra"},{"floor":30.0,"key":"Peace Pipe"},{"floor":30.0,"key":"Bronze Scales"},{"floor":36.0,"key":"Bag of Preparation"},{"floor":40.0,"key":"Art of War"},{"floor":40.0,"key":"War Paint"},{"floor":45.0,"key":"Ancient Tea Set"},{"floor":45.0,"key":"Potion Belt"},{"floor":47.0,"key":"Blood Vial"},{"floor":47.0,"key":"Omamori"},{"floor":55,"key":"Mummified Hand"},{"floor":55,"key":"Bottled Tornado"}],"event_choices":[{"damage_healed":0.0,"max_hp_gain":0.0,"max_hp_loss":0.0,"gold_gain":0.0,"event_name":"Shining Light","player_choice":"Ignored","floor":10.0,"gold_loss":0.0,"damage_taken":0.0},{"damage_healed":17.0,"max_hp_gain":0.0,"max_hp_loss":0.0,"gold_gain":0.0,"event_name":"The Cleric","player_choice":"Healed","floor":13.0,"gold_loss":35.0,"damage_taken":0.0},{"cards_removed":["Strike_B"],"damage_healed":0.0,"max_hp_gain":0.0,"max_hp_loss":0.0,"gold_gain":0.0,"event_name":"Beggar","player_choice":"Gave Gold","floor":19.0,"gold_loss":75.0,"damage_taken":0.0},{"damage_healed":0.0,"max_hp_gain":0.0,"max_hp_loss":0.0,"gold_gain":0.0,"event_name":"Colosseum","player_choice":"Fight","floor":20.0,"gold_loss":0.0,"damage_taken":0.0},{"damage_healed":0.0,"max_hp_gain":0.0,"max_hp_loss":0.0,"gold_gain":0.0,"event_name":"Colosseum","player_choice":"Fought Nobs","floor":20.0,"gold_loss":0.0,"damage_taken":0.0},{"damage_healed":0.0,"max_hp_gain":0.0,"max_hp_loss":0.0,"gold_gain":0.0,"event_name":"Wheel of Change","player_choice":"Relic","floor":36.0,"gold_loss":0.0,"damage_taken":0.0},{"damage_healed":0.0,"max_hp_gain":0.0,"max_hp_loss":0.0,"gold_gain":0.0,"event_name":"WeMeetAgain","player_choice":"Gave Potion","floor":39.0,"gold_loss":0.0,"damage_taken":0.0,"relics_obtained":["Pen Nib"]}],"is_beta":false,"boss_relics":[{"not_picked":["Fusion Hammer","Calling Bell"],"picked":"Runic Pyramid"},{"not_picked":["Pandora\u0027s Box","Empty Cage"],"picked":"Velvet Choker"}],"items_purged_floors":[11,22,54],"is_endless":false,"potions_floor_spawned":[1,3,4,5,16,20,24,27,30,31,35,45,47],"ascension_level":20}