{"path_per_floor":["M","?","M","M","M","R","?","?","T","M","R","$","T","M","R","B",null,"M","$","M","M"],"character_chosen":"THE_SILENT","items_purchased":["Shuriken"],"gold_per_floor":[116,191,204,221,241,241,268,268,268,281,281,24,50,67,67,163,163,174,99,113,128,128],"floor_reached":22,"campfire_rested":1,"playtime":1467,"item_purchase_floors":[12],"current_hp_per_floor":[70,59,59,58,53,53,37,23,23,23,44,44,44,44,44,28,70,60,60,32,17,0],"items_purged":["Strike_G"],"gold":128,"score":214,"play_id":"fd809834-b5f9-4603-98ef-3be66bf9ab4c","local_time":"20180604141859","is_prod":false,"is_daily":false,"chose_seed":false,"is_ascension_mode":true,"campfire_upgraded":2,"win_rate":0,"timestamp":1528147139,"campfire_choices":[{"data":"Accuracy","floor":6,"key":"SMITH"},{"floor":11,"key":"REST"},{"data":"Malaise","floor":15,"key":"SMITH"}],"path_taken":["M","?","?","M","M","R","?","?","T","?","R","$","?","M","R","BOSS","M","$","M","M","M"],"build_version":"2018-05-31","seed_source_timestamp":2313745943439839,"purchased_purges":1,"victory":false,"master_deck":["Defend_G","Defend_G","Defend_G","Defend_G","Defend_G+1","Strike_G","Strike_G","Strike_G","Strike_G","Survivor","Neutralize+1","Backflip","Accuracy+1","Blade Dance","Quick Slash","Well Laid Plans","Flying Knee","Sucker Punch","Malaise+1","Adrenaline","Dagger Spray","Setup+1"],"max_hp_per_floor":[70,70,70,70,70,70,70,70,70,70,70,70,70,70,70,70,70,70,70,70,70,70],"relics":["Ring of the Snake","Odd Mushroom","Pantograph","Shuriken","Vajra","Eternal Feather"],"card_choices":[{"not_picked":["Deflect","Acrobatics"],"picked":"Backflip","floor":0},{"not_picked":["All Out Attack","Dodge and Roll"],"picked":"Accuracy","floor":1},{"not_picked":["Calculated Gamble","Acrobatics"],"picked":"Blade Dance","floor":3},{"not_picked":["Prepared","Heel Hook"],"picked":"Quick Slash","floor":4},{"not_picked":["Flechettes","Finisher"],"picked":"Well Laid Plans","floor":5},{"not_picked":["Distraction","Bouncing Flask"],"picked":"Flying Knee","floor":7},{"not_picked":["Flying Knee","Deflect"],"picked":"Sucker Punch","floor":10},{"not_picked":["Poisoned Stab","Choke"],"picked":"Malaise","floor":14},{"not_picked":["Bullet Time","Venomology"],"picked":"Adrenaline","floor":16},{"not_picked":["Blur","Concentrate"],"picked":"Dagger Spray","floor":18},{"not_picked":["Malaise","Leg Sweep","Quick Slash"],"picked":"SKIP","floor":20},{"not_picked":["Slice","Bane+1"],"picked":"Setup+1","floor":21}],"player_experience":216852,"potions_floor_usage":[7,21,21,22],"damage_taken":[{"damage":0,"enemies":"Cultist","floor":1,"turns":4},{"damage":0,"enemies":"2 Louse","floor":3,"turns":3},{"damage":1,"enemies":"Small Slimes","floor":4,"turns":5},{"damage":5,"enemies":"2 Fungi Beasts","floor":5,"turns":4},{"damage":28,"enemies":"The Mushroom Lair","floor":7,"turns":5},{"damage":0,"enemies":"Large Slime","floor":10,"turns":5},{"damage":0,"enemies":"3 Louse","floor":14,"turns":4},{"damage":41,"enemies":"Slime Boss","floor":16,"turns":11},{"damage":10,"enemies":"3 Byrds","floor":18,"turns":6},{"damage":28,"enemies":"2 Thieves","floor":20,"turns":5},{"damage":15,"enemies":"Snake Plant","floor":21,"turns":4},{"damage":30,"enemies":"Slaver and Parasite","floor":22,"turns":6}],"relics_obtained":[{"floor":7,"key":"Odd Mushroom"},{"floor":9,"key":"Pantograph"},{"floor":13,"key":"Vajra"}],"event_choices":[{"event_name":"World of Goop","player_choice":"Gather Gold","floor":2,"damage_taken":0},{"event_name":"Mushrooms","player_choice":"Fought Mushrooms","floor":7,"damage_taken":0},{"event_name":"Shining Light","player_choice":"Entered Light","floor":8,"damage_taken":0}],"boss_relics":[{"not_picked":["Runic Pyramid","Philosopher\u0027s Stone"],"picked":"Eternal Feather"}],"items_purged_floors":[19],"potions_floor_spawned":[1,4,5,7,14,16,21],"seed_played":"-4075141176153635461","killed_by":"Slaver and Parasite","ascension_level":4,"potions_obtained":[{"floor":1,"key":"Regen Potion"},{"floor":4,"key":"Energy Potion"},{"floor":5,"key":"FearPotion"},{"floor":7,"key":"GhostInAJar"},{"floor":21,"key":"SneckoOil"}],"is_trial":false}