{"gold_per_floor":[210,13,29,44,44,75,95,129,129,147,72,247,247],"floor_reached":13,"playtime":411,"items_purged":[],"score":147,"play_id":"a2683806-0cc7-4ec7-b0f1-c0d8c78aaf2f","local_time":"20190412223057","is_ascension_mode":true,"campfire_choices":[],"neow_cost":"NONE","seed_source_timestamp":165487207631100,"circlet_count":0,"master_deck":["AscendersBane","Defend_G","Defend_G","Defend_G","Defend_G","Defend_G","Strike_G","Strike_G","Strike_G","Strike_G","Strike_G","Survivor","Neutralize","Caltrops","Blade Dance","Backstab","Skewer","Catalyst","Bullet Time","Bane","A Thousand Cuts+1","Doubt"],"relics":["Ring of the Snake","Lee\u0027s Waffle","Frozen Egg 2","Bag of Marbles","Potion Belt","Dodecahedron"],"potions_floor_usage":[6,8,10],"damage_taken":[{"damage":10,"enemies":"Cultist","floor":1,"turns":5},{"damage":8,"enemies":"Jaw Worm","floor":3,"turns":6},{"damage":0,"enemies":"2 Louse","floor":4,"turns":2},{"damage":28,"enemies":"Gremlin Nob","floor":6,"turns":4},{"damage":0,"enemies":"Exordium Wildlife","floor":7,"turns":3},{"damage":33,"enemies":"Lagavulin","floor":8,"turns":10},{"damage":0,"enemies":"Looter","floor":10,"turns":2},{"damage":8,"enemies":"Exordium Thugs","floor":13,"turns":1}],"seed_played":"8433649830180470959","potions_obtained":[{"floor":1,"key":"Swift Potion"},{"floor":4,"key":"Fire Potion"},{"floor":8,"key":"FearPotion"}],"is_trial":false,"path_per_floor":["M","$","M","M","T","E","M","E","T","M","$","?","M"],"character_chosen":"THE_SILENT","items_purchased":["Lee\u0027s Waffle","A Thousand Cuts+1"],"campfire_rested":0,"item_purchase_floors":[2,11],"current_hp_per_floor":[53,77,69,69,69,41,41,8,8,8,8,8,0],"gold":247,"neow_bonus":"HUNDRED_GOLD","is_prod":false,"is_daily":false,"chose_seed":false,"campfire_upgraded":0,"win_rate":0,"timestamp":1555101057,"path_taken":["M","$","M","M","?","E","M","E","T","M","?","?","?"],"build_version":"2019-01-23","purchased_purges":0,"victory":false,"max_hp_per_floor":[70,77,77,77,77,77,77,77,77,77,77,77,77],"card_choices":[{"not_picked":["Sucker Punch","Acrobatics"],"picked":"Caltrops","floor":1},{"not_picked":["Slice","Deadly Poison"],"picked":"Blade Dance","floor":3},{"not_picked":["Cloak And Dagger","Endless Agony"],"picked":"Backstab","floor":4},{"not_picked":["Well Laid Plans+1","Unload"],"picked":"Skewer","floor":6},{"not_picked":["Backflip","Outmaneuver"],"picked":"Catalyst","floor":7},{"not_picked":["Concentrate","Leg Sweep"],"picked":"Bullet Time","floor":8},{"not_picked":["Quick Slash","Dagger Throw"],"picked":"Bane","floor":10}],"player_experience":1639654,"relics_obtained":[{"floor":5,"key":"Frozen Egg 2"},{"floor":6,"key":"Bag of Marbles"},{"floor":8,"key":"Potion Belt"},{"floor":9,"key":"Dodecahedron"}],"event_choices":[{"damage_healed":0,"gold_gain":175,"player_choice":"AGREE","damage_taken":0,"max_hp_gain":0,"max_hp_loss":0,"event_name":"Liars Game","floor":12,"gold_loss":0,"cards_obtained":["Doubt"]}],"is_beta":false,"boss_relics":[],"items_purged_floors":[],"is_endless":false,"potions_floor_spawned":[1,4,8],"killed_by":"Exordium Thugs","ascension_level":11}