{"gold_per_floor":[117,134,10,27,27,57,70,20,45,132,158,170,208,231,243,334,346,370,393,46,46,66,66,66],"floor_reached":24,"playtime":1787,"items_purged":["Strike_G","Strike_G"],"score":374,"play_id":"c68944cc-6fd6-4ab3-9162-f5e8bae90b76","local_time":"20190508082351","is_ascension_mode":true,"campfire_choices":[{"data":"Infinite Blades","floor":12,"key":"SMITH"},{"floor":15,"key":"REST"},{"data":"Noxious Fumes","floor":23,"key":"SMITH"}],"neow_cost":"NONE","seed_source_timestamp":4327733301722,"circlet_count":0,"master_deck":["AscendersBane","Defend_G","Defend_G","Defend_G","Defend_G","Defend_G","Strike_G","Strike_G","Strike_G","Survivor","Neutralize","Well Laid Plans","Footwork","Dark Shackles","Quick Slash","Leg Sweep","Bouncing Flask","Escape Plan","Infinite Blades+1","Blur","Cloak And Dagger","Corpse Explosion","Caltrops","Backstab","Noxious Fumes+1","Dark Shackles","Leg Sweep","Blur"],"relics":["Ring of the Snake","NeowsBlessing","Smiling Mask","MawBank","Anchor","Cursed Key","Happy Flower"],"potions_floor_usage":[6,13,24],"damage_taken":[{"damage":0,"enemies":"Cultist","floor":1,"turns":1},{"damage":0,"enemies":"Jaw Worm","floor":2,"turns":1},{"damage":0,"enemies":"2 Louse","floor":4,"turns":1},{"damage":13,"enemies":"Gremlin Nob","floor":6,"turns":5},{"damage":0,"enemies":"Looter","floor":7,"turns":5},{"damage":0,"enemies":"Blue Slaver","floor":11,"turns":5},{"damage":8,"enemies":"Lagavulin","floor":13,"turns":7},{"damage":4,"enemies":"2 Fungi Beasts","floor":14,"turns":4},{"damage":21,"enemies":"The Guardian","floor":16,"turns":12},{"damage":0,"enemies":"Chosen","floor":18,"turns":6},{"damage":3,"enemies":"Spheric Guardian","floor":19,"turns":6},{"damage":0,"enemies":"3 Cultists","floor":22,"turns":3},{"damage":61,"enemies":"Gremlin Leader","floor":24,"turns":8}],"seed_played":"-2221545587805933589","potions_obtained":[{"floor":1,"key":"Poison Potion"},{"floor":4,"key":"SteroidPotion"},{"floor":7,"key":"EssenceOfSteel"},{"floor":16,"key":"SkillPotion"}],"is_trial":false,"path_per_floor":["M","M","$","M","$","E","M","$","T","?","M","R","E","M","R","B",null,"M","M","$","?","M","R","E"],"character_chosen":"THE_SILENT","items_purchased":["Dark Shackles","Quick Slash","Noxious Fumes","Happy Flower","Dark Shackles"],"campfire_rested":1,"item_purchase_floors":[3,3,20,20,20],"current_hp_per_floor":[59,59,59,59,59,46,46,46,46,35,35,35,27,23,42,21,55,55,52,52,52,52,52,0],"gold":66,"neow_bonus":"THREE_ENEMY_KILL","is_prod":false,"is_daily":false,"chose_seed":false,"campfire_upgraded":2,"win_rate":0,"timestamp":1557329031,"path_taken":["M","M","$","M","?","E","M","$","T","?","M","R","E","M","R","BOSS","M","M","$","?","M","R","E"],"build_version":"2019-01-23","purchased_purges":2,"victory":false,"max_hp_per_floor":[66,66,66,66,66,66,66,66,66,66,66,66,66,66,66,66,66,66,66,66,66,66,66,66],"card_choices":[{"not_picked":["Blur","Acrobatics"],"picked":"Well Laid Plans","floor":1},{"not_picked":["Blade Dance","Deflect"],"picked":"Footwork","floor":2},{"not_picked":["Dodge and Roll","PiercingWail"],"picked":"Leg Sweep","floor":4},{"not_picked":["Sucker Punch","Outmaneuver"],"picked":"Bouncing Flask","floor":6},{"not_picked":["Outmaneuver","Dagger Throw"],"picked":"Escape Plan","floor":7},{"not_picked":["Storm of Steel","Deflect"],"picked":"Infinite Blades","floor":11},{"not_picked":["Deflect","Sucker Punch"],"picked":"Blur","floor":13},{"not_picked":["Prepared","Flechettes"],"picked":"Cloak And Dagger","floor":14},{"not_picked":["Venomology","Bullet Time"],"picked":"Corpse Explosion","floor":16},{"not_picked":["Setup","Bane+1"],"picked":"Caltrops","floor":18},{"not_picked":["Flying Knee","Dagger Spray"],"picked":"Backstab","floor":19},{"not_picked":["Riddle With Holes","Blade Dance"],"picked":"Blur","floor":22}],"player_experience":1636570,"relics_obtained":[{"floor":6,"key":"Smiling Mask"},{"floor":9,"key":"MawBank"},{"floor":13,"key":"Anchor"}],"event_choices":[{"damage_healed":0,"gold_gain":75,"player_choice":"Gather Gold","damage_taken":11,"max_hp_gain":0,"max_hp_loss":0,"event_name":"World of Goop","floor":10,"gold_loss":0},{"damage_healed":0,"gold_gain":0,"player_choice":"Read","damage_taken":0,"max_hp_gain":0,"max_hp_loss":0,"event_name":"The Library","floor":21,"gold_loss":0,"cards_obtained":["Leg Sweep"]}],"is_beta":false,"boss_relics":[{"not_picked":["Orrery","Black Star"],"picked":"Cursed Key"}],"items_purged_floors":[8,20],"is_endless":false,"potions_floor_spawned":[1,4,7,16],"killed_by":"Gremlin Leader","ascension_level":16}