{"gold_per_floor":[117,392,402,413,413,438,613,613,613,628,628,249,262,281,281,281],"floor_reached":16,"playtime":654,"items_purged":["Regret"],"score":143,"play_id":"5d59b4d0-bec9-4cfe-a7a0-127d412f423c","local_time":"20190110234218","is_ascension_mode":true,"campfire_choices":[{"floor":8,"key":"REST"},{"data":"Choke","floor":15,"key":"SMITH"}],"neow_cost":"NONE","seed_source_timestamp":75791016682400,"circlet_count":0,"master_deck":["Defend_G","Defend_G","Defend_G","Defend_G","Defend_G","Strike_G","Strike_G","Strike_G","Strike_G","Strike_G","Survivor","Neutralize","Blade Dance","Regret","Choke+1","Setup","Doubt","Underhanded Strike","Concentrate","Blade Dance","Slice"],"relics":["Eternal Feather","Ornamental Fan","Ancient Tea Set","Gambling Chip","Smiling Mask","Bronze Scales","Dream Catcher"],"potions_floor_usage":[6,14,16],"damage_taken":[{"damage":1,"enemies":"Small Slimes","floor":1,"turns":5},{"damage":9,"enemies":"Cultist","floor":3,"turns":4},{"damage":2,"enemies":"2 Louse","floor":4,"turns":3},{"damage":18,"enemies":"Gremlin Nob","floor":6,"turns":5},{"damage":4,"enemies":"Large Slime","floor":10,"turns":7},{"damage":2,"enemies":"2 Fungi Beasts","floor":13,"turns":4},{"damage":1,"enemies":"3 Louse","floor":14,"turns":4},{"damage":62,"enemies":"Hexaghost","floor":16,"turns":9}],"seed_played":"-5166347040130336588","potions_obtained":[{"floor":1,"key":"Block Potion"},{"floor":10,"key":"Energy Potion"},{"floor":13,"key":"Dexterity Potion"}],"is_trial":false,"path_per_floor":["M","?","M","M","?","E","?","R","T","M","?","$","M","M","R","B"],"character_chosen":"THE_SILENT","items_purchased":["Bronze Scales","Concentrate","Dream Catcher"],"campfire_rested":1,"item_purchase_floors":[12,12,12],"current_hp_per_floor":[62,62,53,51,44,26,26,56,56,52,52,52,50,49,61,0],"gold":281,"neow_bonus":"BOSS_RELIC","is_prod":false,"is_daily":false,"chose_seed":false,"campfire_upgraded":1,"win_rate":0,"timestamp":1547160138,"path_taken":["M","?","M","?","?","E","?","R","T","M","?","$","M","M","R","BOSS"],"build_version":"2019-01-03v4","purchased_purges":1,"victory":false,"max_hp_per_floor":[70,70,70,70,70,70,70,70,70,70,70,70,70,70,70,70],"card_choices":[{"not_picked":["Skewer","Sucker Punch"],"picked":"Blade Dance","floor":1},{"not_picked":["Distraction","Flying Knee"],"picked":"Choke","floor":3},{"not_picked":["Deadly Poison","Dagger Throw","Deflect"],"picked":"SKIP","floor":4},{"not_picked":["Choke","Backflip"],"picked":"Setup","floor":6},{"not_picked":["Dagger Spray","Leg Sweep"],"picked":"Underhanded Strike","floor":10},{"not_picked":["Acrobatics","Endless Agony"],"picked":"Blade Dance","floor":13},{"not_picked":["Deflect","Poisoned Stab"],"picked":"Slice","floor":14}],"player_experience":1092310,"relics_obtained":[{"floor":6,"key":"Ancient Tea Set"},{"floor":9,"key":"Gambling Chip"}],"event_choices":[{"damage_healed":0,"gold_gain":275,"player_choice":"Desecrate","damage_taken":0,"max_hp_gain":0,"max_hp_loss":0,"event_name":"Golden Shrine","floor":2,"gold_loss":0,"cards_obtained":["Regret"]},{"damage_healed":0,"gold_gain":0,"player_choice":"Success","damage_taken":7,"relics_obtained":["Ornamental Fan"],"max_hp_gain":0,"max_hp_loss":0,"event_name":"Scrap Ooze","floor":5,"gold_loss":0},{"damage_healed":0,"gold_gain":175,"player_choice":"AGREE","damage_taken":0,"max_hp_gain":0,"max_hp_loss":0,"event_name":"Liars Game","floor":7,"gold_loss":0,"cards_obtained":["Doubt"]},{"damage_healed":0,"gold_gain":0,"player_choice":"Box","damage_taken":0,"relics_obtained":["Smiling Mask"],"max_hp_gain":0,"max_hp_loss":0,"event_name":"Big Fish","floor":11,"gold_loss":0,"cards_obtained":["Regret"]}],"is_beta":false,"boss_relics":[],"items_purged_floors":[12],"is_endless":false,"potions_floor_spawned":[1,10,13],"killed_by":"Hexaghost","ascension_level":8}