{"gold_per_floor":[111,10,185,185,209,242,242,242,294,319,357,378,49,68,68,68],"floor_reached":16,"playtime":678,"items_purged":["Doubt"],"score":132,"play_id":"6daf8702-5e56-4344-a64f-d619b695d22a","local_time":"20181008142244","is_ascension_mode":true,"campfire_choices":[{"floor":7,"key":"REST"},{"data":"Limit Break","floor":15,"key":"SMITH"}],"neow_cost":"TEN_PERCENT_HP_LOSS","seed_source_timestamp":7062679186900,"circlet_count":0,"master_deck":["Strike_R","Strike_R","Strike_R","Strike_R","Strike_R","Defend_R","Defend_R","Defend_R","Defend_R","Bash","Cleave","Madness","Injury","Cleave","Cleave","Rage","Limit Break+1","Clash"],"relics":["Burning Blood","Nunchaku","Golden Idol","Question Card","Centennial Puzzle","Pear","Paper Frog"],"potions_floor_usage":[11,12,14,16,16,16],"damage_taken":[{"damage":8,"enemies":"Jaw Worm","floor":1,"turns":4},{"damage":2,"enemies":"Small Slimes","floor":5,"turns":4},{"damage":40,"enemies":"3 Sentries","floor":6,"turns":8},{"damage":0,"enemies":"2 Louse","floor":10,"turns":2},{"damage":27,"enemies":"Lagavulin","floor":11,"turns":5},{"damage":12,"enemies":"Large Slime","floor":12,"turns":6},{"damage":2,"enemies":"Gremlin Gang","floor":14,"turns":2},{"damage":63,"enemies":"Slime Boss","floor":16,"turns":6}],"seed_played":"7330882422609967383","potions_obtained":[{"floor":8,"key":"LiquidBronze"},{"floor":8,"key":"SneckoOil"},{"floor":8,"key":"Weak Potion"},{"floor":10,"key":"AttackPotion"},{"floor":11,"key":"Block Potion"},{"floor":12,"key":"Ancient Potion"},{"floor":14,"key":"BloodPotion"}],"is_trial":false,"path_per_floor":["M","$","?","?","M","E","R","?","T","M","E","M","$","M","R"],"character_chosen":"IRONCLAD","items_purchased":["Madness","Paper Frog"],"campfire_rested":1,"item_purchase_floors":[2,13],"current_hp_per_floor":[70,70,70,70,72,38,59,59,59,65,54,48,48,52,52,0],"gold":68,"neow_bonus":"ONE_RARE_RELIC","is_prod":false,"is_daily":false,"chose_seed":false,"campfire_upgraded":1,"win_rate":0,"timestamp":1539001364,"path_taken":["M","$","?","?","M","E","R","?","T","M","E","?","?","?","R","BOSS"],"build_version":"2018-10-04v2","purchased_purges":1,"victory":false,"max_hp_per_floor":[72,72,72,72,72,72,72,72,72,72,82,82,82,82,82,82],"card_choices":[{"not_picked":["Dual Wield","Searing Blow"],"picked":"Cleave","floor":1},{"not_picked":["Sword Boomerang","Corruption"],"picked":"Cleave","floor":5},{"not_picked":["Berserk","Headbutt"],"picked":"Cleave","floor":6},{"not_picked":["Pummel","Warcry","Headbutt"],"picked":"Rage","floor":10},{"not_picked":["True Grit","Pummel","Cleave"],"picked":"Limit Break","floor":11},{"not_picked":["Headbutt","Combust","Pommel Strike"],"picked":"Clash","floor":12},{"not_picked":["Power Through","Cleave","Anger","Sever Soul"],"picked":"SKIP","floor":14}],"player_experience":584056,"relics_obtained":[{"floor":6,"key":"Question Card"},{"floor":9,"key":"Centennial Puzzle"},{"floor":11,"key":"Pear"}],"event_choices":[{"event_name":"Liars Game","player_choice":"agreed","floor":3,"damage_taken":0},{"event_name":"Golden Idol","player_choice":"Take Wound","floor":4,"damage_taken":0},{"event_name":"The Lab","player_choice":"Got Potions","floor":8,"damage_taken":0}],"is_beta":false,"boss_relics":[],"items_purged_floors":[13],"is_endless":false,"potions_floor_spawned":[10,11,12,14],"killed_by":"Slime Boss","ascension_level":4}