{"gold_per_floor":[119,119,119,79,79,79,111,111,111,131,131,164,214,225,225,299,299,299,53,63,63,63,63,63],"floor_reached":24,"playtime":411,"items_purged":["Strike_B"],"score":446,"play_id":"44430766-c7bd-415e-bb9a-5db86cafcd61","local_time":"20190514195841","is_ascension_mode":true,"campfire_choices":[{"data":"Darkness","floor":6.0,"key":"SMITH"},{"data":"Zap","floor":8.0,"key":"SMITH"},{"data":"Recycle","floor":11.0,"key":"SMITH"},{"data":"Defragment","floor":15.0,"key":"SMITH"},{"data":"Chaos","floor":23,"key":"SMITH"}],"neow_cost":"NONE","seed_source_timestamp":362766184004148,"circlet_count":0,"master_deck":["AscendersBane","Strike_B","Strike_B","Strike_B+1","Defend_B","Defend_B","Defend_B+1","Defend_B","Zap+1","Dualcast","Ball Lightning","Darkness+1","Undo","Recycle+1","Defragment+1","Seek","Chaos+1"],"special_seed":0,"relics":["Cracked Core","NeowsBlessing","Singing Bowl","PreservedInsect","Bottled Lightning","Orichalcum","Black Star","DataDisk"],"potions_floor_usage":[],"damage_taken":[{"damage":0.0,"enemies":"Jaw Worm","floor":1.0,"turns":1.0},{"damage":0.0,"enemies":"3 Sentries","floor":7.0,"turns":1.0},{"damage":0.0,"enemies":"Small Slimes","floor":10.0,"turns":1.0},{"damage":23.0,"enemies":"Gremlin Nob","floor":12.0,"turns":4.0},{"damage":1.0,"enemies":"2 Louse","floor":14.0,"turns":3.0},{"damage":24.0,"enemies":"The Guardian","floor":16.0,"turns":8.0},{"damage":12.0,"enemies":"Chosen","floor":20.0,"turns":5.0},{"damage":26,"enemies":"Masked Bandits","floor":24,"turns":3}],"seed_played":"-3012799738478265651","potions_obtained":[{"floor":12.0,"key":"Dexterity Potion"},{"floor":14.0,"key":"FearPotion"}],"is_trial":false,"path_per_floor":["M","?","?","$","?","R","E","R","T","M","R","E","?","M","R","B",null,"M","$","M","?","?","R","?"],"character_chosen":"DEFECT","items_purchased":["Darkness","DataDisk"],"campfire_rested":0,"item_purchase_floors":[4,19],"current_hp_per_floor":[64,46,25,25,48,48,48,48,48,48,48,27,27,26,26,2,55,36,36,24,24,24,24,0],"gold":63,"neow_bonus":"THREE_ENEMY_KILL","is_prod":false,"is_daily":false,"chose_seed":false,"campfire_upgraded":5,"win_rate":0,"timestamp":1557835121,"path_taken":["M","?","?","?","?","R","E","R","T","M","R","E","?","?","R","BOSS","M","$","M","?","?","R","?"],"build_version":"2019-01-23","purchased_purges":1,"victory":false,"max_hp_per_floor":[71,71,71,71,71,71,71,71,71,71,71,73,73,73,73,73,73,73,73,73,73,73,73,73],"card_choices":[{"not_picked":["Barrage","Hologram"],"picked":"Ball Lightning","floor":1.0},{"not_picked":["Self Repair","Lockon"],"picked":"Undo","floor":7.0},{"not_picked":["Glacier","Conserve Battery"],"picked":"Recycle","floor":10.0},{"not_picked":["Streamline","Gash","Doom and Gloom"],"picked":"Singing Bowl","floor":12.0},{"not_picked":["Blizzard","Genetic Algorithm"],"picked":"Defragment","floor":14.0},{"not_picked":["Fission","Machine Learning"],"picked":"Seek","floor":16.0},{"not_picked":["Barrage+1","Streamline"],"picked":"Chaos","floor":20.0}],"player_experience":1687037,"relics_obtained":[{"floor":7.0,"key":"PreservedInsect"},{"floor":9.0,"key":"Bottled Lightning"},{"floor":12.0,"key":"Orichalcum"}],"event_choices":[{"damage_healed":0.0,"max_hp_gain":0.0,"max_hp_loss":0.0,"gold_gain":0.0,"event_name":"Scrap Ooze","player_choice":"Success","floor":2.0,"gold_loss":0.0,"damage_taken":18.0,"relics_obtained":["Singing Bowl"]},{"damage_healed":0.0,"max_hp_gain":0.0,"max_hp_loss":0.0,"gold_gain":0.0,"event_name":"Shining Light","player_choice":"Entered Light","floor":3.0,"gold_loss":0.0,"damage_taken":21.0,"cards_upgraded":["Strike_B","Defend_B"]},{"damage_healed":23.0,"max_hp_gain":0.0,"max_hp_loss":0.0,"gold_gain":0.0,"event_name":"Big Fish","player_choice":"Banana","floor":5.0,"gold_loss":0.0,"damage_taken":0.0},{"damage_healed":0.0,"max_hp_gain":0.0,"max_hp_loss":0.0,"gold_gain":50.0,"event_name":"Golden Shrine","player_choice":"Pray","floor":13.0,"gold_loss":0.0,"damage_taken":0.0},{"damage_healed":0.0,"max_hp_gain":0.0,"max_hp_loss":0.0,"gold_gain":0.0,"event_name":"Vampires","player_choice":"Ignored","floor":21.0,"gold_loss":0.0,"damage_taken":0.0},{"damage_healed":0,"gold_gain":0,"player_choice":"Fought Bandits","damage_taken":0,"max_hp_gain":0,"max_hp_loss":0,"event_name":"Masked Bandits","floor":24,"gold_loss":0}],"is_beta":false,"boss_relics":[{"not_picked":["Ectoplasm","Lizard Tail"],"picked":"Black Star"}],"items_purged_floors":[19],"is_endless":false,"potions_floor_spawned":[12,14],"killed_by":"Masked Bandits","ascension_level":20}