{"gold_per_floor":[115,65,81,101,117,136,47,47,47,61,87,87,38,50,50,154,154,174,174,174,5,5],"floor_reached":22,"playtime":1766,"items_purged":[],"score":242,"play_id":"ee1c4fa4-fefc-49e1-be0f-9631ca59732a","local_time":"20190124083537","is_ascension_mode":true,"campfire_choices":[{"data":"Discovery","floor":8.0,"key":"SMITH"},{"floor":12.0,"key":"REST"},{"data":"Storm","floor":15.0,"key":"SMITH"}],"neow_cost":"CURSE","seed_source_timestamp":0,"circlet_count":0,"master_deck":["Strike_B","Strike_B","Strike_B","Strike_B","Defend_B","Defend_B","Defend_B","Defend_B","Zap","Dualcast","Good Instincts","Discovery+1","Ball Lightning","Auto Shields","Streamline","Skim","Storm+1","Heatsinks","Turbo","Tempest","Seek","Melter","Buffer","Streamline","Necronomicurse","Magnetism"],"special_seed":0,"relics":["Cracked Core","Bottled Flame","Kunai","Eternal Feather","Vajra","Necronomicon"],"potions_floor_usage":[22],"damage_taken":[{"damage":0.0,"enemies":"Small Slimes","floor":1.0,"turns":3.0},{"damage":0.0,"enemies":"2 Louse","floor":3.0,"turns":1.0},{"damage":6.0,"enemies":"Jaw Worm","floor":4.0,"turns":3.0},{"damage":10.0,"enemies":"3 Louse","floor":5.0,"turns":3.0},{"damage":0.0,"enemies":"Blue Slaver","floor":6.0,"turns":2.0},{"damage":0.0,"enemies":"Large Slime","floor":10.0,"turns":5.0},{"damage":18.0,"enemies":"Lagavulin","floor":11.0,"turns":6.0},{"damage":3.0,"enemies":"2 Fungi Beasts","floor":14.0,"turns":3.0},{"damage":36.0,"enemies":"Hexaghost","floor":16.0,"turns":9.0},{"damage":18,"enemies":"Chosen","floor":18,"turns":5},{"damage":27,"enemies":"3 Byrds","floor":22,"turns":2}],"seed_played":"3277695974844859243","potions_obtained":[{"floor":6.0,"key":"PowerPotion"},{"floor":11.0,"key":"SteroidPotion"},{"floor":14.0,"key":"EssenceOfSteel"},{"floor":16.0,"key":"Ancient Potion"}],"is_trial":false,"path_per_floor":["M","?","M","M","M","M","$","R","T","M","E","R","?","M","R","B",null,"M","?","?","$","M"],"character_chosen":"DEFECT","items_purchased":["Heatsinks","Turbo","Magnetism"],"campfire_rested":1,"item_purchase_floors":[7,7,21],"current_hp_per_floor":[68,68,68,62,52,52,52,52,52,52,34,56,56,53,53,17,61,43,43,27,27,0],"gold":5,"neow_bonus":"RANDOM_COLORLESS_2","is_prod":false,"is_daily":false,"chose_seed":false,"campfire_upgraded":2,"win_rate":0,"timestamp":1548347737,"path_taken":["M","?","M","M","M","M","$","R","T","M","E","R","?","M","R","BOSS","M","?","?","$","M"],"build_version":"2019-01-23","purchased_purges":0,"victory":false,"max_hp_per_floor":[75,75,75,75,75,75,75,75,75,75,75,75,75,75,75,75,75,75,75,75,75,75],"card_choices":[{"not_picked":["Hologram","Glacier"],"picked":"Ball Lightning","floor":1.0},{"not_picked":["Stack","Aggregate"],"picked":"Auto Shields","floor":3.0},{"not_picked":["Darkness","Steam"],"picked":"Streamline","floor":4.0},{"not_picked":["Reinforced Body","Redo"],"picked":"Skim","floor":5.0},{"not_picked":["Stack","Lockon"],"picked":"Storm","floor":6.0},{"not_picked":["Glacier","Hologram"],"picked":"Tempest","floor":10.0},{"not_picked":["Chill","Gash"],"picked":"Seek","floor":11.0},{"not_picked":["Redo","Capacitor"],"picked":"Melter","floor":14.0},{"not_picked":["Echo Form","Hyperbeam"],"picked":"Buffer","floor":16.0},{"not_picked":["Coolheaded","Sweeping Beam+1"],"picked":"Streamline","floor":18}],"player_experience":613210,"relics_obtained":[{"floor":9.0,"key":"Bottled Flame"},{"floor":11.0,"key":"Kunai"},{"floor":20,"key":"Necronomicon"}],"event_choices":[{"cards_removed":["Normality"],"damage_healed":0.0,"max_hp_gain":0.0,"max_hp_loss":0.0,"gold_gain":0.0,"event_name":"The Cleric","player_choice":"Card Removal","floor":2.0,"gold_loss":50.0,"damage_taken":0.0},{"damage_healed":0.0,"max_hp_gain":0.0,"max_hp_loss":0.0,"gold_gain":0.0,"event_name":"World of Goop","player_choice":"Left Gold","floor":13.0,"gold_loss":49.0,"damage_taken":0.0},{"damage_healed":0,"gold_gain":0,"player_choice":"Opened","damage_taken":0,"relics_obtained":["Vajra"],"max_hp_gain":0,"max_hp_loss":0,"event_name":"The Mausoleum","floor":19,"gold_loss":0},{"damage_healed":0,"gold_gain":0,"player_choice":"Obtained Book","damage_taken":16,"max_hp_gain":0,"max_hp_loss":0,"event_name":"Cursed Tome","floor":20,"gold_loss":0}],"is_beta":false,"boss_relics":[{"not_picked":["Inserter","Cursed Key"],"picked":"Eternal Feather"}],"items_purged_floors":[],"is_endless":false,"potions_floor_spawned":[6,11,14,16],"killed_by":"3 Byrds","ascension_level":6}