{"gold_per_floor":[110,110,110,130,54,83,99,99,99,129,129,145,145,178,178,178],"floor_reached":16,"playtime":567,"items_purged":[],"score":162,"play_id":"9e6fcb14-87be-4edd-83a8-948ce40cbf78","local_time":"20190127135831","is_ascension_mode":true,"campfire_choices":[{"floor":8,"key":"REST"},{"floor":11,"key":"DIG"},{"floor":15,"key":"DIG"}],"neow_cost":"NONE","seed_source_timestamp":332167892810700,"circlet_count":0,"master_deck":["AscendersBane","Strike_R","Strike_R","Strike_R","Strike_R","Strike_R","Defend_R","Defend_R","Defend_R","Defend_R","Bash","Cleave","Thunderclap","Rampage","Metallicize","Body Slam","Flex","Armaments","Impervious"],"relics":["Burning Blood","Regal Pillow","Paper Frog","Dodecahedron","Question Card","Shovel","Prayer Wheel","FaceOfCleric","Ornamental Fan","Frozen Egg 2"],"potions_floor_usage":[14,16,16],"damage_taken":[{"damage":3,"enemies":"2 Louse","floor":1,"turns":3},{"damage":8,"enemies":"Jaw Worm","floor":4,"turns":5},{"damage":45,"enemies":"3 Sentries","floor":6,"turns":7},{"damage":2,"enemies":"Cultist","floor":7,"turns":4},{"damage":11,"enemies":"2 Fungi Beasts","floor":12,"turns":4},{"damage":18,"enemies":"Gremlin Nob","floor":14,"turns":4},{"damage":71,"enemies":"The Guardian","floor":16,"turns":11}],"seed_played":"-4749332116785991508","potions_obtained":[{"floor":6,"key":"BloodPotion"},{"floor":7,"key":"Explosive Potion"},{"floor":12,"key":"LiquidBronze"}],"is_trial":false,"path_per_floor":["M","?","T","M","$","E","M","R","T","?","R","M","?","E","R","B"],"character_chosen":"IRONCLAD","items_purchased":["Rampage"],"campfire_rested":1,"item_purchase_floors":[5],"current_hp_per_floor":[75,72,72,70,70,31,35,74,74,74,74,69,69,58,58,0],"gold":178,"neow_bonus":"RANDOM_COMMON_RELIC","is_prod":false,"is_daily":false,"chose_seed":false,"campfire_upgraded":0,"win_rate":0,"timestamp":1548593911,"path_taken":["M","?","?","M","$","E","M","R","T","?","R","M","?","E","R","BOSS"],"build_version":"2019-01-23","purchased_purges":0,"victory":false,"max_hp_per_floor":[80,80,80,80,80,80,80,80,80,80,80,80,80,81,81,81],"card_choices":[{"not_picked":["Wild Strike","Feel No Pain"],"picked":"Cleave","floor":1},{"not_picked":["Seeing Red","Heavy Blade"],"picked":"Thunderclap","floor":4},{"not_picked":["Power Through","Headbutt"],"picked":"Metallicize","floor":6},{"not_picked":["Fiend Fire","Rampage","Warcry"],"picked":"Body Slam","floor":7},{"not_picked":["Warcry","Heavy Blade","Burning Pact"],"picked":"Flex","floor":12},{"not_picked":["Sword Boomerang","Corruption","Havoc"],"picked":"Armaments","floor":12},{"not_picked":["Second Wind","Clothesline","Anger"],"picked":"Impervious","floor":14}],"player_experience":1332542,"relics_obtained":[{"floor":3,"key":"Dodecahedron"},{"floor":6,"key":"Question Card"},{"floor":9,"key":"Shovel"},{"floor":11,"key":"Prayer Wheel"},{"floor":14,"key":"Ornamental Fan"},{"floor":15,"key":"Frozen Egg 2"}],"event_choices":[{"damage_healed":0,"gold_gain":0,"player_choice":"Success","damage_taken":3,"relics_obtained":["Paper Frog"],"max_hp_gain":0,"max_hp_loss":0,"event_name":"Scrap Ooze","floor":2,"gold_loss":0},{"damage_healed":0,"gold_gain":30,"player_choice":"Searched \u00271\u0027 times","damage_taken":0,"max_hp_gain":0,"max_hp_loss":0,"event_name":"Dead Adventurer","floor":10,"gold_loss":0},{"damage_healed":0,"gold_gain":0,"player_choice":"Trade","damage_taken":0,"relics_obtained":["FaceOfCleric"],"max_hp_gain":0,"max_hp_loss":0,"event_name":"FaceTrader","floor":13,"gold_loss":0}],"is_beta":false,"boss_relics":[],"items_purged_floors":[],"is_endless":false,"potions_floor_spawned":[6,7,12],"killed_by":"The Guardian","ascension_level":10}