{"gold_per_floor":[119,294,308,308,5,5,34,34,60,77,103,123,147,159,159,262,262,281,293,293,293,368,368,368,379,379,391,171,171,197,215,215,215],"floor_reached":33,"playtime":1689,"items_purged":["Doubt"],"score":303,"play_id":"8d8ab523-249e-40f5-bfcc-e63fd1f9490d","local_time":"20181119214809","is_ascension_mode":false,"campfire_choices":[{"data":"Setup","floor":6,"key":"SMITH"},{"data":"Bouncing Flask","floor":8,"key":"SMITH"},{"floor":15,"key":"REST"},{"floor":23,"key":"REST"},{"floor":27,"key":"REST"},{"data":"A Thousand Cuts","floor":29,"key":"SMITH"},{"data":"Caltrops","floor":32,"key":"SMITH"}],"neow_cost":"NONE","seed_source_timestamp":445007593240100,"circlet_count":0,"master_deck":["Defend_G","Defend_G+1","Defend_G","Defend_G","Defend_G","Strike_G","Strike_G","Strike_G","Strike_G","Strike_G+1","Survivor","Neutralize","Bouncing Flask+1","Setup+1","Dash","Poisoned Stab","Acrobatics","A Thousand Cuts+1","Normality","Clumsy","Writhe","Ghostly","Ghostly","Ghostly","Ghostly","Ghostly","Deadly Poison+1","Caltrops+1","Setup+1"],"relics":["Ring of the Snake","NeowsBlessing","Juzu Bracelet","Gremlin Horn","Anchor","Tingsha","Odd Mushroom","Calling Bell","Art of War","Mummified Hand","Gambling Chip","Nilry\u0027s Codex","MawBank","Lee\u0027s Waffle","Orichalcum"],"potions_floor_usage":[11,13,16,16,33],"damage_taken":[{"damage":0,"enemies":"Jaw Worm","floor":1,"turns":1},{"damage":0,"enemies":"Small Slimes","floor":3,"turns":1},{"damage":0,"enemies":"3 Sentries","floor":7,"turns":2},{"damage":0,"enemies":"2 Louse","floor":10,"turns":2},{"damage":16,"enemies":"Gremlin Nob","floor":11,"turns":3},{"damage":9,"enemies":"Large Slime","floor":12,"turns":5},{"damage":6,"enemies":"The Mushroom Lair","floor":13,"turns":4},{"damage":2,"enemies":"Exordium Thugs","floor":14,"turns":3},{"damage":52,"enemies":"Slime Boss","floor":16,"turns":16},{"damage":34,"enemies":"Spheric Guardian","floor":18,"turns":6},{"damage":0,"enemies":"Chosen","floor":19,"turns":4},{"damage":2,"enemies":"Snecko","floor":25,"turns":5},{"damage":0,"enemies":"Cultist and Chosen","floor":31,"turns":4},{"damage":62,"enemies":"Champ","floor":33,"turns":10}],"seed_played":"-6760703895144998717","potions_obtained":[{"floor":1,"key":"SkillPotion"},{"floor":3,"key":"Explosive Potion"},{"floor":11,"key":"Regen Potion"},{"floor":12,"key":"AttackPotion"},{"floor":16,"key":"SteroidPotion"},{"floor":19,"key":"Explosive Potion"},{"floor":25,"key":"SkillPotion"}],"is_trial":false,"path_per_floor":["M","?","M","?","$","R","E","R","T","M","E","M","?","M","R","B",null,"M","M","?","?","?","R","?","M","T","R","$","R","T","M","R","B"],"character_chosen":"THE_SILENT","items_purchased":["Juzu Bracelet","Dash","Lee\u0027s Waffle","Caltrops"],"campfire_rested":3,"item_purchase_floors":[5,5,28,28],"current_hp_per_floor":[70,70,70,56,56,56,56,56,56,56,40,31,25,23,44,7,70,36,36,20,20,17,27,27,25,25,35,42,42,42,42,42,0],"gold":215,"neow_bonus":"THREE_ENEMY_KILL","is_prod":false,"is_daily":false,"chose_seed":false,"campfire_upgraded":4,"win_rate":0,"timestamp":1542660489,"path_taken":["M","?","M","?","$","R","E","R","T","M","E","M","?","M","R","BOSS","M","M","?","?","?","R","?","M","T","R","$","R","?","M","R","BOSS"],"build_version":"2018-11-15","purchased_purges":1,"victory":false,"max_hp_per_floor":[70,70,70,70,70,70,70,70,70,70,70,70,70,70,70,70,70,70,70,70,35,35,35,35,35,35,35,42,42,42,42,42,42],"card_choices":[{"not_picked":["Flechettes","Blur"],"picked":"Bouncing Flask","floor":1},{"not_picked":["Endless Agony","Cloak And Dagger"],"picked":"Setup","floor":3},{"not_picked":["Acrobatics","Endless Agony","Infinite Blades"],"picked":"SKIP","floor":7},{"not_picked":["Dagger Throw","Backflip"],"picked":"Poisoned Stab","floor":10},{"not_picked":["Expertise","Reflex"],"picked":"Acrobatics","floor":11},{"not_picked":["Flying Knee","Deflect","Blade Dance"],"picked":"SKIP","floor":12},{"not_picked":["All Out Attack","Sucker Punch","Dagger Spray"],"picked":"SKIP","floor":14},{"not_picked":["Tools of the Trade","Adrenaline"],"picked":"A Thousand Cuts","floor":16},{"not_picked":["Reflex","Expertise","Choke"],"picked":"SKIP","floor":18},{"not_picked":["Accuracy","Caltrops","Blade Dance"],"picked":"SKIP","floor":19},{"not_picked":["Flying Knee","Sucker Punch"],"picked":"Deadly Poison+1","floor":25},{"not_picked":["Cloak And Dagger+1","Sucker Punch"],"picked":"Setup+1","floor":31}],"player_experience":935381,"relics_obtained":[{"floor":7,"key":"Gremlin Horn"},{"floor":9,"key":"Anchor"},{"floor":11,"key":"Tingsha"},{"floor":13,"key":"Odd Mushroom"},{"floor":17,"key":"Art of War"},{"floor":17,"key":"Mummified Hand"},{"floor":17,"key":"Gambling Chip"},{"floor":20,"key":"Nilry\u0027s Codex"},{"floor":26,"key":"MawBank"},{"floor":30,"key":"Orichalcum"}],"event_choices":[{"damage_healed":0,"gold_gain":175,"player_choice":"AGREE","damage_taken":0,"max_hp_gain":0,"max_hp_loss":0,"event_name":"Liars Game","floor":2,"gold_loss":0,"cards_obtained":["Doubt"]},{"damage_healed":0,"gold_gain":0,"player_choice":"Entered Light","damage_taken":14,"max_hp_gain":0,"max_hp_loss":0,"event_name":"Shining Light","floor":4,"gold_loss":0,"cards_upgraded":["Defend_G","Strike_G"]},{"damage_healed":0,"gold_gain":0,"player_choice":"Fought Mushrooms","damage_taken":0,"max_hp_gain":0,"max_hp_loss":0,"event_name":"Mushrooms","floor":13,"gold_loss":0},{"damage_healed":0,"gold_gain":0,"player_choice":"Obtained Book","damage_taken":16,"max_hp_gain":0,"max_hp_loss":0,"event_name":"Cursed Tome","floor":20,"gold_loss":0},{"damage_healed":0,"gold_gain":0,"player_choice":"Became a Ghost","damage_taken":0,"max_hp_gain":0,"max_hp_loss":35,"event_name":"Ghosts","floor":21,"gold_loss":0,"cards_obtained":["Ghostly","Ghostly","Ghostly","Ghostly","Ghostly"]},{"damage_healed":0,"gold_gain":75,"player_choice":"Touch","damage_taken":3,"max_hp_gain":0,"max_hp_loss":0,"event_name":"FaceTrader","floor":22,"gold_loss":0},{"damage_healed":0,"gold_gain":0,"player_choice":"Ignored","damage_taken":0,"max_hp_gain":0,"max_hp_loss":0,"event_name":"Vampires","floor":24,"gold_loss":0}],"is_beta":false,"boss_relics":[{"not_picked":["Velvet Choker","Tiny House"],"picked":"Calling Bell"}],"items_purged_floors":[5],"is_endless":false,"potions_floor_spawned":[1,3,11,12,16,19,25],"killed_by":"Champ","ascension_level":0}