{"gold_per_floor":[112,123,141,156,156,186,202,202,272,272,297,247,247,247,247,247],"floor_reached":16,"playtime":845,"items_purged":[],"score":127,"play_id":"59b5d7aa-9cf7-4fdf-842b-54539471fd07","local_time":"20190510184056","is_ascension_mode":true,"campfire_choices":[{"floor":8,"key":"DIG"},{"floor":10,"key":"REST"},{"floor":13,"key":"REST"},{"floor":15,"key":"REST"}],"neow_cost":"NONE","seed_source_timestamp":1900372755516333,"circlet_count":0,"master_deck":["Strike_R","Strike_R","Strike_R","Defend_R","Defend_R","Defend_R","Defend_R","Bash","Searing Blow+1","Shrug It Off+1","Twin Strike","Disarm","Disarm","Clothesline","Rampage"],"relics":["Burning Blood","Shovel","Magic Flower","Shuriken","Lantern"],"potions_floor_usage":[11,16,16],"damage_taken":[{"damage":5,"enemies":"Small Slimes","floor":1,"turns":3},{"damage":1,"enemies":"Cultist","floor":2,"turns":3},{"damage":0,"enemies":"2 Louse","floor":3,"turns":3},{"damage":10,"enemies":"2 Fungi Beasts","floor":4,"turns":3},{"damage":55,"enemies":"Lagavulin","floor":6,"turns":11},{"damage":7,"enemies":"Red Slaver","floor":7,"turns":5},{"damage":33,"enemies":"Gremlin Nob","floor":11,"turns":5},{"damage":61,"enemies":"Slime Boss","floor":16,"turns":9}],"seed_played":"-4526383069625253506","potions_obtained":[{"floor":1,"key":"EssenceOfSteel"},{"floor":4,"key":"Explosive Potion"},{"floor":7,"key":"AttackPotion"}],"is_trial":false,"path_per_floor":["M","M","M","M","?","E","M","R","T","R","E","?","R","?","R","B"],"character_chosen":"IRONCLAD","items_purchased":[],"campfire_rested":3,"item_purchase_floors":[],"current_hp_per_floor":[80,80,80,76,76,27,26,26,26,50,26,26,50,34,58,0],"gold":247,"neow_bonus":"REMOVE_CARD","is_prod":false,"is_daily":false,"chose_seed":false,"campfire_upgraded":0,"win_rate":0,"timestamp":1557531656,"path_taken":["M","M","M","M","?","E","M","R","T","R","E","?","R","?","R","BOSS"],"build_version":"2019-01-23","purchased_purges":0,"victory":false,"max_hp_per_floor":[80,80,80,80,80,80,80,80,80,80,80,80,80,80,80,80],"card_choices":[{"not_picked":["Entrench","Whirlwind"],"picked":"Searing Blow","floor":1},{"not_picked":["Warcry","Havoc"],"picked":"Shrug It Off","floor":2},{"not_picked":["Whirlwind","Wild Strike"],"picked":"Twin Strike","floor":3},{"not_picked":["Uppercut","Metallicize"],"picked":"Disarm","floor":4},{"not_picked":["Whirlwind","Power Through"],"picked":"Disarm","floor":6},{"not_picked":["Sword Boomerang","Power Through"],"picked":"Clothesline","floor":7},{"not_picked":["Sword Boomerang","Sever Soul"],"picked":"Rampage","floor":11}],"player_experience":262478,"relics_obtained":[{"floor":6,"key":"Shovel"},{"floor":8,"key":"Magic Flower"},{"floor":9,"key":"Shuriken"},{"floor":11,"key":"Lantern"}],"event_choices":[{"damage_healed":0,"gold_gain":0,"player_choice":"Ignored","damage_taken":0,"max_hp_gain":0,"max_hp_loss":0,"event_name":"Liars Game","floor":5,"gold_loss":0},{"cards_removed":["Strike_R"],"damage_healed":0,"gold_gain":0,"player_choice":"Card Removal","damage_taken":0,"max_hp_gain":0,"max_hp_loss":0,"event_name":"The Cleric","floor":12,"gold_loss":50},{"damage_healed":0,"gold_gain":0,"player_choice":"Entered Light","damage_taken":16,"max_hp_gain":0,"max_hp_loss":0,"event_name":"Shining Light","floor":14,"gold_loss":0,"cards_upgraded":["Searing Blow","Shrug It Off"]}],"is_beta":false,"boss_relics":[],"items_purged_floors":[],"is_endless":false,"potions_floor_spawned":[1,4,7],"killed_by":"Slime Boss","ascension_level":3}