{"gold_per_floor":[112,32,50,0,75,75,104,104,104,160,172,172,197,208,208,208],"floor_reached":16,"playtime":433,"items_purged":[],"score":197,"play_id":"325e70ec-ed04-40d6-9789-68f8003ea6a9","local_time":"20190514115058","is_ascension_mode":true,"campfire_choices":[{"floor":6,"key":"REST"},{"floor":12,"key":"REST"},{"data":"Caltrops","floor":15,"key":"SMITH"}],"neow_cost":"NONE","seed_source_timestamp":64013126224600,"circlet_count":0,"master_deck":["AscendersBane","Defend_G","Defend_G","Defend_G","Defend_G","Defend_G","Strike_G","Strike_G","Strike_G","Strike_G","Survivor","Neutralize","Blade Dance","Die Die Die","Footwork","Noxious Fumes","Caltrops+1"],"relics":["Ring of the Snake","NeowsBlessing","Omamori","The Courier","Happy Flower","Boot"],"potions_floor_usage":[10,14],"damage_taken":[{"damage":0,"enemies":"Cultist","floor":1,"turns":1},{"damage":0,"enemies":"Small Slimes","floor":3,"turns":1},{"damage":0,"enemies":"Gremlin Nob","floor":7,"turns":1},{"damage":26,"enemies":"3 Sentries","floor":10,"turns":12},{"damage":0,"enemies":"2 Louse","floor":11,"turns":2},{"damage":0,"enemies":"Large Slime","floor":14,"turns":6},{"damage":67,"enemies":"Hexaghost","floor":16,"turns":9}],"seed_played":"-317188022998783139","potions_obtained":[{"floor":7,"key":"Dexterity Potion"},{"floor":10,"key":"Strength Potion"}],"is_trial":false,"path_per_floor":["M","$","M","?","?","R","E","$","T","?","M","R","T","M","R","B"],"character_chosen":"THE_SILENT","items_purchased":["Die Die Die"],"campfire_rested":2,"item_purchase_floors":[2],"current_hp_per_floor":[63,63,63,63,52,70,70,70,70,44,44,65,65,65,65,0],"gold":208,"neow_bonus":"THREE_ENEMY_KILL","is_prod":false,"is_daily":false,"chose_seed":false,"campfire_upgraded":1,"win_rate":0,"timestamp":1557827458,"path_taken":["M","$","?","?","?","R","E","$","T","?","M","R","?","M","R","BOSS"],"build_version":"2019-01-23","purchased_purges":0,"victory":false,"max_hp_per_floor":[70,70,70,70,70,70,70,70,70,70,70,70,70,70,70,70],"card_choices":[{"not_picked":["Sucker Punch","Underhanded Strike"],"picked":"Blade Dance","floor":1},{"not_picked":["Poisoned Stab","Setup"],"picked":"Footwork","floor":3},{"not_picked":["Flying Knee","Grand Finale","Sucker Punch"],"picked":"SKIP","floor":7},{"not_picked":["Backflip","Flying Knee"],"picked":"Noxious Fumes","floor":10},{"not_picked":["Sucker Punch","Outmaneuver","Prepared"],"picked":"SKIP","floor":11},{"not_picked":["Deadly Poison","Prepared"],"picked":"Caltrops","floor":14}],"player_experience":1858221,"relics_obtained":[{"floor":7,"key":"Omamori"},{"floor":9,"key":"The Courier"},{"floor":10,"key":"Happy Flower"},{"floor":13,"key":"Boot"}],"event_choices":[{"cards_removed":["Strike_G"],"damage_healed":0,"gold_gain":0,"player_choice":"Card Removal","damage_taken":0,"max_hp_gain":0,"max_hp_loss":0,"event_name":"The Cleric","floor":4,"gold_loss":50},{"damage_healed":0,"gold_gain":75,"player_choice":"Gather Gold","damage_taken":11,"max_hp_gain":0,"max_hp_loss":0,"event_name":"World of Goop","floor":5,"gold_loss":0},{"damage_healed":0,"gold_gain":0,"player_choice":"Searched \u00271\u0027 times","damage_taken":0,"max_hp_gain":0,"max_hp_loss":0,"event_name":"Dead Adventurer","floor":10,"gold_loss":0}],"is_beta":false,"boss_relics":[],"items_purged_floors":[],"is_endless":false,"potions_floor_spawned":[7,10],"killed_by":"Hexaghost","ascension_level":12}