{"gold_per_floor":[109,59,78,78,97,97,111,142,142,159,159,189,189,189,189,291,291,302,55,134,12,12,44,44,44,44,57,73,105,2,101,101,201,201,214,214,18,28,28,56,56,82,82,82,0,0,19,19,19,19],"floor_reached":50,"playtime":2614,"items_purged":["Strike_G","Strike_G","Defend_G"],"score":984,"play_id":"1e8bef27-03e8-4356-9c10-10201a386a19","local_time":"20190120234345","is_ascension_mode":true,"campfire_choices":[{"data":"Riddle With Holes","floor":6,"key":"SMITH"},{"floor":11,"key":"REST"},{"data":"Outmaneuver","floor":15,"key":"SMITH"},{"floor":24,"key":"REST"},{"data":"Burst","floor":32,"key":"SMITH"},{"data":"Riddle With Holes","floor":41,"key":"SMITH"},{"floor":44,"key":"DIG"},{"floor":49,"key":"DIG"}],"neow_cost":"CURSE","seed_source_timestamp":937921104268400,"circlet_count":0,"master_deck":["Defend_G","Defend_G","Defend_G","Defend_G","Survivor","Neutralize","Doubt","Flying Knee+1","Crippling Poison","Riddle With Holes+1","Slice","Cloak And Dagger","Blade Dance+1","Parasite","Decay","A Thousand Cuts+1","PiercingWail","Parasite","Bite","Bite+1","Bite","Bite","Bite","Cloak And Dagger","Clumsy","Riddle With Holes+1","Adrenaline","Burst+1","Infinite Blades+1","Envenom+1","Dagger Spray","Writhe","Accuracy+1","Mayhem+1","Outmaneuver+1","Night Terror","Accuracy+1","Shame","Mayhem+1"],"relics":["Ring of the Snake","Du-Vu Doll","Gremlin Horn","Frozen Egg 2","Darkstone Periapt","Cursed Key","Membership Card","Dodecahedron","Vajra","Mummified Hand","Pear","Lantern","WristBlade","Bag of Preparation","WingedGreaves","Shovel","Tough Bandages","Whetstone","Red Mask","Mango"],"potions_floor_usage":[8,8,12,12,16,33,40,50,50],"damage_taken":[{"damage":1,"enemies":"Cultist","floor":1,"turns":5},{"damage":3,"enemies":"2 Louse","floor":3,"turns":2},{"damage":1,"enemies":"Jaw Worm","floor":5,"turns":4},{"damage":2,"enemies":"2 Fungi Beasts","floor":7,"turns":3},{"damage":26,"enemies":"Gremlin Nob","floor":8,"turns":4},{"damage":5,"enemies":"Lots of Slimes","floor":10,"turns":3},{"damage":2,"enemies":"3 Sentries","floor":12,"turns":8},{"damage":46,"enemies":"Slime Boss","floor":16,"turns":10},{"damage":28,"enemies":"Spheric Guardian","floor":18,"turns":4},{"damage":8,"enemies":"Gremlin Leader","floor":23,"turns":5},{"damage":0,"enemies":"3 Byrds","floor":27,"turns":4},{"damage":5,"enemies":"Cultist and Chosen","floor":28,"turns":3},{"damage":16,"enemies":"Book of Stabbing","floor":29,"turns":4},{"damage":61,"enemies":"Automaton","floor":33,"turns":8},{"damage":0,"enemies":"Orb Walker","floor":35,"turns":2},{"damage":9,"enemies":"3 Shapes","floor":38,"turns":3},{"damage":2,"enemies":"Reptomancer","floor":40,"turns":4},{"damage":10,"enemies":"Nemesis","floor":42,"turns":5},{"damage":0,"enemies":"Maw","floor":47,"turns":4},{"damage":120,"enemies":"Awakened One","floor":50,"turns":7}],"seed_played":"-872777421963468656","potions_obtained":[{"floor":1,"key":"Explosive Potion"},{"floor":4,"key":"PowerPotion"},{"floor":4,"key":"Block Potion"},{"floor":8,"key":"Block Potion"},{"floor":10,"key":"SneckoOil"},{"floor":18,"key":"Fire Potion"},{"floor":29,"key":"Block Potion"},{"floor":33,"key":"GhostInAJar"},{"floor":47,"key":"Poison Potion"}],"is_trial":false,"path_per_floor":["M","?","M","?","M","R","M","E","T","M","R","E","?","?","R","B",null,"M","$","T","$","?","E","R","?","T","M","M","E","$","?","R","B",null,"M","?","$","M","?","E","R","E","T","R","?","?","M","?","R","B"],"character_chosen":"THE_SILENT","items_purchased":["Membership Card","Vajra","Infinite Blades+1","Accuracy+1","Mayhem+1","Bag of Preparation"],"campfire_rested":2,"item_purchase_floors":[19,21,30,37,37,37],"current_hp_per_floor":[62,62,59,59,58,58,56,30,30,25,46,44,67,73,73,27,68,40,40,46,46,46,46,61,61,77,77,76,65,65,65,65,18,62,62,83,83,74,74,82,82,75,81,81,81,81,89,89,103,0],"gold":19,"neow_bonus":"ONE_RARE_RELIC","is_prod":false,"is_daily":false,"chose_seed":false,"campfire_upgraded":4,"win_rate":0,"timestamp":1548024225,"path_taken":["M","?","M","?","?","R","M","E","T","M","R","E","?","?","R","BOSS","M","$","?","$","?","E","R","?","T","?","M","E","?","?","R","BOSS","M","?","$","M","?","E","R","E","T","R","?","?","?","?","R","BOSS"],"build_version":"2019-01-17v2","purchased_purges":3,"victory":false,"max_hp_per_floor":[70,70,70,70,70,70,70,70,70,70,70,70,76,82,82,82,82,82,82,88,88,61,61,61,61,77,77,77,77,77,77,77,77,77,77,83,83,83,83,83,83,83,89,89,89,89,89,89,103,103],"card_choices":[{"not_picked":["Bane","Outmaneuver"],"picked":"Flying Knee","floor":1},{"not_picked":["Sucker Punch","Outmaneuver"],"picked":"Crippling Poison","floor":3},{"not_picked":["Tactician","Prepared"],"picked":"Riddle With Holes","floor":5},{"not_picked":["Prepared","Backflip"],"picked":"Slice","floor":7},{"not_picked":["Backflip","Sucker Punch"],"picked":"Cloak And Dagger","floor":8},{"not_picked":["Sucker Punch","Bane"],"picked":"Outmaneuver","floor":10},{"not_picked":["Skewer","A Thousand Cuts+1"],"picked":"Blade Dance","floor":12},{"not_picked":["Glass Knife","Venomology"],"picked":"A Thousand Cuts+1","floor":16},{"not_picked":["Catalyst","Quick Slash"],"picked":"PiercingWail","floor":18},{"not_picked":["Quick Slash","Finisher+1"],"picked":"Cloak And Dagger","floor":23},{"not_picked":["Dagger Spray","PiercingWail"],"picked":"Riddle With Holes","floor":27},{"not_picked":["Finisher","Dash"],"picked":"Adrenaline","floor":28},{"not_picked":["Blade Dance","Sucker Punch"],"picked":"Burst","floor":29},{"not_picked":["Wraith Form v2+1","Unload"],"picked":"Envenom+1","floor":33},{"not_picked":["Dagger Throw","Underhanded Strike+1"],"picked":"Dagger Spray","floor":35},{"not_picked":["Bouncing Flask","Heel Hook+1"],"picked":"Outmaneuver+1","floor":38},{"not_picked":["Flying Knee","Quick Slash"],"picked":"Night Terror","floor":40},{"not_picked":["Calculated Gamble","All Out Attack"],"picked":"Accuracy+1","floor":42},{"not_picked":["Underhanded Strike","Acrobatics+1","Dodge and Roll+1"],"picked":"SKIP","floor":47}],"player_experience":1217642,"relics_obtained":[{"floor":8,"key":"Gremlin Horn"},{"floor":9,"key":"Frozen Egg 2"},{"floor":12,"key":"Darkstone Periapt"},{"floor":20,"key":"Dodecahedron"},{"floor":23,"key":"Mummified Hand"},{"floor":26,"key":"Pear"},{"floor":29,"key":"Lantern"},{"floor":40,"key":"WingedGreaves"},{"floor":42,"key":"Shovel"},{"floor":43,"key":"Tough Bandages"},{"floor":44,"key":"Whetstone"},{"floor":49,"key":"Mango"}],"event_choices":[{"cards_removed":["Strike_G"],"damage_healed":0,"gold_gain":0,"player_choice":"Card Removal","damage_taken":0,"max_hp_gain":0,"max_hp_loss":0,"event_name":"The Cleric","floor":2,"gold_loss":50},{"damage_healed":0,"gold_gain":0,"player_choice":"Got Potions","damage_taken":0,"max_hp_gain":0,"max_hp_loss":0,"event_name":"Lab","floor":4,"gold_loss":0},{"damage_healed":17,"gold_gain":0,"player_choice":"Healed and dodged fight","damage_taken":0,"max_hp_gain":0,"max_hp_loss":0,"event_name":"Mushrooms","floor":13,"gold_loss":0,"cards_obtained":["Parasite"]},{"damage_healed":0,"gold_gain":0,"player_choice":"Cursed","damage_taken":0,"max_hp_gain":0,"max_hp_loss":0,"event_name":"Wheel of Change","floor":14,"gold_loss":0,"cards_obtained":["Decay"]},{"damage_healed":0,"gold_gain":0,"player_choice":"Became a vampire","damage_taken":0,"max_hp_gain":0,"max_hp_loss":27,"event_name":"Vampires","floor":22,"gold_loss":0,"cards_obtained":["Bite","Bite","Bite","Bite","Bite"]},{"damage_healed":0,"gold_gain":0,"player_choice":"Ignored","damage_taken":0,"max_hp_gain":0,"max_hp_loss":0,"event_name":"Fountain of Cleansing","floor":25,"gold_loss":0},{"damage_healed":0,"gold_gain":99,"player_choice":"Stole From Cult","damage_taken":0,"max_hp_gain":0,"max_hp_loss":0,"event_name":"Nest","floor":31,"gold_loss":0},{"damage_healed":19,"gold_gain":0,"player_choice":"Writhe","damage_taken":0,"max_hp_gain":0,"max_hp_loss":0,"event_name":"Winding Halls","floor":36,"gold_loss":0,"cards_obtained":["Writhe"]},{"cards_removed":["Outmaneuver"],"damage_healed":0,"gold_gain":0,"player_choice":"Removed Skill","damage_taken":0,"max_hp_gain":0,"max_hp_loss":0,"event_name":"Falling","floor":39,"gold_loss":0},{"damage_healed":0,"gold_gain":0,"player_choice":"Paid","damage_taken":0,"relics_obtained":["Red Mask"],"max_hp_gain":0,"max_hp_loss":0,"event_name":"Tomb of Lord Red Mask","floor":45,"gold_loss":82},{"damage_healed":0,"gold_gain":0,"player_choice":"Upgraded","damage_taken":0,"max_hp_gain":0,"max_hp_loss":0,"event_name":"Upgrade Shrine","floor":46,"gold_loss":0,"cards_upgraded":["Blade Dance"]},{"damage_healed":0,"gold_gain":0,"player_choice":"Copied","damage_taken":0,"max_hp_gain":0,"max_hp_loss":0,"event_name":"Duplicator","floor":48,"gold_loss":0,"cards_obtained":["Mayhem"]}],"is_beta":false,"boss_relics":[{"not_picked":["Ring of the Serpent","Sozu"],"picked":"Cursed Key"},{"not_picked":["Tiny House","Orrery"],"picked":"WristBlade"}],"items_purged_floors":[19,21,30],"is_endless":false,"potions_floor_spawned":[1,7,8,10,18,29,33,47],"killed_by":"Awakened One","ascension_level":8}