{"gold_per_floor":[116,116,134,154,167,167,200,200,250,107,123,143,172,172,172,248,248,266,53,53,253,272,272,283,283,337,114,114,41,70,81,81,157,157,157,177,177,227],"floor_reached":38,"playtime":5250,"items_purged":["Strike_G"],"score":796,"play_id":"eafffb48-bc9f-452a-8290-ab6752ae5f2c","local_time":"20190501113217","is_ascension_mode":true,"campfire_choices":[{"floor":6,"key":"REST"},{"floor":8,"key":"REST"},{"floor":15,"key":"REST"},{"floor":23,"key":"REST"},{"data":"Choke","floor":25,"key":"SMITH"},{"data":"After Image","floor":32,"key":"SMITH"}],"neow_cost":"NONE","seed_source_timestamp":10853439522930,"circlet_count":0,"master_deck":["AscendersBane","Defend_G","Defend_G","Defend_G","Defend_G","Defend_G","Strike_G","Strike_G","Strike_G","Strike_G","Survivor","Neutralize","Tactician","Dagger Throw","Predator","Acrobatics","Dash","Predator+1","Sucker Punch+1","Choke+1","After Image+1","Choke","Bullet Time","Reflex","Well Laid Plans","Burst","Noxious Fumes","Sucker Punch","Acrobatics","Leg Sweep","Footwork","Riddle With Holes","Corpse Explosion","Flechettes","Footwork","Footwork","Leg Sweep","Adrenaline","Clumsy","Parasite","Shame","PiercingWail+1"],"relics":["Snecko Eye","Gremlin Horn","Dream Catcher","Odd Mushroom","Happy Flower","Darkstone Periapt","Eternal Feather","Enchiridion","Whetstone","Bottled Tornado","Calling Bell","PreservedInsect","Shuriken","Incense Burner","SsserpentHead"],"potions_floor_usage":[35],"damage_taken":[{"damage":12,"enemies":"2 Louse","floor":1,"turns":3},{"damage":4,"enemies":"Cultist","floor":3,"turns":6},{"damage":9,"enemies":"Small Slimes","floor":4,"turns":4},{"damage":0,"enemies":"Exordium Wildlife","floor":5,"turns":4},{"damage":17,"enemies":"Gremlin Nob","floor":7,"turns":4},{"damage":0,"enemies":"Exordium Thugs","floor":11,"turns":2},{"damage":7,"enemies":"The Mushroom Lair","floor":12,"turns":3},{"damage":25,"enemies":"3 Sentries","floor":13,"turns":6},{"damage":0,"enemies":"Slime Boss","floor":16,"turns":8},{"damage":15,"enemies":"2 Thieves","floor":18,"turns":4},{"damage":21,"enemies":"Shell Parasite","floor":22,"turns":4},{"damage":0,"enemies":"Cultist and Chosen","floor":24,"turns":6},{"damage":10,"enemies":"Gremlin Leader","floor":30,"turns":5},{"damage":8,"enemies":"Shelled Parasite and Fungi","floor":31,"turns":4},{"damage":64,"enemies":"Automaton","floor":33,"turns":8},{"damage":0,"enemies":"3 Darklings","floor":35,"turns":1},{"damage":8,"enemies":"3 Shapes","floor":36,"turns":3},{"damage":90,"enemies":"Transient","floor":38,"turns":5}],"seed_played":"2746416998425902572","potions_obtained":[{"floor":2,"key":"Ancient Potion"},{"floor":2,"key":"SmokeBomb"}],"is_trial":false,"path_per_floor":["M","?","M","M","M","R","E","R","T","$","M","?","E","T","R","B",null,"M","$","?","?","M","R","M","R","T","$","?","$","E","M","R","B",null,"M","M","?","M"],"character_chosen":"THE_SILENT","items_purchased":["Predator","Well Laid Plans","Burst","Leg Sweep","Footwork","Riddle With Holes","Footwork"],"campfire_rested":4,"item_purchase_floors":[10,19,19,27,27,27,29],"current_hp_per_floor":[51,51,47,38,38,59,42,63,63,63,63,56,31,31,52,52,66,51,51,35,35,14,50,50,65,65,65,65,65,55,47,68,4,72,72,64,64,0],"gold":227,"neow_bonus":"BOSS_RELIC","is_prod":false,"is_daily":false,"chose_seed":false,"campfire_upgraded":2,"win_rate":0,"timestamp":1556735537,"path_taken":["M","?","?","M","M","R","E","R","T","$","M","?","E","?","R","BOSS","M","$","?","?","?","R","M","R","T","$","?","?","E","M","R","BOSS","M","M","?","?"],"build_version":"2019-01-23","purchased_purges":1,"victory":false,"max_hp_per_floor":[70,70,70,70,70,70,70,70,70,70,70,70,70,70,70,70,70,70,70,70,70,70,70,70,70,70,70,70,70,70,70,70,70,88,88,88,88,88],"card_choices":[{"not_picked":["Flying Knee","Deflect"],"picked":"Tactician","floor":1},{"not_picked":["Deadly Poison","Acrobatics"],"picked":"Dagger Throw","floor":3},{"not_picked":["Calculated Gamble","Finisher"],"picked":"Predator","floor":4},{"not_picked":["PiercingWail","Cloak And Dagger"],"picked":"Acrobatics","floor":5},{"not_picked":["Infinite Blades","Caltrops"],"picked":"Dash","floor":7},{"not_picked":["Poisoned Stab","Deflect"],"picked":"Sucker Punch","floor":11},{"not_picked":["Sucker Punch","Flying Knee"],"picked":"Choke","floor":12},{"not_picked":["Concentrate","Dagger Throw"],"picked":"After Image","floor":13},{"not_picked":["Distraction","Flying Knee"],"picked":"Choke","floor":15},{"not_picked":["Night Terror","Burst"],"picked":"Bullet Time","floor":16},{"not_picked":["Accuracy","Deflect"],"picked":"Reflex","floor":18},{"not_picked":["Flechettes","Quick Slash+1"],"picked":"Noxious Fumes","floor":22},{"not_picked":["Dagger Spray","Dodge and Roll"],"picked":"Sucker Punch","floor":23},{"not_picked":["Quick Slash","Backflip"],"picked":"Acrobatics","floor":24},{"not_picked":["Quick Slash","Caltrops"],"picked":"Footwork","floor":30},{"not_picked":["Underhanded Strike","Cloak And Dagger"],"picked":"Leg Sweep","floor":31},{"not_picked":["Malaise","A Thousand Cuts"],"picked":"Adrenaline","floor":33},{"not_picked":["Dodge and Roll","Setup+1"],"picked":"PiercingWail+1","floor":36}],"player_experience":1529827,"relics_obtained":[{"floor":7,"key":"Gremlin Horn"},{"floor":9,"key":"Dream Catcher"},{"floor":12,"key":"Odd Mushroom"},{"floor":13,"key":"Happy Flower"},{"floor":14,"key":"Darkstone Periapt"},{"floor":20,"key":"Enchiridion"},{"floor":26,"key":"Whetstone"},{"floor":30,"key":"Bottled Tornado"},{"floor":34,"key":"PreservedInsect"},{"floor":34,"key":"Shuriken"},{"floor":34,"key":"Incense Burner"}],"event_choices":[{"damage_healed":0,"gold_gain":0,"player_choice":"Got Potions","damage_taken":0,"max_hp_gain":0,"max_hp_loss":0,"event_name":"Lab","floor":2,"gold_loss":0},{"damage_healed":0,"gold_gain":0,"player_choice":"Fought Mushrooms","damage_taken":0,"max_hp_gain":0,"max_hp_loss":0,"event_name":"Mushrooms","floor":12,"gold_loss":0},{"damage_healed":0,"gold_gain":0,"player_choice":"Obtained Book","damage_taken":16,"max_hp_gain":0,"max_hp_loss":0,"event_name":"Cursed Tome","floor":20,"gold_loss":0},{"damage_healed":0,"gold_gain":200,"player_choice":"Gold","damage_taken":0,"max_hp_gain":0,"max_hp_loss":0,"event_name":"Wheel of Change","floor":21,"gold_loss":0},{"damage_healed":0,"gold_gain":0,"player_choice":"2 cards matched","damage_taken":0,"max_hp_gain":0,"max_hp_loss":0,"event_name":"Match and Keep!","floor":28,"gold_loss":0,"cards_obtained":["Corpse Explosion","Flechettes"]},{"damage_healed":0,"gold_gain":0,"player_choice":"Trade","damage_taken":0,"relics_obtained":["SsserpentHead"],"max_hp_gain":0,"max_hp_loss":0,"event_name":"FaceTrader","floor":37,"gold_loss":0}],"is_beta":false,"boss_relics":[{"not_picked":["Velvet Choker","Lizard Tail"],"picked":"Eternal Feather"},{"not_picked":["Empty Cage","Runic Pyramid"],"picked":"Calling Bell"}],"items_purged_floors":[10],"is_endless":false,"potions_floor_spawned":[5,11,12,16,22,31],"killed_by":"Transient","ascension_level":13}