{"gold_per_floor":[112,123,139,150,170,170,120,120,144,144,144,144,176,176,176,277,277,288,213,213,62,161,161,181,209,209,209,227,327,327,340,340,441,441,459,146,158,258,258,258,284,303,303,303,329,54,54,71,71,71],"floor_reached":51,"playtime":5874,"items_purged":["Defend_G","Strike_G","Defend_G"],"score":885,"play_id":"2e7ecc90-a6e1-48ac-a4c3-7d4db00055c8","local_time":"20190514211045","is_ascension_mode":true,"campfire_choices":[{"data":"Cloak And Dagger","floor":6.0,"key":"SMITH"},{"data":"Tools of the Trade","floor":8.0,"key":"SMITH"},{"data":"Blade Dance","floor":10.0,"key":"SMITH"},{"data":"Backflip","floor":12.0,"key":"SMITH"},{"floor":15.0,"key":"REST"},{"floor":23.0,"key":"REST"},{"data":"Night Terror","floor":27.0,"key":"SMITH"},{"data":"Infinite Blades","floor":32.0,"key":"SMITH"},{"floor":40.0,"key":"DIG"},{"floor":47,"key":"DIG"},{"floor":49,"key":"DIG"}],"neow_cost":"NONE","seed_source_timestamp":0,"circlet_count":0,"master_deck":["Defend_G+1","Defend_G+1","Strike_G","Strike_G","Survivor","Neutralize+1","Quick Slash","Cloak And Dagger+1","Tools of the Trade+1","Blade Dance+1","Backflip+1","Grand Finale","Night Terror+1","Infinite Blades+1","Glass Knife","Well Laid Plans"],"special_seed":0,"relics":["Ring of the Snake","Omamori","Bag of Preparation","Busted Crown","Boot","Blue Candle","Turnip","Mummified Hand","Smiling Mask","Fusion Hammer","Shuriken","Shovel","Dead Branch","Happy Flower","Incense Burner","Bag of Marbles","Oddly Smooth Stone","Thread and Needle","Mercury Hourglass"],"potions_floor_usage":[48,50],"damage_taken":[{"damage":0.0,"enemies":"Cultist","floor":1.0,"turns":4.0},{"damage":0.0,"enemies":"Jaw Worm","floor":2.0,"turns":4.0},{"damage":1.0,"enemies":"Small Slimes","floor":3.0,"turns":4.0},{"damage":3.0,"enemies":"Looter","floor":4.0,"turns":4.0},{"damage":0.0,"enemies":"Exordium Wildlife","floor":5.0,"turns":4.0},{"damage":8.0,"enemies":"Lagavulin","floor":13.0,"turns":9.0},{"damage":5.0,"enemies":"The Guardian","floor":16.0,"turns":8.0},{"damage":1.0,"enemies":"Shell Parasite","floor":18.0,"turns":6.0},{"damage":0.0,"enemies":"Spheric Guardian","floor":24.0,"turns":2.0},{"damage":0.0,"enemies":"Book of Stabbing","floor":25.0,"turns":4.0},{"damage":4.0,"enemies":"Snake Plant","floor":28.0,"turns":3.0},{"damage":2.0,"enemies":"Colosseum Slavers","floor":29.0,"turns":2.0},{"damage":4.0,"enemies":"Colosseum Nobs","floor":29.0,"turns":3.0},{"damage":0.0,"enemies":"Snecko","floor":31.0,"turns":2.0},{"damage":10.0,"enemies":"Champ","floor":33.0,"turns":9.0},{"damage":12.0,"enemies":"3 Darklings","floor":35.0,"turns":3.0},{"damage":2.0,"enemies":"3 Shapes","floor":37.0,"turns":2.0},{"damage":0.0,"enemies":"Mind Bloom Boss Battle","floor":38.0,"turns":3.0},{"damage":0.0,"enemies":"Transient","floor":42.0,"turns":5.0},{"damage":0,"enemies":"Giant Head","floor":45,"turns":4},{"damage":0,"enemies":"3 Darklings","floor":48,"turns":2},{"damage":1,"enemies":"Time Eater","floor":50,"turns":5}],"seed_played":"7233790346090776163","potions_obtained":[{"floor":2.0,"key":"Explosive Potion"},{"floor":3.0,"key":"SpeedPotion"},{"floor":4.0,"key":"GamblersBrew"},{"floor":28.0,"key":"Weak Potion"},{"floor":29.0,"key":"EssenceOfSteel"},{"floor":33.0,"key":"Swift Potion"},{"floor":35.0,"key":"GhostInAJar"},{"floor":37.0,"key":"SteroidPotion"},{"floor":48,"key":"Ancient Potion"}],"is_trial":false,"path_per_floor":["M","M","M","M","M","R","?","R","T","R","?","R","E","?","R","B",null,"M","?","?","$","?","R","M","E","T","R","M","?","?","M","R","B",null,"M","$","M","?","?","R","T","M","T","?","E","$","R","M","R","B",null],"character_chosen":"THE_SILENT","items_purchased":["Infinite Blades","Shuriken","Quick Slash","Well Laid Plans","Oddly Smooth Stone"],"campfire_rested":2,"item_purchase_floors":[21,36,36,46,46],"current_hp_per_floor":[70,70,69,66,66,66,66,66,66,66,52,52,44,37,58,53,70,69,69,56,56,56,75,75,75,75,75,71,65,65,65,65,55,75,63,63,61,61,75,75,75,75,75,75,75,75,75,75,75,74],"gold":71,"neow_bonus":"UPGRADE_CARD","is_prod":false,"is_daily":false,"chose_seed":false,"campfire_upgraded":6,"win_rate":0,"timestamp":1557861045,"path_taken":["M","?","M","M","M","R","?","R","T","R","?","R","E","?","R","BOSS","M","?","?","$","?","R","?","E","T","R","?","?","?","M","R","BOSS","M","$","M","?","?","R","?","M","T","?","E","$","R","M","R","BOSS"],"build_version":"2019-01-23","purchased_purges":3,"victory":true,"max_hp_per_floor":[70,70,70,70,70,70,70,70,70,70,70,70,70,70,70,70,70,70,70,75,75,75,75,75,75,75,75,75,75,75,75,75,75,75,75,75,75,75,75,75,75,75,75,75,75,75,75,75,75,75],"card_choices":[{"not_picked":["Flying Knee","Calculated Gamble"],"picked":"Quick Slash","floor":1.0},{"not_picked":["Dagger Throw","Outmaneuver"],"picked":"Cloak And Dagger","floor":2.0},{"not_picked":["Dodge and Roll","Cloak And Dagger"],"picked":"Tools of the Trade","floor":3.0},{"not_picked":["Sucker Punch","Underhanded Strike"],"picked":"Blade Dance","floor":4.0},{"not_picked":["Bouncing Flask","Eviscerate"],"picked":"Backflip","floor":5.0},{"not_picked":["Underhanded Strike","Quick Slash"],"picked":"Grand Finale","floor":13.0},{"not_picked":["Tools of the Trade","Glass Knife"],"picked":"Night Terror","floor":16.0},{"not_picked":["Flying Knee"],"picked":"SKIP","floor":18.0},{"not_picked":["Blade Dance"],"picked":"SKIP","floor":24.0},{"not_picked":["Poisoned Stab"],"picked":"SKIP","floor":25.0},{"not_picked":["Acrobatics+1"],"picked":"SKIP","floor":28.0},{"not_picked":["Flying Knee+1"],"picked":"SKIP","floor":31.0},{"not_picked":[],"picked":"Glass Knife","floor":33.0},{"not_picked":["Flying Knee"],"picked":"SKIP","floor":35.0},{"not_picked":["Dagger Spray+1"],"picked":"SKIP","floor":37.0},{"not_picked":["All Out Attack"],"picked":"SKIP","floor":42},{"not_picked":["Poisoned Stab"],"picked":"SKIP","floor":45},{"not_picked":["Prepared"],"picked":"SKIP","floor":48}],"player_experience":161347,"relics_obtained":[{"floor":9.0,"key":"Omamori"},{"floor":13.0,"key":"Bag of Preparation"},{"floor":25.0,"key":"Boot"},{"floor":26.0,"key":"Blue Candle"},{"floor":29.0,"key":"Turnip"},{"floor":29.0,"key":"Mummified Hand"},{"floor":38.0,"key":"Shovel"},{"floor":40.0,"key":"Dead Branch"},{"floor":41.0,"key":"Happy Flower"},{"floor":43,"key":"Incense Burner"},{"floor":45,"key":"Bag of Marbles"},{"floor":47,"key":"Thread and Needle"},{"floor":49,"key":"Mercury Hourglass"}],"event_choices":[{"cards_removed":["Strike_G"],"damage_healed":0.0,"max_hp_gain":0.0,"max_hp_loss":0.0,"gold_gain":0.0,"event_name":"The Cleric","player_choice":"Card Removal","floor":7.0,"gold_loss":50.0,"damage_taken":0.0},{"damage_healed":0.0,"max_hp_gain":0.0,"max_hp_loss":0.0,"gold_gain":0.0,"event_name":"Shining Light","player_choice":"Entered Light","floor":11.0,"gold_loss":0.0,"damage_taken":14.0,"cards_upgraded":["Defend_G","Defend_G"]},{"cards_removed":["Defend_G"],"damage_healed":0.0,"max_hp_gain":0.0,"max_hp_loss":0.0,"gold_gain":0.0,"event_name":"Golden Wing","player_choice":"Card Removal","floor":14.0,"gold_loss":0.0,"damage_taken":7.0},{"cards_removed":["Strike_G"],"damage_healed":0.0,"max_hp_gain":0.0,"max_hp_loss":0.0,"gold_gain":0.0,"event_name":"Beggar","player_choice":"Gave Gold","floor":19.0,"gold_loss":75.0,"damage_taken":0.0},{"damage_healed":0.0,"max_hp_gain":5.0,"max_hp_loss":0.0,"gold_gain":0.0,"event_name":"Forgotten Altar","player_choice":"Shed Blood","floor":20.0,"gold_loss":0.0,"damage_taken":18.0},{"damage_healed":0.0,"max_hp_gain":0.0,"max_hp_loss":0.0,"gold_gain":99.0,"event_name":"Nest","player_choice":"Stole From Cult","floor":22.0,"gold_loss":0.0,"damage_taken":0.0},{"damage_healed":0.0,"max_hp_gain":0.0,"max_hp_loss":0.0,"gold_gain":0.0,"event_name":"Colosseum","player_choice":"Fight","floor":29.0,"gold_loss":0.0,"damage_taken":0.0},{"damage_healed":0.0,"max_hp_gain":0.0,"max_hp_loss":0.0,"gold_gain":0.0,"event_name":"Colosseum","player_choice":"Fought Nobs","floor":29.0,"gold_loss":0.0,"damage_taken":0.0},{"damage_healed":0.0,"max_hp_gain":0.0,"max_hp_loss":0.0,"gold_gain":0.0,"event_name":"Addict","player_choice":"Stole Relic","floor":30.0,"gold_loss":0.0,"damage_taken":0.0,"relics_obtained":["Smiling Mask"],"cards_obtained":["Shame"]},{"damage_healed":0.0,"max_hp_gain":0.0,"max_hp_loss":0.0,"gold_gain":0.0,"event_name":"MindBloom","player_choice":"Fight","floor":38.0,"gold_loss":0.0,"damage_taken":0.0},{"damage_healed":19.0,"max_hp_gain":0.0,"max_hp_loss":0.0,"gold_gain":0.0,"event_name":"Winding Halls","player_choice":"Writhe","floor":39.0,"gold_loss":0.0,"damage_taken":0.0,"cards_obtained":["Writhe"]},{"cards_removed":["Quick Slash"],"damage_healed":0,"gold_gain":0,"player_choice":"Removed Attack","damage_taken":0,"max_hp_gain":0,"max_hp_loss":0,"event_name":"Falling","floor":44,"gold_loss":0}],"is_beta":false,"boss_relics":[{"not_picked":["Velvet Choker","Snecko Eye"],"picked":"Busted Crown"},{"not_picked":["Lizard Tail","Pandora\u0027s Box"],"picked":"Fusion Hammer"}],"items_purged_floors":[21,36,46],"is_endless":false,"potions_floor_spawned":[2,3,4,28,29,29,31,33,35,37,38,48],"ascension_level":2}