{"gold_per_floor":[112,17,30,130,147,147,162,197,197,197,217,228,262,272,272,376,376,386,400,28,28,42,69,69,86,86,105,125,125,143,172,172,276,276,290,306,651,651,668,668,686,686,686,686,700,714,714,730,730,730],"floor_reached":51,"playtime":10103,"items_purged":["Strike_B"],"score":757,"play_id":"62bc709b-a792-4158-9440-a8b310040e90","local_time":"20190509222213","is_ascension_mode":false,"campfire_choices":[{"data":"Sweeping Beam","floor":6,"key":"SMITH"},{"data":"Consume","floor":10,"key":"SMITH"},{"data":"Defragment","floor":15,"key":"SMITH"},{"data":"Biased Cognition","floor":24,"key":"SMITH"},{"floor":32,"key":"REST"},{"data":"Loop","floor":40,"key":"SMITH"},{"data":"Machine Learning","floor":42,"key":"SMITH"},{"data":"Buffer","floor":44,"key":"SMITH"},{"floor":49,"key":"REST"}],"neow_cost":"NONE","seed_source_timestamp":670656308009280,"circlet_count":0,"master_deck":["Strike_B","Strike_B","Strike_B","Defend_B","Defend_B","Defend_B","Defend_B","Zap","Dualcast","Amplify","Sweeping Beam+1","Steam","Steam","Cold Snap","Consume+1","Defragment+1","Ball Lightning","Chill+1","Leap+1","Rainbow+1","Machine Learning+1","Compile Driver","Go for the Eyes+1","Ball Lightning","Tempest+1","Hologram+1","Biased Cognition+1","Compile Driver","Seek+1","Clumsy","Steam+1","Capacitor","Beam Cell","Buffer+1","Skim+1","Consume+1","Loop+1","Impatience+1","Defragment+1","Aggregate+1","Decay","Hologram+1","Dark Shackles+1"],"relics":["Cracked Core","Ornamental Fan","Toxic Egg 2","Blue Candle","Cursed Key","Blood Vial","Shuriken","CultistMask","Bag of Preparation","Inserter","Old Coin","Ginger"],"potions_floor_usage":[8,23,31,50,50,50,50],"damage_taken":[{"damage":6,"enemies":"Jaw Worm","floor":1,"turns":3},{"damage":6,"enemies":"Cultist","floor":3,"turns":4},{"damage":2,"enemies":"Small Slimes","floor":5,"turns":3},{"damage":1,"enemies":"Exordium Thugs","floor":7,"turns":4},{"damage":0,"enemies":"Gremlin Nob","floor":8,"turns":5},{"damage":0,"enemies":"Exordium Wildlife","floor":11,"turns":4},{"damage":5,"enemies":"2 Fungi Beasts","floor":12,"turns":3},{"damage":0,"enemies":"3 Sentries","floor":13,"turns":6},{"damage":0,"enemies":"3 Louse","floor":14,"turns":4},{"damage":20,"enemies":"Slime Boss","floor":16,"turns":10},{"damage":2,"enemies":"2 Thieves","floor":18,"turns":4},{"damage":2,"enemies":"Spheric Guardian","floor":19,"turns":4},{"damage":13,"enemies":"Snake Plant","floor":22,"turns":4},{"damage":6,"enemies":"Gremlin Leader","floor":23,"turns":5},{"damage":0,"enemies":"Shelled Parasite and Fungi","floor":25,"turns":3},{"damage":9,"enemies":"3 Cultists","floor":27,"turns":5},{"damage":3,"enemies":"Snake Plant","floor":28,"turns":3},{"damage":0,"enemies":"Centurion and Healer","floor":30,"turns":7},{"damage":1,"enemies":"Slavers","floor":31,"turns":6},{"damage":30,"enemies":"Champ","floor":33,"turns":11},{"damage":5,"enemies":"3 Darklings","floor":35,"turns":5},{"damage":4,"enemies":"Orb Walker","floor":36,"turns":4},{"damage":0,"enemies":"2 Orb Walkers","floor":37,"turns":5},{"damage":12,"enemies":"3 Darklings","floor":39,"turns":5},{"damage":7,"enemies":"Spire Growth","floor":41,"turns":5},{"damage":21,"enemies":"Transient","floor":45,"turns":5},{"damage":0,"enemies":"Maw","floor":46,"turns":6},{"damage":2,"enemies":"Sphere and 2 Shapes","floor":48,"turns":6},{"damage":4,"enemies":"Awakened One","floor":50,"turns":11}],"seed_played":"7577880604089724498","potions_obtained":[{"floor":5,"key":"SkillPotion"},{"floor":7,"key":"PowerPotion"},{"floor":14,"key":"PowerPotion"},{"floor":16,"key":"Weak Potion"},{"floor":25,"key":"SpeedPotion"},{"floor":31,"key":"FairyPotion"},{"floor":37,"key":"EntropicBrew"}],"is_trial":false,"path_per_floor":["M","$","M","?","M","R","M","E","T","R","M","M","E","M","R","B",null,"M","M","$","?","M","E","R","M","T","M","M","?","M","E","R","B",null,"M","M","?","?","M","R","M","R","T","R","M","M","?","M","R","B",null],"character_chosen":"DEFECT","items_purchased":["Weak Potion","Steam","Ball Lightning","Tempest+1","Hologram+1","Biased Cognition"],"campfire_rested":2,"item_purchase_floors":[2,2,20,20,20,20],"current_hp_per_floor":[69,69,63,63,61,61,60,60,60,60,60,55,55,55,55,35,75,73,71,71,71,58,52,52,54,54,47,46,46,48,49,71,43,75,70,68,70,70,60,60,55,55,55,55,36,38,38,38,60,72],"gold":730,"neow_bonus":"ONE_RANDOM_RARE_CARD","is_prod":false,"is_daily":false,"chose_seed":false,"campfire_upgraded":7,"win_rate":0.0,"timestamp":1557454933,"path_taken":["M","$","M","?","M","R","M","E","T","R","M","M","E","M","R","BOSS","M","M","$","?","M","E","R","?","T","M","M","?","?","E","R","BOSS","M","M","?","?","?","R","M","R","T","R","M","M","?","M","R","BOSS"],"build_version":"2019-01-23","purchased_purges":1,"victory":true,"max_hp_per_floor":[75,75,75,75,75,75,75,75,75,75,75,75,75,75,75,75,75,75,75,75,75,75,75,75,75,75,75,75,75,75,75,75,75,75,75,75,75,75,75,75,75,75,75,75,75,75,75,75,75,75],"card_choices":[{"not_picked":["Stack","Gash"],"picked":"Sweeping Beam","floor":1},{"not_picked":["Coolheaded","Leap"],"picked":"Steam","floor":3},{"not_picked":["Redo","Fusion"],"picked":"Cold Snap","floor":5},{"not_picked":["Beam Cell","Go for the Eyes"],"picked":"Consume","floor":7},{"not_picked":["Cold Snap","Reinforced Body"],"picked":"Defragment","floor":8},{"not_picked":["Compile Driver","Cold Snap"],"picked":"Ball Lightning","floor":11},{"not_picked":["Lockon","Consume+1"],"picked":"Chill+1","floor":12},{"not_picked":["Rip and Tear","Barrage"],"picked":"Leap+1","floor":13},{"not_picked":["Beam Cell","Chaos+1"],"picked":"Rainbow+1","floor":14},{"not_picked":["Creative AI","Reboot+1"],"picked":"Machine Learning","floor":16},{"not_picked":["Sweeping Beam","Force Field+1"],"picked":"Compile Driver","floor":18},{"not_picked":["Beam Cell","Sweeping Beam"],"picked":"Go for the Eyes","floor":19},{"not_picked":["Rainbow+1","Heatsinks"],"picked":"Compile Driver","floor":22},{"not_picked":["Reprogram+1","Leap+1"],"picked":"Seek+1","floor":23},{"not_picked":["Rip and Tear","Stack+1","Aggregate+1"],"picked":"SKIP","floor":25},{"not_picked":["White Noise+1","Static Discharge","Blizzard+1"],"picked":"SKIP","floor":27},{"not_picked":["Steam Power+1","Rip and Tear"],"picked":"Steam+1","floor":28},{"not_picked":["Reprogram+1","Coolheaded+1"],"picked":"Capacitor","floor":30},{"not_picked":["Aggregate+1","Ball Lightning"],"picked":"Beam Cell","floor":31},{"not_picked":["Machine Learning","Amplify+1"],"picked":"Buffer","floor":33},{"not_picked":["Steam Power+1","Conserve Battery+1"],"picked":"Skim+1","floor":35},{"not_picked":["Steam+1","Gash+1"],"picked":"Consume+1","floor":36},{"not_picked":["Glacier+1","Ball Lightning"],"picked":"Loop","floor":37},{"not_picked":["Redo+1","Steam Power+1"],"picked":"Defragment+1","floor":39},{"not_picked":["Redo+1","Tempest+1"],"picked":"Aggregate+1","floor":41},{"not_picked":["Sweeping Beam","Steam+1"],"picked":"Hologram+1","floor":45},{"not_picked":["Go for the Eyes+1","Beam Cell","Creative AI"],"picked":"SKIP","floor":46},{"not_picked":["Deep Breath+1","Panache"],"picked":"Dark Shackles+1","floor":47},{"not_picked":["BootSequence+1","Force Field+1","Streamline"],"picked":"SKIP","floor":48}],"player_experience":160678,"relics_obtained":[{"floor":8,"key":"Ornamental Fan"},{"floor":9,"key":"Toxic Egg 2"},{"floor":13,"key":"Blue Candle"},{"floor":23,"key":"Blood Vial"},{"floor":26,"key":"Shuriken"},{"floor":31,"key":"Bag of Preparation"},{"floor":37,"key":"Old Coin"},{"floor":43,"key":"Ginger"}],"event_choices":[{"damage_healed":0,"gold_gain":100,"player_choice":"Pray","damage_taken":0,"max_hp_gain":0,"max_hp_loss":0,"event_name":"Golden Shrine","floor":4,"gold_loss":0},{"damage_healed":0,"gold_gain":0,"player_choice":"Upgraded","damage_taken":0,"max_hp_gain":0,"max_hp_loss":0,"event_name":"Upgrade Shrine","floor":21,"gold_loss":0,"cards_upgraded":["Go for the Eyes"]},{"damage_healed":0,"gold_gain":0,"player_choice":"Trade","damage_taken":0,"relics_obtained":["CultistMask"],"max_hp_gain":0,"max_hp_loss":0,"event_name":"FaceTrader","floor":29,"gold_loss":0},{"damage_healed":0,"gold_gain":0,"player_choice":"Fight","damage_taken":0,"max_hp_gain":0,"max_hp_loss":0,"event_name":"Mysterious Sphere","floor":37,"gold_loss":0},{"damage_healed":0,"gold_gain":0,"player_choice":"1 cards matched","damage_taken":0,"max_hp_gain":0,"max_hp_loss":0,"event_name":"Match and Keep!","floor":38,"gold_loss":0,"cards_obtained":["Impatience"]},{"damage_healed":0,"gold_gain":0,"player_choice":"Memory 1","damage_taken":0,"max_hp_gain":0,"max_hp_loss":0,"event_name":"SensoryStone","floor":47,"gold_loss":0}],"is_beta":false,"boss_relics":[{"not_picked":["Nuclear Battery","Sozu"],"picked":"Cursed Key"},{"not_picked":["Eternal Feather","Lizard Tail"],"picked":"Inserter"}],"items_purged_floors":[20],"is_endless":false,"potions_floor_spawned":[5,7,14,16,22,25,30,31,37,39,41,45,48],"ascension_level":0}