{"gold_per_floor":[216,226,66,83,83,83,118,118,199,106,134,134,145,157,157,230,230,246,30,30,30,47,47,74,74,74,74,91,103,53,53],"floor_reached":31,"playtime":2953,"items_purged":["Strike_B","Writhe","Strike_B","Strike_B"],"score":526,"play_id":"097b6cec-58d0-49a8-bc30-4c07f658170a","local_time":"20190501181005","is_ascension_mode":true,"campfire_choices":[{"data":"Zap","floor":6.0,"key":"SMITH"},{"data":"Streamline","floor":8.0,"key":"SMITH"},{"floor":12.0,"key":"REST"},{"floor":15,"key":"REST"},{"floor":23,"key":"REST"},{"data":"Defragment","floor":25,"key":"SMITH"},{"floor":27,"key":"REST"}],"neow_cost":"NONE","seed_source_timestamp":387818068894996,"circlet_count":0,"master_deck":["AscendersBane","Strike_B","Defend_B","Defend_B","Defend_B","Defend_B","Zap+1","Dualcast","Genetic Algorithm","Conserve Battery","Self Repair","Streamline+1","White Noise","Defragment","Defragment+1","BootSequence","Coolheaded","Core Surge","Static Discharge","Loop","Chaos","Genetic Algorithm","Cold Snap","Stack"],"special_seed":0,"relics":["Cracked Core","Smiling Mask","Tiny Chest","Dead Branch","Inserter","Ancient Tea Set","Incense Burner","Blood Vial"],"potions_floor_usage":[16,16,24,28],"damage_taken":[{"damage":2.0,"enemies":"Jaw Worm","floor":1.0,"turns":3.0},{"damage":5.0,"enemies":"Cultist","floor":2.0,"turns":4.0},{"damage":0.0,"enemies":"Small Slimes","floor":4.0,"turns":3.0},{"damage":32.0,"enemies":"Gremlin Nob","floor":7.0,"turns":4.0},{"damage":28.0,"enemies":"3 Sentries","floor":11.0,"turns":8.0},{"damage":30,"enemies":"Exordium Thugs","floor":13,"turns":4},{"damage":5,"enemies":"Large Slime","floor":14,"turns":6},{"damage":24,"enemies":"Slime Boss","floor":16,"turns":9},{"damage":20,"enemies":"Chosen","floor":18,"turns":5},{"damage":7,"enemies":"Spheric Guardian","floor":22,"turns":6},{"damage":45,"enemies":"Slavers","floor":24,"turns":5},{"damage":23,"enemies":"3 Cultists","floor":28,"turns":4},{"damage":18,"enemies":"Shelled Parasite and Fungi","floor":29,"turns":9},{"damage":17,"enemies":"Snake Plant","floor":31,"turns":3}],"seed_played":"-732730359680407925","potions_obtained":[{"floor":1.0,"key":"FearPotion"},{"floor":11.0,"key":"Strength Potion"},{"floor":14,"key":"SkillPotion"},{"floor":22,"key":"FocusPotion"},{"floor":24,"key":"SkillPotion"}],"is_trial":false,"path_per_floor":["M","M","$","M","?","R","E","R","T","$","E","R","M","M","R","B",null,"M","$","?","$","M","R","E","R","T","R","M","M","$","M"],"character_chosen":"DEFECT","items_purchased":["Self Repair","Defragment","Ancient Tea Set"],"campfire_rested":4,"item_purchase_floors":[3,10,19],"current_hp_per_floor":[62,57,57,57,57,57,32,32,32,32,11,32,9,11,32,15,57,44,44,44,44,37,58,20,20,20,41,20,11,11,0],"gold":53,"neow_bonus":"HUNDRED_GOLD","is_prod":false,"is_daily":false,"chose_seed":false,"campfire_upgraded":3,"win_rate":0,"timestamp":1556748605,"path_taken":["M","M","$","M","?","R","E","R","T","$","E","R","?","M","R","BOSS","M","$","?","?","M","R","E","R","T","R","M","M","$","M"],"build_version":"2019-01-23","purchased_purges":4,"victory":false,"max_hp_per_floor":[71,71,71,71,71,71,71,71,71,71,71,71,71,71,71,71,71,71,71,71,71,71,71,71,71,71,71,71,71,71,71],"card_choices":[{"not_picked":["Gash","Compile Driver"],"picked":"Genetic Algorithm","floor":1.0},{"not_picked":["Hologram","Hello World"],"picked":"Conserve Battery","floor":2.0},{"not_picked":["Recycle","Barrage"],"picked":"Streamline","floor":4.0},{"not_picked":["Beam Cell","FTL"],"picked":"White Noise","floor":7.0},{"not_picked":["Go for the Eyes","Barrage"],"picked":"Defragment","floor":11.0},{"not_picked":["Redo","Streamline"],"picked":"BootSequence","floor":13},{"not_picked":["Chill","Double Energy"],"picked":"Coolheaded","floor":14},{"not_picked":["Rainbow","Amplify"],"picked":"Core Surge","floor":16},{"not_picked":["Self Repair","Reinforced Body"],"picked":"Static Discharge","floor":18},{"not_picked":["Gash","Steam"],"picked":"Chaos","floor":22},{"not_picked":["Tempest","Barrage"],"picked":"Genetic Algorithm","floor":24},{"not_picked":["Barrage","Go for the Eyes"],"picked":"Cold Snap","floor":28},{"not_picked":["Go for the Eyes+1","Cold Snap"],"picked":"Stack","floor":29}],"player_experience":803021,"relics_obtained":[{"floor":7.0,"key":"Smiling Mask"},{"floor":9.0,"key":"Tiny Chest"},{"floor":11.0,"key":"Dead Branch"},{"floor":24,"key":"Incense Burner"},{"floor":26,"key":"Blood Vial"}],"event_choices":[{"damage_healed":0.0,"max_hp_gain":0.0,"max_hp_loss":0.0,"gold_gain":0.0,"event_name":"Match and Keep!","player_choice":"1 cards matched","floor":5.0,"gold_loss":0.0,"damage_taken":0.0,"cards_obtained":["Writhe"]},{"damage_healed":0.0,"max_hp_gain":0.0,"max_hp_loss":0.0,"gold_gain":0.0,"event_name":"Match and Keep!","player_choice":"1 cards matched","floor":5.0,"gold_loss":0.0,"damage_taken":0.0,"cards_obtained":["Writhe"]},{"damage_healed":0,"gold_gain":0,"player_choice":"1 cards matched","damage_taken":0,"max_hp_gain":0,"max_hp_loss":0,"event_name":"Match and Keep!","floor":20,"gold_loss":0,"cards_obtained":["Loop"]}],"is_beta":false,"boss_relics":[{"not_picked":["Cursed Key","FrozenCore"],"picked":"Inserter"}],"items_purged_floors":[3,10,19,30],"is_endless":false,"potions_floor_spawned":[1,11,14,22,24],"killed_by":"Snake Plant","ascension_level":20}