{"gold_per_floor":[114,74,74,74,85,120,120,149,149,149,178,193,210,223,223,328,328,341,354,364,29,29,29,64,76,76,76],"floor_reached":27,"playtime":1156,"items_purged":["Strike_R"],"score":361,"play_id":"f91e4e86-dd59-45aa-9f70-208cf253ce9d","local_time":"20190426145349","is_ascension_mode":true,"campfire_choices":[{"data":"Rampage","floor":7,"key":"SMITH"},{"data":"Armaments","floor":10,"key":"SMITH"},{"data":"Juggernaut","floor":15,"key":"SMITH"},{"data":"Limit Break","floor":23,"key":"SMITH"}],"neow_cost":"NONE","seed_source_timestamp":1318012041471000,"circlet_count":0,"master_deck":["Strike_R","Strike_R","Strike_R","Defend_R","Defend_R","Defend_R","Defend_R","Bash","Clothesline","Metallicize","Rampage+1","Armaments+1","Seeing Red","Thunderclap","Juggernaut+1","Battle Trance","Dropkick","Immolate","Inflame","Uppercut+1","Limit Break+1","Rupture","Heavy Blade","J.A.X.","Disarm"],"relics":["Burning Blood","NeowsBlessing","Incense Burner","Centennial Puzzle","Calipers","Dodecahedron","Sozu","Regal Pillow","Pantograph"],"potions_floor_usage":[16,19,27,27],"damage_taken":[{"damage":0,"enemies":"Jaw Worm","floor":1,"turns":1},{"damage":0,"enemies":"Cultist","floor":5,"turns":1},{"damage":0,"enemies":"Lagavulin","floor":6,"turns":1},{"damage":30,"enemies":"Gremlin Nob","floor":8,"turns":6},{"damage":24,"enemies":"3 Sentries","floor":11,"turns":9},{"damage":0,"enemies":"Small Slimes","floor":12,"turns":2},{"damage":1,"enemies":"Blue Slaver","floor":13,"turns":3},{"damage":8,"enemies":"2 Fungi Beasts","floor":14,"turns":4},{"damage":29,"enemies":"Slime Boss","floor":16,"turns":9},{"damage":19,"enemies":"2 Thieves","floor":18,"turns":4},{"damage":18,"enemies":"Spheric Guardian","floor":19,"turns":4},{"damage":21,"enemies":"Snecko","floor":20,"turns":4},{"damage":9,"enemies":"Book of Stabbing","floor":24,"turns":5},{"damage":16,"enemies":"Centurion and Healer","floor":25,"turns":4},{"damage":40,"enemies":"Chosen and Byrds","floor":27,"turns":4}],"seed_played":"-1045402593877755244","potions_obtained":[{"floor":5,"key":"Fire Potion"},{"floor":12,"key":"Regen Potion"},{"floor":13,"key":"Weak Potion"},{"floor":16,"key":"Regen Potion"}],"is_trial":false,"path_per_floor":["M","$","?","$","M","E","R","E","T","R","E","M","M","M","R","B",null,"M","M","M","$","?","R","E","M","T","M"],"character_chosen":"IRONCLAD","items_purchased":["Metallicize","Limit Break","Rupture","Heavy Blade"],"campfire_rested":0,"item_purchase_floors":[2,21,21,21],"current_hp_per_floor":[78,78,78,78,80,80,80,56,56,56,38,44,49,47,47,24,66,53,41,26,26,26,26,23,13,13,0],"gold":76,"neow_bonus":"THREE_ENEMY_KILL","is_prod":false,"is_daily":false,"chose_seed":false,"campfire_upgraded":4,"win_rate":0,"timestamp":1556315629,"path_taken":["M","$","?","$","?","E","R","E","T","R","E","M","M","M","R","BOSS","M","M","M","$","?","R","E","M","T","M"],"build_version":"2019-01-23","purchased_purges":1,"victory":false,"max_hp_per_floor":[80,80,80,80,80,80,80,80,80,80,80,80,80,80,80,80,80,80,80,80,80,80,80,80,80,80,80],"card_choices":[{"not_picked":["Armaments","Headbutt"],"picked":"Clothesline","floor":1},{"not_picked":["Clothesline","Pommel Strike"],"picked":"Armaments","floor":5},{"not_picked":["Evolve","Wild Strike"],"picked":"Seeing Red","floor":6},{"not_picked":["Rampage","Dual Wield"],"picked":"Thunderclap","floor":8},{"not_picked":["Perfected Strike","Havoc"],"picked":"Juggernaut","floor":11},{"not_picked":["Combust","Wild Strike"],"picked":"Battle Trance","floor":12},{"not_picked":["Armaments","Dark Embrace"],"picked":"Dropkick","floor":13},{"not_picked":["Whirlwind","Searing Blow","Armaments"],"picked":"SKIP","floor":14},{"not_picked":["Double Tap","Offering"],"picked":"Immolate","floor":16},{"not_picked":["Heavy Blade","Pommel Strike"],"picked":"Inflame","floor":18},{"not_picked":["Twin Strike","Battle Trance"],"picked":"Uppercut+1","floor":19},{"not_picked":["Uppercut","Hemokinesis","Whirlwind"],"picked":"SKIP","floor":20},{"not_picked":["Bludgeon","Clothesline"],"picked":"Disarm","floor":24},{"not_picked":["Flex+1","Clash+1","Sever Soul+1"],"picked":"SKIP","floor":25}],"player_experience":373489,"relics_obtained":[{"floor":6,"key":"Incense Burner"},{"floor":8,"key":"Centennial Puzzle"},{"floor":9,"key":"Calipers"},{"floor":11,"key":"Dodecahedron"},{"floor":24,"key":"Regal Pillow"},{"floor":26,"key":"Pantograph"}],"event_choices":[{"damage_healed":0,"gold_gain":0,"cards_transformed":["Strike_R"],"player_choice":"Transformed","damage_taken":0,"max_hp_gain":0,"max_hp_loss":0,"event_name":"Transmorgrifier","floor":3,"gold_loss":0,"cards_obtained":["Rampage"]},{"damage_healed":0,"gold_gain":0,"player_choice":"Obtain J.A.X.","damage_taken":0,"max_hp_gain":0,"max_hp_loss":0,"event_name":"Drug Dealer","floor":22,"gold_loss":0,"cards_obtained":["J.A.X."]}],"is_beta":false,"boss_relics":[{"not_picked":["Velvet Choker","Coffee Dripper"],"picked":"Sozu"}],"items_purged_floors":[21],"is_endless":false,"potions_floor_spawned":[5,12,13,14,16,24],"killed_by":"Chosen and Byrds","ascension_level":6}