{"gold_per_floor":[117,129,129,129,129,168,188,229,229,242,242,256,281,14,14,139,139,159,159,179,179,195,195,208,208,208,208,233,274,274,308,308,437,437,456,456,477,477,194,237,237,270,270,270,284,303,326,29,29,29],"floor_reached":50,"playtime":2401,"items_purged":["Strike_G"],"score":924,"play_id":"a4ab1eba-8492-4870-8f2a-4b6e7bd47e51","local_time":"20190318205718","is_ascension_mode":true,"campfire_choices":[{"floor":11,"key":"REST"},{"data":"Caltrops","floor":15,"key":"SMITH"},{"floor":23,"key":"REST"},{"floor":25,"key":"REST"},{"data":"Die Die Die","floor":27,"key":"SMITH"},{"floor":30,"key":"REST"},{"floor":32,"key":"REST"},{"floor":41,"key":"REST"},{"floor":44,"key":"REST"},{"floor":49,"key":"REST"}],"neow_cost":"NONE","seed_source_timestamp":352852259982500,"circlet_count":0,"master_deck":["AscendersBane","Defend_G","Defend_G","Defend_G","Defend_G","Defend_G","Strike_G+1","Strike_G+1","Survivor","Neutralize","PiercingWail","Quick Slash","Caltrops+1","Quick Slash","Backstab","Dagger Spray","Corpse Explosion","Die Die Die+1","Quick Slash","Backstab+1","Night Terror","Phantasmal Killer","Quick Slash+1","Dash+1","Tools of the Trade","Panache","Purity","Noxious Fumes+1","Caltrops+1"],"relics":["Ring of the Serpent","NeowsBlessing","Golden Idol","Mummified Hand","Pen Nib","Bottled Tornado","Odd Mushroom","Lee\u0027s Waffle","WarpedTongs","Spirit Poop","Letter Opener","Dead Branch","Matryoshka","Lizard Tail","Molten Egg 2","Torii","Bottled Flame","Blood Vial","Bird Faced Urn"],"potions_floor_usage":[8,16,20,24,31,33,37,40,40,45,47,50],"damage_taken":[{"damage":0,"enemies":"Jaw Worm","floor":1,"turns":1},{"damage":0,"enemies":"2 Louse","floor":2,"turns":1},{"damage":0,"enemies":"3 Sentries","floor":6,"turns":2},{"damage":0,"enemies":"Small Slimes","floor":7,"turns":4},{"damage":11,"enemies":"Lagavulin","floor":8,"turns":8},{"damage":0,"enemies":"Exordium Wildlife","floor":10,"turns":3},{"damage":0,"enemies":"Looter","floor":12,"turns":2},{"damage":0,"enemies":"The Mushroom Lair","floor":13,"turns":2},{"damage":17,"enemies":"Hexaghost","floor":16,"turns":9},{"damage":7,"enemies":"Chosen","floor":18,"turns":4},{"damage":15,"enemies":"2 Thieves","floor":20,"turns":3},{"damage":32,"enemies":"Centurion and Healer","floor":22,"turns":3},{"damage":0,"enemies":"3 Cultists","floor":24,"turns":2},{"damage":18,"enemies":"Snecko","floor":28,"turns":4},{"damage":13,"enemies":"Slavers","floor":29,"turns":4},{"damage":18,"enemies":"Gremlin Leader","floor":31,"turns":4},{"damage":60,"enemies":"Automaton","floor":33,"turns":9},{"damage":1,"enemies":"3 Shapes","floor":35,"turns":2},{"damage":5,"enemies":"Orb Walker","floor":37,"turns":2},{"damage":86,"enemies":"Nemesis","floor":40,"turns":7},{"damage":53,"enemies":"Reptomancer","floor":42,"turns":6},{"damage":0,"enemies":"Jaw Worm Horde","floor":45,"turns":2},{"damage":4,"enemies":"Sphere and 2 Shapes","floor":46,"turns":3},{"damage":2,"enemies":"Transient","floor":47,"turns":5},{"damage":77,"enemies":"Donu and Deca","floor":50,"turns":4}],"seed_played":"-3144961628235579589","potions_obtained":[{"floor":1,"key":"SkillPotion"},{"floor":8,"key":"GamblersBrew"},{"floor":13,"key":"SkillPotion"},{"floor":16,"key":"SkillPotion"},{"floor":22,"key":"FearPotion"},{"floor":28,"key":"EssenceOfSteel"},{"floor":36,"key":"SkillPotion"},{"floor":36,"key":"SteroidPotion"},{"floor":36,"key":"PowerPotion"},{"floor":40,"key":"SteroidPotion"},{"floor":42,"key":"Swift Potion"},{"floor":45,"key":"Dexterity Potion"}],"is_trial":false,"path_per_floor":["M","M","?","?","?","E","M","E","T","M","R","M","?","$","R","B",null,"M","?","M","?","M","R","M","R","T","R","M","E","R","E","R","B",null,"M","?","M","?","$","E","R","E","T","R","M","M","M","$","R","B"],"character_chosen":"THE_SILENT","items_purchased":["Lee\u0027s Waffle","Panache","Purity","Bird Faced Urn"],"campfire_rested":8,"item_purchase_floors":[14,39,39,48],"current_hp_per_floor":[63,63,63,49,32,32,32,21,21,21,42,42,42,77,77,60,73,66,66,51,51,19,42,42,65,65,65,47,34,57,39,62,2,58,57,57,52,52,52,38,61,8,8,31,33,31,31,31,54,0],"gold":29,"neow_bonus":"THREE_ENEMY_KILL","is_prod":false,"is_daily":false,"chose_seed":false,"campfire_upgraded":2,"win_rate":0,"timestamp":1552939038,"path_taken":["M","M","?","?","?","E","M","E","T","?","R","M","?","$","R","BOSS","M","?","?","?","?","R","M","R","T","R","M","E","R","E","R","BOSS","M","?","?","?","$","E","R","E","T","R","M","M","?","?","R","BOSS"],"build_version":"2019-01-23","purchased_purges":1,"victory":false,"max_hp_per_floor":[70,70,70,70,70,70,70,70,70,70,70,70,70,77,77,77,77,77,77,77,77,77,77,77,77,77,77,77,77,77,77,77,77,77,77,77,77,77,77,77,77,77,77,77,77,77,77,77,77,77],"card_choices":[{"not_picked":["Escape Plan","Outmaneuver"],"picked":"PiercingWail","floor":1},{"not_picked":["Flying Knee","Underhanded Strike"],"picked":"Quick Slash","floor":2},{"not_picked":["Sucker Punch","Flying Knee"],"picked":"Caltrops","floor":6},{"not_picked":["PiercingWail","Predator"],"picked":"Quick Slash","floor":7},{"not_picked":["Deadly Poison","Infinite Blades"],"picked":"Backstab","floor":8},{"not_picked":["Flying Knee","Slice"],"picked":"Dagger Spray","floor":10},{"not_picked":["Cloak And Dagger","Backflip"],"picked":"Corpse Explosion","floor":12},{"not_picked":["Storm of Steel","Wraith Form v2"],"picked":"Die Die Die","floor":16},{"not_picked":["Prepared","Slice","Acrobatics"],"picked":"SKIP","floor":18},{"not_picked":["Slice","Deflect","Blade Dance"],"picked":"SKIP","floor":20},{"not_picked":["Poisoned Stab+1","Dodge and Roll"],"picked":"Quick Slash","floor":22},{"not_picked":["Outmaneuver+1","All Out Attack"],"picked":"Backstab+1","floor":24},{"not_picked":["Flying Knee","Dodge and Roll","Riddle With Holes"],"picked":"SKIP","floor":28},{"not_picked":["Dash","Deflect"],"picked":"Night Terror","floor":29},{"not_picked":["Deadly Poison","Backflip","Deflect"],"picked":"SKIP","floor":31},{"not_picked":["Tools of the Trade","Grand Finale"],"picked":"Phantasmal Killer","floor":33},{"not_picked":["Prepared+1","Backflip+1"],"picked":"Quick Slash+1","floor":35},{"not_picked":["PiercingWail+1","Riddle With Holes"],"picked":"Dash+1","floor":37},{"not_picked":["Deadly Poison","Flying Knee","Bane+1"],"picked":"SKIP","floor":40},{"not_picked":["Sucker Punch+1","PiercingWail"],"picked":"Noxious Fumes+1","floor":42},{"not_picked":["Sucker Punch+1","Blade Dance+1","Slice+1"],"picked":"SKIP","floor":45},{"not_picked":["Dagger Spray+1","Underhanded Strike+1","Doppelganger"],"picked":"SKIP","floor":46},{"not_picked":["Quick Slash+1","Underhanded Strike+1"],"picked":"Caltrops+1","floor":47}],"player_experience":1541240,"relics_obtained":[{"floor":6,"key":"Mummified Hand"},{"floor":8,"key":"Pen Nib"},{"floor":9,"key":"Bottled Tornado"},{"floor":13,"key":"Odd Mushroom"},{"floor":26,"key":"Letter Opener"},{"floor":29,"key":"Dead Branch"},{"floor":31,"key":"Matryoshka"},{"floor":40,"key":"Molten Egg 2"},{"floor":42,"key":"Torii"},{"floor":43,"key":"Bottled Flame"},{"floor":43,"key":"Blood Vial"}],"event_choices":[{"cards_removed":["Strike_G"],"damage_healed":0,"gold_gain":0,"player_choice":"Forget","damage_taken":0,"max_hp_gain":0,"max_hp_loss":0,"event_name":"Living Wall","floor":3,"gold_loss":0},{"damage_healed":0,"gold_gain":0,"player_choice":"Entered Light","damage_taken":14,"max_hp_gain":0,"max_hp_loss":0,"event_name":"Shining Light","floor":4,"gold_loss":0,"cards_upgraded":["Strike_G","Strike_G"]},{"damage_healed":0,"gold_gain":0,"player_choice":"Take Damage","damage_taken":17,"relics_obtained":["Golden Idol"],"max_hp_gain":0,"max_hp_loss":0,"event_name":"Golden Idol","floor":5,"gold_loss":0},{"damage_healed":0,"gold_gain":0,"player_choice":"Fought Mushrooms","damage_taken":0,"max_hp_gain":0,"max_hp_loss":0,"event_name":"Mushrooms","floor":13,"gold_loss":0},{"damage_healed":0,"gold_gain":0,"player_choice":"Rummage","damage_taken":0,"relics_obtained":["WarpedTongs"],"max_hp_gain":0,"max_hp_loss":0,"event_name":"Accursed Blacksmith","floor":19,"gold_loss":0,"cards_obtained":["Pain"]},{"cards_removed":["Pain"],"damage_healed":0,"gold_gain":0,"player_choice":"Offered Curse","damage_taken":0,"relics_obtained":["Spirit Poop"],"max_hp_gain":0,"max_hp_loss":0,"event_name":"Bonfire Elementals","floor":21,"gold_loss":0},{"damage_healed":0,"gold_gain":0,"player_choice":"Got Potions","damage_taken":0,"max_hp_gain":0,"max_hp_loss":0,"event_name":"Lab","floor":36,"gold_loss":0},{"damage_healed":0,"gold_gain":0,"cards_transformed":["Strike_G"],"player_choice":"Transformed","damage_taken":0,"max_hp_gain":0,"max_hp_loss":0,"event_name":"Transmorgrifier","floor":38,"gold_loss":0,"cards_obtained":["Tools of the Trade"]}],"is_beta":false,"boss_relics":[{"not_picked":["HoveringKite","Runic Dome"],"picked":"Ring of the Serpent"},{"not_picked":["Astrolabe","Tiny House"],"picked":"Lizard Tail"}],"items_purged_floors":[14],"is_endless":false,"potions_floor_spawned":[1,8,13,16,22,28,40,42,45],"killed_by":"Donu and Deca","ascension_level":10}