{"gold_per_floor":[118,118,138,149,6,6,18,18,63,75,87,99,111,155,167,281,293,322,352,375,387,414,426,438,450,462,474,486,164,181,199,199,301,301,311,365,376,376,376,83,83,94,94,94,108,108,108],"floor_reached":47,"playtime":2730,"items_purged":["Strike_G"],"score":498,"play_id":"137c0875-e768-4776-89e5-e6d8931ef3f2","local_time":"20190303174200","is_ascension_mode":false,"campfire_choices":[{"data":"Noxious Fumes","floor":6,"key":"SMITH"},{"data":"Neutralize","floor":8,"key":"SMITH"},{"data":"Quick Slash","floor":10,"key":"SMITH"},{"data":"Deflect","floor":15,"key":"SMITH"},{"data":"Footwork","floor":23,"key":"SMITH"},{"data":"Footwork","floor":25,"key":"SMITH"},{"data":"Blur","floor":28,"key":"SMITH"},{"data":"Blade Dance","floor":32,"key":"SMITH"},{"floor":41,"key":"REST"},{"floor":44,"key":"REST"},{"data":"Bullet Time","floor":46,"key":"SMITH"}],"neow_cost":"NONE","seed_source_timestamp":329301423531840,"circlet_count":0,"master_deck":["Survivor","Neutralize+1","Deflect+1","Backflip","Backstab","Deflect+1","Outmaneuver","Noxious Fumes+1","Quick Slash+1","Deflect","Adrenaline","Concentrate","Footwork+1","Expertise","Leg Sweep","Escape Plan","PiercingWail","Masterful Stab","Deflect","PiercingWail+1","Blade Dance+1","Footwork+1","Blur+1","Bite","Bite","Bite","Bite","Bite","Blade Dance+1","Quick Slash","Slice+1","Deflect","Bullet Time+1","Sucker Punch+1","Infinite Blades+1","Finesse","Parasite","Cloak And Dagger+1","Blur"],"relics":["Ring of the Snake","MawBank","War Paint","Pandora\u0027s Box","Dodecahedron","Calipers","WristBlade","Unceasing Top","Torii","Question Card"],"potions_floor_usage":[14,33,33,36,36,37,47],"damage_taken":[{"damage":0,"enemies":"Jaw Worm","floor":1,"turns":5},{"damage":0,"enemies":"Cultist","floor":3,"turns":5},{"damage":0,"enemies":"Small Slimes","floor":4,"turns":3},{"damage":5,"enemies":"2 Fungi Beasts","floor":7,"turns":4},{"damage":16,"enemies":"Gremlin Nob","floor":14,"turns":4},{"damage":20,"enemies":"Hexaghost","floor":16,"turns":12},{"damage":0,"enemies":"3 Byrds","floor":18,"turns":5},{"damage":1,"enemies":"Spheric Guardian","floor":19,"turns":4},{"damage":0,"enemies":"Shelled Parasite and Fungi","floor":20,"turns":9},{"damage":0,"enemies":"3 Cultists","floor":22,"turns":6},{"damage":0,"enemies":"Centurion and Healer","floor":30,"turns":8},{"damage":0,"enemies":"Sentry and Sphere","floor":31,"turns":7},{"damage":17,"enemies":"Champ","floor":33,"turns":17},{"damage":10,"enemies":"3 Darklings","floor":35,"turns":5},{"damage":43,"enemies":"2 Orb Walkers","floor":36,"turns":7},{"damage":12,"enemies":"Orb Walker","floor":37,"turns":4},{"damage":7,"enemies":"Writhing Mass","floor":42,"turns":10},{"damage":8,"enemies":"3 Darklings","floor":45,"turns":5},{"damage":64,"enemies":"Reptomancer","floor":47,"turns":6}],"seed_played":"4500688147676000759","potions_obtained":[{"floor":3,"key":"GamblersBrew"},{"floor":4,"key":"GamblersBrew"},{"floor":22,"key":"Ancient Potion"},{"floor":30,"key":"Swift Potion"},{"floor":33,"key":"Strength Potion"},{"floor":35,"key":"SkillPotion"},{"floor":42,"key":"EssenceOfSteel"}],"is_trial":false,"path_per_floor":["M","?","M","M","$","R","M","R","T","R","$","?","?","E","R","B",null,"M","M","M","?","M","R","?","R","T","?","R","$","M","M","R","B",null,"M","?","M","?","?","$","R","M","T","R","M","R","E"],"character_chosen":"THE_SILENT","items_purchased":["Noxious Fumes","Calipers","Quick Slash","Torii"],"campfire_rested":2,"item_purchase_floors":[5,29,29,40],"current_hp_per_floor":[77,77,77,77,77,77,72,72,72,72,72,77,77,61,61,41,82,82,81,81,81,81,81,57,57,57,57,57,57,57,57,57,46,57,51,20,14,14,14,14,31,42,42,57,53,53,0],"gold":108,"neow_bonus":"TEN_PERCENT_HP_BONUS","is_prod":false,"is_daily":false,"chose_seed":false,"campfire_upgraded":9,"win_rate":0,"timestamp":1551663720,"path_taken":["M","?","?","M","$","R","M","R","T","R","$","?","?","E","R","BOSS","M","M","?","?","?","R","?","R","T","?","R","$","M","?","R","BOSS","M","?","M","?","?","$","R","M","T","R","M","R","E"],"build_version":"2019-01-23","purchased_purges":1,"victory":false,"max_hp_per_floor":[77,77,77,77,77,77,77,77,77,77,77,82,82,82,82,82,82,82,82,82,82,82,82,57,57,57,57,57,57,57,57,57,57,57,57,57,57,57,57,57,57,57,57,57,57,57,57],"card_choices":[{"not_picked":["Quick Slash","Blade Dance"],"picked":"Deflect","floor":1},{"not_picked":["Crippling Poison","Flying Knee"],"picked":"Deflect","floor":3},{"not_picked":["Reflex","Deadly Poison"],"picked":"Outmaneuver","floor":4},{"not_picked":["Grand Finale","Bane"],"picked":"Quick Slash","floor":7},{"not_picked":["Heel Hook","Cloak And Dagger"],"picked":"Deflect","floor":14},{"not_picked":["Storm of Steel","Doppelganger"],"picked":"Adrenaline","floor":16},{"not_picked":["Deadly Poison","Underhanded Strike+1"],"picked":"Deflect","floor":18},{"not_picked":["Caltrops","Cloak And Dagger"],"picked":"PiercingWail+1","floor":19},{"not_picked":["PiercingWail+1","Tactician"],"picked":"Blade Dance+1","floor":20},{"not_picked":["Flying Knee","Deadly Poison+1"],"picked":"Blur","floor":22},{"not_picked":["Underhanded Strike","Sucker Punch+1"],"picked":"Slice+1","floor":30},{"not_picked":["Prepared+1","Acrobatics"],"picked":"Deflect","floor":31},{"not_picked":["Venomology","Grand Finale"],"picked":"Bullet Time","floor":33},{"not_picked":["Flying Knee+1","Caltrops+1"],"picked":"Sucker Punch+1","floor":35},{"not_picked":["Flying Knee+1","Acrobatics"],"picked":"Infinite Blades+1","floor":36},{"not_picked":["Predator","Reflex","Choke"],"picked":"SKIP","floor":37},{"not_picked":["Panacea","Panache"],"picked":"Finesse","floor":38},{"not_picked":["Dagger Spray","Escape Plan"],"picked":"Cloak And Dagger+1","floor":42},{"not_picked":["Flechettes+1","Bouncing Flask","Sucker Punch"],"picked":"Blur","floor":45}],"player_experience":268735,"relics_obtained":[{"floor":9,"key":"MawBank"},{"floor":14,"key":"War Paint"},{"floor":26,"key":"Dodecahedron"},{"floor":36,"key":"Unceasing Top"},{"floor":43,"key":"Question Card"}],"event_choices":[{"damage_healed":0,"gold_gain":0,"player_choice":"2 cards matched","damage_taken":0,"max_hp_gain":0,"max_hp_loss":0,"event_name":"Match and Keep!","floor":2,"gold_loss":0,"cards_obtained":["Backflip","Backstab"]},{"damage_healed":0,"gold_gain":0,"player_choice":"Donut","damage_taken":0,"max_hp_gain":5,"max_hp_loss":0,"event_name":"Big Fish","floor":12,"gold_loss":0},{"cards_removed":["Strike_G"],"damage_healed":0,"gold_gain":0,"player_choice":"Offered Basic","damage_taken":0,"max_hp_gain":0,"max_hp_loss":0,"event_name":"Bonfire Elementals","floor":13,"gold_loss":0},{"damage_healed":0,"gold_gain":0,"player_choice":"Copied","damage_taken":0,"max_hp_gain":0,"max_hp_loss":0,"event_name":"Duplicator","floor":21,"gold_loss":0,"cards_obtained":["Footwork"]},{"damage_healed":0,"gold_gain":0,"player_choice":"Became a vampire","damage_taken":0,"max_hp_gain":0,"max_hp_loss":25,"event_name":"Vampires","floor":24,"gold_loss":0,"cards_obtained":["Bite","Bite","Bite","Bite","Bite"]},{"damage_healed":0,"gold_gain":0,"cards_transformed":["Eviscerate"],"player_choice":"Transformed","damage_taken":0,"max_hp_gain":0,"max_hp_loss":0,"event_name":"Transmorgrifier","floor":27,"gold_loss":0,"cards_obtained":["Blade Dance"]},{"damage_healed":0,"gold_gain":0,"player_choice":"Fight","damage_taken":0,"max_hp_gain":0,"max_hp_loss":0,"event_name":"Mysterious Sphere","floor":36,"gold_loss":0},{"damage_healed":0,"gold_gain":0,"player_choice":"Memory 1","damage_taken":0,"max_hp_gain":0,"max_hp_loss":0,"event_name":"SensoryStone","floor":38,"gold_loss":0},{"damage_healed":0,"gold_gain":0,"player_choice":"Ignored","damage_taken":0,"max_hp_gain":0,"max_hp_loss":0,"event_name":"Tomb of Lord Red Mask","floor":39,"gold_loss":0}],"is_beta":false,"boss_relics":[{"not_picked":["Fusion Hammer","Black Star"],"picked":"Pandora\u0027s Box"},{"not_picked":["Ring of the Serpent","Lizard Tail"],"picked":"WristBlade"}],"items_purged_floors":[5],"is_endless":false,"potions_floor_spawned":[3,4,22,30,33,35,42],"killed_by":"Reptomancer","ascension_level":0}