{"gold_per_floor":[118,134,144,160,335,335,362,362,362,362,372,12,32,49,49,148,148,168,12,12,26,26,60,60,60,86,86,86,86,6,22,22,126,126,146,192,1191,1191,1209,1209,30,43,43,43,16,29,29,129,129,129],"floor_reached":50,"playtime":2758,"items_purged":["Doubt","Shame","Normality"],"score":633,"play_id":"c01a4c66-d0f3-4970-8dd3-43fc131be8c6","local_time":"20190302001755","is_ascension_mode":false,"campfire_choices":[{"floor":6,"key":"RECALL"},{"floor":8,"key":"REST"},{"floor":10,"key":"REST"},{"floor":15,"key":"REST"},{"data":"Apotheosis","floor":27,"key":"SMITH"},{"data":"Buffer","floor":29,"key":"SMITH"},{"floor":32,"key":"REST"},{"data":"Storm","floor":40,"key":"SMITH"},{"data":"Storm","floor":44,"key":"SMITH"},{"data":"Hello World","floor":47,"key":"SMITH"},{"data":"Storm","floor":49,"key":"SMITH"}],"neow_cost":"NONE","seed_source_timestamp":58973911716529,"circlet_count":0,"master_deck":["Strike_B","Strike_B","Strike_B","Strike_B","Defend_B","Defend_B","Defend_B","Defend_B","Zap","Dualcast","Melter","Gash","Ball Lightning","Streamline","Gash","Storm+1","Hologram","Heatsinks","Apotheosis+1","Undo","Tempest","Buffer+1","Undo","Storm+1","Hologram","FTL","Necronomicurse","Conserve Battery","Hologram","Ghostly","Ghostly","Ghostly","Ghostly","Ghostly","Melter","Rainbow","BootSequence+1","Storm+1","Hello World+1","Streamline","Rainbow","Hologram","Capacitor","Loop","Self Repair","Static Discharge","Static Discharge","Defragment","Self Repair","Self Repair","Storm+1","Defragment","Static Discharge","Loop","Hello World+1","Static Discharge+1"],"relics":["Sozu","Juzu Bracelet","Eternal Feather","Necronomicon","Pear","The Courier","Vajra","Lizard Tail","Turnip","Lantern","Frozen Eye","Darkstone Periapt"],"potions_floor_usage":[],"damage_taken":[{"damage":1,"enemies":"Cultist","floor":1,"turns":4},{"damage":0,"enemies":"Small Slimes","floor":2,"turns":3},{"damage":11,"enemies":"Jaw Worm","floor":3,"turns":2},{"damage":8,"enemies":"Exordium Thugs","floor":4,"turns":4},{"damage":50,"enemies":"Lagavulin","floor":7,"turns":7},{"damage":14,"enemies":"3 Louse","floor":11,"turns":2},{"damage":9,"enemies":"Blue Slaver","floor":13,"turns":3},{"damage":0,"enemies":"Large Slime","floor":14,"turns":4},{"damage":34,"enemies":"Slime Boss","floor":16,"turns":9},{"damage":35,"enemies":"2 Thieves","floor":18,"turns":5},{"damage":0,"enemies":"Chosen","floor":21,"turns":4},{"damage":55,"enemies":"Slavers","floor":23,"turns":7},{"damage":41,"enemies":"3 Cultists","floor":31,"turns":7},{"damage":31,"enemies":"Collector","floor":33,"turns":14},{"damage":10,"enemies":"Orb Walker","floor":35,"turns":4},{"damage":40,"enemies":"2 Orb Walkers","floor":36,"turns":6},{"damage":1,"enemies":"3 Shapes","floor":39,"turns":6},{"damage":0,"enemies":"Maw","floor":42,"turns":5},{"damage":8,"enemies":"3 Darklings","floor":46,"turns":4},{"damage":47,"enemies":"Time Eater","floor":50,"turns":3}],"seed_played":"3604154070385857304","potions_obtained":[],"is_trial":false,"path_per_floor":["M","M","M","M","?","R","E","R","T","R","M","$","M","M","R","B",null,"M","$","?","M","?","E","?","?","T","R","?","R","$","M","R","B",null,"M","?","?","?","M","R","$","M","T","R","$","M","R","?","R","B"],"character_chosen":"DEFECT","items_purchased":["Hologram","Heatsinks","Apotheosis","Storm","Hologram","FTL","Streamline","Rainbow","Hologram","Lantern","Frozen Eye","Capacitor","Loop","Self Repair","Static Discharge","Static Discharge","Defragment","Self Repair","Self Repair","Storm","Defragment","Static Discharge","Hello World"],"campfire_rested":4,"item_purchase_floors":[12,12,12,19,19,19,41,41,41,41,41,41,41,41,41,41,41,41,41,41,41,41,45],"current_hp_per_floor":[74,74,63,55,55,55,5,27,27,49,35,35,26,26,48,14,75,40,40,24,24,75,30,30,30,30,42,36,47,47,6,41,10,47,37,23,23,23,22,46,46,47,47,47,47,46,47,47,47,0],"gold":129,"neow_bonus":"BOSS_RELIC","is_prod":false,"is_daily":false,"chose_seed":false,"campfire_upgraded":6,"win_rate":0,"timestamp":1551514675,"path_taken":["M","?","M","M","?","R","E","R","T","R","M","$","M","M","R","BOSS","M","$","?","M","?","E","?","?","T","R","?","R","?","M","R","BOSS","M","?","?","?","M","R","$","M","T","R","$","M","R","?","R","BOSS"],"build_version":"2019-01-23","purchased_purges":3,"victory":false,"max_hp_per_floor":[75,75,75,75,75,75,75,75,75,75,75,75,75,75,75,75,75,75,75,75,75,75,85,42,42,42,42,47,47,47,47,47,47,47,47,47,47,47,47,47,47,47,47,47,47,47,47,47,47,47],"card_choices":[{"not_picked":["Barrage","BootSequence"],"picked":"Melter","floor":1},{"not_picked":["Steam","Darkness"],"picked":"Gash","floor":2},{"not_picked":["Conserve Battery","Defragment"],"picked":"Ball Lightning","floor":3},{"not_picked":["Auto Shields","Static Discharge"],"picked":"Streamline","floor":4},{"not_picked":["Hyperbeam","Sweeping Beam"],"picked":"Gash","floor":7},{"not_picked":["Glacier","Capacitor"],"picked":"Storm","floor":11},{"not_picked":["Steam Power","Defragment"],"picked":"Undo","floor":13},{"not_picked":["Go for the Eyes","Cold Snap"],"picked":"Tempest","floor":14},{"not_picked":["Reboot","Rainbow"],"picked":"Buffer","floor":16},{"not_picked":["Melter","Force Field"],"picked":"Undo","floor":18},{"not_picked":["Scrape+1","Doom and Gloom"],"picked":"Conserve Battery","floor":21},{"not_picked":["Ball Lightning","Core Surge"],"picked":"Hologram","floor":23},{"not_picked":["Chill","Leap"],"picked":"Melter","floor":31},{"not_picked":["Hyperbeam","Meteor Strike"],"picked":"Rainbow","floor":33},{"not_picked":["Redo","Fusion"],"picked":"BootSequence+1","floor":35},{"not_picked":["Barrage","Steam Power"],"picked":"Storm+1","floor":36},{"not_picked":["Cold Snap+1","Conserve Battery+1"],"picked":"Hello World+1","floor":39},{"not_picked":["Scrape","Steam+1"],"picked":"Loop","floor":42},{"not_picked":["Ball Lightning+1","Leap+1"],"picked":"Static Discharge+1","floor":46}],"player_experience":934058,"relics_obtained":[{"floor":7,"key":"Juzu Bracelet"},{"floor":20,"key":"Necronomicon"},{"floor":23,"key":"Pear"},{"floor":26,"key":"Vajra"},{"floor":36,"key":"Turnip"},{"floor":43,"key":"Darkstone Periapt"}],"event_choices":[{"damage_healed":0,"gold_gain":175,"player_choice":"AGREE","damage_taken":0,"max_hp_gain":0,"max_hp_loss":0,"event_name":"Liars Game","floor":5,"gold_loss":0,"cards_obtained":["Doubt"]},{"damage_healed":0,"gold_gain":0,"player_choice":"Obtained Book","damage_taken":16,"max_hp_gain":0,"max_hp_loss":0,"event_name":"Cursed Tome","floor":20,"gold_loss":0},{"damage_healed":51,"gold_gain":0,"player_choice":"Full Heal","damage_taken":0,"max_hp_gain":0,"max_hp_loss":0,"event_name":"Wheel of Change","floor":22,"gold_loss":0},{"damage_healed":0,"gold_gain":0,"player_choice":"Became a Ghost","damage_taken":0,"max_hp_gain":0,"max_hp_loss":43,"event_name":"Ghosts","floor":24,"gold_loss":0,"cards_obtained":["Ghostly","Ghostly","Ghostly","Ghostly","Ghostly"]},{"damage_healed":0,"gold_gain":0,"player_choice":"Stole Relic","damage_taken":0,"relics_obtained":["The Courier"],"max_hp_gain":0,"max_hp_loss":0,"event_name":"Addict","floor":25,"gold_loss":0,"cards_obtained":["Shame"]},{"damage_healed":0,"gold_gain":0,"player_choice":"Shed Blood","damage_taken":11,"max_hp_gain":5,"max_hp_loss":0,"event_name":"Forgotten Altar","floor":28,"gold_loss":0},{"damage_healed":0,"gold_gain":0,"player_choice":"Fight","damage_taken":0,"max_hp_gain":0,"max_hp_loss":0,"event_name":"Mysterious Sphere","floor":36,"gold_loss":0},{"damage_healed":0,"gold_gain":999,"player_choice":"Gold","damage_taken":0,"max_hp_gain":0,"max_hp_loss":0,"event_name":"MindBloom","floor":37,"gold_loss":0,"cards_obtained":["Normality","Normality"]},{"cards_removed":["Normality"],"damage_healed":0,"gold_gain":0,"player_choice":"Purged","damage_taken":0,"max_hp_gain":0,"max_hp_loss":0,"event_name":"Purifier","floor":38,"gold_loss":0},{"damage_healed":0,"gold_gain":100,"player_choice":"Pray","damage_taken":0,"max_hp_gain":0,"max_hp_loss":0,"event_name":"Golden Shrine","floor":48,"gold_loss":0}],"is_beta":false,"boss_relics":[{"not_picked":["Empty Cage","Busted Crown"],"picked":"Eternal Feather"},{"not_picked":["Tiny House","Philosopher\u0027s Stone"],"picked":"Lizard Tail"}],"items_purged_floors":[12,30,41],"is_endless":false,"potions_floor_spawned":[1,4,13,14,18,21,36,39],"killed_by":"Time Eater","ascension_level":0}