{"gold_per_floor":[111,125,140,119,129,162,162,237,237,237,263,263,293,218,218,289,289,300,215,229,10,10,10,43,43,43,71,82,39,50,69,69,143,143,156,176,176,32,43,43,69,81,81,114,114,163,263,296,296,296,296],"floor_reached":52,"playtime":5469,"items_purged":["Strike_B","Strike_B"],"score":2171,"play_id":"3dc7587b-78d9-47d6-9ee9-31fd430e7616","local_time":"20190513193344","is_ascension_mode":true,"campfire_choices":[{"floor":7.0,"key":"REST"},{"floor":10.0,"key":"REST"},{"data":"Defragment","floor":12.0,"key":"SMITH"},{"data":"Zap","floor":15.0,"key":"SMITH"},{"data":"Seek","floor":23.0,"key":"SMITH"},{"data":"Turbo","floor":25.0,"key":"SMITH"},{"data":"Coolheaded","floor":32.0,"key":"SMITH"},{"data":"Defragment","floor":40.0,"key":"SMITH"},{"data":"Coolheaded","floor":45.0,"key":"SMITH"},{"data":"Loop","floor":49.0,"key":"SMITH"}],"neow_cost":"NONE","seed_source_timestamp":0,"circlet_count":0,"master_deck":["AscendersBane","Strike_B","Defend_B","Defend_B","Defend_B","Defend_B","Zap+1","Dualcast","Compile Driver","Ball Lightning","Sunder","Defragment+1","Go for the Eyes","Self Repair","Coolheaded+1","Glacier","Seek+1","Turbo+1","Chill","BootSequence","Echo Form","Static Discharge","Coolheaded+1","All For One","Defragment+1","Capacitor+1","Reprogram","Conserve Battery","Capacitor+1","Loop+1","Seek"],"special_seed":0,"relics":["Cracked Core","PreservedInsect","FossilizedHelix","Potion Belt","Art of War","Singing Bowl","Runic Pyramid","Torii","ClockworkSouvenir","Darkstone Periapt","Sundial","Dream Catcher","Velvet Choker","Blood Vial","Bag of Preparation","Mango","Unceasing Top","Bottled Lightning"],"potions_floor_usage":[51],"damage_taken":[{"damage":6.0,"enemies":"2 Louse","floor":1.0,"turns":3.0},{"damage":12.0,"enemies":"Jaw Worm","floor":2.0,"turns":3.0},{"damage":0.0,"enemies":"Cultist","floor":3.0,"turns":2.0},{"damage":16.0,"enemies":"Exordium Thugs","floor":4.0,"turns":4.0},{"damage":12.0,"enemies":"Lots of Slimes","floor":5.0,"turns":3.0},{"damage":6.0,"enemies":"Gremlin Nob","floor":6.0,"turns":3.0},{"damage":5.0,"enemies":"3 Sentries","floor":11.0,"turns":5.0},{"damage":0.0,"enemies":"Lagavulin","floor":13.0,"turns":6.0},{"damage":3.0,"enemies":"Hexaghost","floor":16.0,"turns":13.0},{"damage":0.0,"enemies":"Chosen","floor":18.0,"turns":4.0},{"damage":13.0,"enemies":"3 Byrds","floor":20.0,"turns":4.0},{"damage":33.0,"enemies":"Slavers","floor":24.0,"turns":4.0},{"damage":0.0,"enemies":"Gremlin Leader","floor":27.0,"turns":7.0},{"damage":18.0,"enemies":"Shelled Parasite and Fungi","floor":28.0,"turns":7.0},{"damage":10.0,"enemies":"Snake Plant","floor":30.0,"turns":5.0},{"damage":0.0,"enemies":"Cultist and Chosen","floor":31.0,"turns":6.0},{"damage":0.0,"enemies":"Champ","floor":33.0,"turns":16.0},{"damage":0.0,"enemies":"3 Shapes","floor":35.0,"turns":3.0},{"damage":20.0,"enemies":"3 Darklings","floor":36.0,"turns":7.0},{"damage":0.0,"enemies":"Jaw Worm Horde","floor":39.0,"turns":6.0},{"damage":53.0,"enemies":"Reptomancer","floor":41.0,"turns":11.0},{"damage":0.0,"enemies":"Maw","floor":42.0,"turns":8.0},{"damage":0.0,"enemies":"Giant Head","floor":44.0,"turns":11.0},{"damage":12.0,"enemies":"2 Orb Walkers","floor":46.0,"turns":6.0},{"damage":0.0,"enemies":"Mind Bloom Boss Battle","floor":47.0,"turns":8.0},{"damage":19.0,"enemies":"Reptomancer","floor":48.0,"turns":7.0},{"damage":14.0,"enemies":"Donu and Deca","floor":50.0,"turns":12.0},{"damage":73,"enemies":"Awakened One","floor":51,"turns":16}],"seed_played":"-8278450363444033640","potions_obtained":[{"floor":3.0,"key":"LiquidBronze"},{"floor":4.0,"key":"Block Potion"},{"floor":13.0,"key":"EssenceOfSteel"},{"floor":18.0,"key":"Block Potion"},{"floor":24.0,"key":"Energy Potion"},{"floor":36.0,"key":"Swift Potion"},{"floor":41.0,"key":"SmokeBomb"},{"floor":42.0,"key":"Explosive Potion"},{"floor":44.0,"key":"Strength Potion"}],"is_trial":false,"path_per_floor":["M","M","M","M","M","E","R","?","T","R","E","R","E","$","R","B",null,"M","?","M","$","?","R","E","R","T","E","M","$","M","M","R","B",null,"M","M","?","$","M","R","E","M","T","E","R","?","?","E","R","B","B",null],"character_chosen":"DEFECT","items_purchased":["ClockworkSouvenir","Static Discharge","Defragment"],"campfire_rested":2,"item_purchase_floors":[21,29,38],"current_hp_per_floor":[58,46,46,30,18,12,33,22,22,43,45,45,52,52,52,56,67,71,71,65,65,65,65,32,32,32,39,37,37,34,50,50,57,71,73,69,69,69,75,75,29,45,45,61,61,81,91,86,86,88,31],"gold":296,"neow_bonus":"RANDOM_COMMON_RELIC","is_prod":false,"is_daily":false,"chose_seed":false,"campfire_upgraded":8,"win_rate":0,"timestamp":1557797624,"path_taken":["M","M","M","M","M","E","R","?","T","R","E","R","E","$","R","BOSS","M","?","M","$","?","R","E","R","T","E","?","?","?","M","R","BOSS","M","M","?","$","M","R","E","M","T","E","R","?","?","E","R","BOSS","BOSS"],"build_version":"2019-01-23","purchased_purges":2,"victory":true,"max_hp_per_floor":[71,71,71,71,71,71,71,71,71,71,71,71,71,71,71,71,71,71,71,71,71,71,71,71,71,71,71,73,73,73,75,75,75,75,77,79,75,75,75,75,75,75,75,75,75,91,91,91,91,91,91],"card_choices":[{"not_picked":["Turbo","Sweeping Beam"],"picked":"Compile Driver","floor":1.0},{"not_picked":["Reinforced Body","Turbo"],"picked":"Ball Lightning","floor":2.0},{"not_picked":["Redo","Loop"],"picked":"Sunder","floor":3.0},{"not_picked":["Turbo","Redo"],"picked":"Defragment","floor":4.0},{"not_picked":["Heatsinks","Redo"],"picked":"Go for the Eyes","floor":5.0},{"not_picked":["Turbo","Steam"],"picked":"Self Repair","floor":6.0},{"not_picked":["Compile Driver","Undo"],"picked":"Coolheaded","floor":11.0},{"not_picked":["Melter","Storm"],"picked":"Glacier","floor":13.0},{"not_picked":["Hyperbeam","All For One"],"picked":"Seek","floor":16.0},{"not_picked":["Chaos","Force Field"],"picked":"Turbo","floor":18.0},{"not_picked":["Gash","Compile Driver"],"picked":"Chill","floor":20.0},{"not_picked":["FTL","Melter"],"picked":"BootSequence","floor":24.0},{"not_picked":["Fusion","Coolheaded"],"picked":"Echo Form","floor":27.0},{"not_picked":["BootSequence","Gash","Genetic Algorithm"],"picked":"Singing Bowl","floor":28.0},{"not_picked":["Gash+1","BootSequence"],"picked":"Coolheaded","floor":30.0},{"not_picked":["Steam Power","Redo","Compile Driver"],"picked":"Singing Bowl","floor":31.0},{"not_picked":["Thunder Strike","Core Surge"],"picked":"All For One","floor":33.0},{"not_picked":["Chill","Sweeping Beam","Beam Cell"],"picked":"Singing Bowl","floor":35.0},{"not_picked":["Go for the Eyes","Turbo+1","Double Energy"],"picked":"Singing Bowl","floor":36.0},{"not_picked":["Cold Snap+1","Turbo+1"],"picked":"Capacitor+1","floor":39.0},{"not_picked":["Go for the Eyes","Ball Lightning"],"picked":"Reprogram","floor":41.0},{"not_picked":["Leap","Scrape"],"picked":"Conserve Battery","floor":42.0},{"not_picked":["Aggregate","Steam"],"picked":"Capacitor+1","floor":44.0},{"not_picked":["Go for the Eyes","Conserve Battery","Redo"],"picked":"Singing Bowl","floor":46.0},{"not_picked":["Heatsinks","Chill"],"picked":"Loop","floor":47.0},{"not_picked":["Stack","Beam Cell"],"picked":"Seek","floor":48.0}],"player_experience":1757085,"relics_obtained":[{"floor":6.0,"key":"FossilizedHelix"},{"floor":9.0,"key":"Potion Belt"},{"floor":11.0,"key":"Art of War"},{"floor":13.0,"key":"Singing Bowl"},{"floor":24.0,"key":"Darkstone Periapt"},{"floor":26.0,"key":"Sundial"},{"floor":27.0,"key":"Dream Catcher"},{"floor":41.0,"key":"Blood Vial"},{"floor":44.0,"key":"Bag of Preparation"},{"floor":46.0,"key":"Mango"},{"floor":47.0,"key":"Unceasing Top"},{"floor":48.0,"key":"Bottled Lightning"}],"event_choices":[{"damage_healed":0.0,"max_hp_gain":0.0,"max_hp_loss":0.0,"gold_gain":75.0,"event_name":"World of Goop","player_choice":"Gather Gold","floor":8.0,"gold_loss":0.0,"damage_taken":11.0},{"damage_healed":0.0,"max_hp_gain":0.0,"max_hp_loss":0.0,"gold_gain":0.0,"event_name":"Addict","player_choice":"Obtained Relic","floor":19.0,"gold_loss":85.0,"damage_taken":0.0,"relics_obtained":["Torii"]},{"cards_removed":["Strike_B"],"damage_healed":0.0,"max_hp_gain":0.0,"max_hp_loss":0.0,"gold_gain":0.0,"event_name":"Bonfire Elementals","player_choice":"Offered Basic","floor":22.0,"gold_loss":0.0,"damage_taken":0.0},{"damage_healed":0.0,"max_hp_gain":0.0,"max_hp_loss":4.0,"gold_gain":0.0,"event_name":"Winding Halls","player_choice":"Max HP","floor":37.0,"gold_loss":0.0,"damage_taken":0.0},{"damage_healed":0.0,"max_hp_gain":0.0,"max_hp_loss":0.0,"gold_gain":0.0,"event_name":"Mysterious Sphere","player_choice":"Fight","floor":46.0,"gold_loss":0.0,"damage_taken":0.0},{"damage_healed":0.0,"max_hp_gain":0.0,"max_hp_loss":0.0,"gold_gain":0.0,"event_name":"MindBloom","player_choice":"Fight","floor":47.0,"gold_loss":0.0,"damage_taken":0.0}],"is_beta":false,"boss_relics":[{"not_picked":["Philosopher\u0027s Stone","Empty Cage"],"picked":"Runic Pyramid"},{"not_picked":["Inserter","FrozenCore"],"picked":"Velvet Choker"}],"items_purged_floors":[14,38],"is_endless":false,"potions_floor_spawned":[3,4,6,13,18,24,36,41,42,44],"ascension_level":20}