{"gold_per_floor":[114,39,39,59,10,10,10,10,10,35,110,141,141,153,153,253,253,268,283,283,318,66,66,96,96,171,200,4,14,28,47,47,47],"floor_reached":33,"playtime":1643,"items_purged":["Normality","Regret"],"score":462,"play_id":"eaa022c2-246e-4c3f-86be-a9cf02705693","local_time":"20190124225526","is_ascension_mode":true,"campfire_choices":[{"data":"Inflame","floor":6,"key":"SMITH"},{"data":"Heavy Blade","floor":8,"key":"SMITH"},{"floor":15,"key":"REST"},{"floor":23,"key":"REST"},{"floor":25,"key":"REST"},{"floor":32,"key":"REST"}],"neow_cost":"CURSE","seed_source_timestamp":104106239651600,"circlet_count":0,"master_deck":["AscendersBane","Strike_R","Strike_R","Strike_R","Strike_R","Strike_R","Defend_R","Defend_R","Defend_R","Defend_R","Bash","Inflame+1","Heavy Blade+1","Cleave","Fiend Fire","Flame Barrier","Second Wind+1","Feel No Pain","Double Tap","Body Slam","Flex+1"],"relics":["Burning Blood","Gambling Chip","FaceOfCleric","Centennial Puzzle","Singing Bowl","Pen Nib","Bottled Flame","Bag of Preparation","Runic Pyramid","MutagenicStrength","Red Mask","Strawberry","Orichalcum","Self Forming Clay","Charon\u0027s Ashes","Medical Kit"],"potions_floor_usage":[10,16,21,27,33],"damage_taken":[{"damage":14,"enemies":"2 Louse","floor":1,"turns":2},{"damage":1,"enemies":"Cultist","floor":4,"turns":3},{"damage":27,"enemies":"3 Sentries","floor":10,"turns":8},{"damage":24,"enemies":"Gremlin Nob","floor":12,"turns":4},{"damage":12,"enemies":"Jaw Worm","floor":14,"turns":2},{"damage":35,"enemies":"Slime Boss","floor":16,"turns":7},{"damage":22,"enemies":"2 Thieves","floor":18,"turns":2},{"damage":24,"enemies":"3 Byrds","floor":19,"turns":4},{"damage":14,"enemies":"Masked Bandits","floor":21,"turns":4},{"damage":74,"enemies":"Slavers","floor":24,"turns":7},{"damage":22,"enemies":"Book of Stabbing","floor":27,"turns":5},{"damage":12,"enemies":"Snake Plant","floor":29,"turns":3},{"damage":0,"enemies":"Centurion and Healer","floor":30,"turns":3},{"damage":8,"enemies":"Cultist and Chosen","floor":31,"turns":6},{"damage":90,"enemies":"Champ","floor":33,"turns":8}],"seed_played":"-7861728302982479389","potions_obtained":[{"floor":1,"key":"Dexterity Potion"},{"floor":14,"key":"GamblersBrew"},{"floor":16,"key":"FairyPotion"},{"floor":19,"key":"SkillPotion"},{"floor":24,"key":"AttackPotion"},{"floor":31,"key":"SpeedPotion"}],"is_trial":false,"path_per_floor":["M","$","?","M","$","R","?","R","T","E","?","E","?","M","R","B",null,"M","M","?","?","$","R","E","R","T","E","$","M","M","M","R","B"],"character_chosen":"IRONCLAD","items_purchased":["Heavy Blade","Strawberry","Medical Kit"],"campfire_rested":4,"item_purchase_floors":[5,22,28],"current_hp_per_floor":[64,64,64,70,70,70,70,70,70,52,41,24,24,21,47,19,72,57,40,40,35,42,72,17,47,47,32,32,27,36,35,67,0],"gold":47,"neow_bonus":"ONE_RARE_RELIC","is_prod":false,"is_daily":false,"chose_seed":false,"campfire_upgraded":2,"win_rate":0,"timestamp":1548366926,"path_taken":["M","$","?","M","?","R","?","R","T","E","?","E","?","?","R","BOSS","M","?","?","?","$","R","E","R","T","E","?","M","M","M","R","BOSS"],"build_version":"2019-01-23","purchased_purges":2,"victory":false,"max_hp_per_floor":[80,80,80,81,81,81,81,81,81,84,84,85,85,88,88,89,89,90,91,91,94,101,101,102,102,102,103,103,104,107,108,108,108],"card_choices":[{"not_picked":["Searing Blow","Perfected Strike"],"picked":"Rage","floor":1},{"not_picked":["Dual Wield","Shockwave"],"picked":"Inflame","floor":4},{"not_picked":["Clothesline","Sever Soul","Dropkick"],"picked":"Singing Bowl","floor":10},{"not_picked":["Disarm","Entrench"],"picked":"Cleave","floor":12},{"not_picked":["Shrug It Off","Body Slam","Infernal Blade"],"picked":"Singing Bowl","floor":14},{"not_picked":["Bludgeon","Barricade"],"picked":"Fiend Fire","floor":16},{"not_picked":["Metallicize","Burning Pact"],"picked":"Flame Barrier","floor":18},{"not_picked":["Thunderclap","Clothesline"],"picked":"Second Wind+1","floor":19},{"not_picked":["Cleave+1","Anger","Thunderclap+1"],"picked":"Singing Bowl","floor":21},{"not_picked":["Heavy Blade","Uppercut"],"picked":"Feel No Pain","floor":24},{"not_picked":["Havoc+1","Hemokinesis+1"],"picked":"Double Tap","floor":27},{"not_picked":["Havoc","Disarm"],"picked":"Body Slam","floor":29},{"not_picked":["Perfected Strike","Pommel Strike","Burning Pact"],"picked":"Singing Bowl","floor":30},{"not_picked":["Body Slam","Shrug It Off"],"picked":"Flex+1","floor":31}],"player_experience":1286819,"relics_obtained":[{"floor":9,"key":"Singing Bowl"},{"floor":10,"key":"Pen Nib"},{"floor":12,"key":"Bottled Flame"},{"floor":21,"key":"Red Mask"},{"floor":24,"key":"Orichalcum"},{"floor":26,"key":"Self Forming Clay"},{"floor":27,"key":"Charon\u0027s Ashes"}],"event_choices":[{"damage_healed":0,"gold_gain":0,"player_choice":"Trade","damage_taken":0,"relics_obtained":["FaceOfCleric"],"max_hp_gain":0,"max_hp_loss":0,"event_name":"FaceTrader","floor":3,"gold_loss":0},{"damage_healed":0,"gold_gain":0,"player_choice":"Box","damage_taken":0,"relics_obtained":["Centennial Puzzle"],"max_hp_gain":0,"max_hp_loss":0,"event_name":"Big Fish","floor":7,"gold_loss":0,"cards_obtained":["Regret"]},{"damage_healed":0,"gold_gain":75,"player_choice":"Gather Gold","damage_taken":11,"max_hp_gain":0,"max_hp_loss":0,"event_name":"World of Goop","floor":11,"gold_loss":0},{"cards_removed":["Rage"],"damage_healed":0,"gold_gain":0,"player_choice":"Gave Card","damage_taken":0,"relics_obtained":["Bag of Preparation"],"max_hp_gain":0,"max_hp_loss":0,"event_name":"WeMeetAgain","floor":13,"gold_loss":0},{"damage_healed":0,"gold_gain":0,"player_choice":"Inject Mutagens","damage_taken":0,"relics_obtained":["MutagenicStrength"],"max_hp_gain":0,"max_hp_loss":0,"event_name":"Drug Dealer","floor":20,"gold_loss":0},{"damage_healed":0,"gold_gain":0,"player_choice":"Fought Bandits","damage_taken":0,"max_hp_gain":0,"max_hp_loss":0,"event_name":"Masked Bandits","floor":21,"gold_loss":0}],"is_beta":false,"boss_relics":[{"not_picked":["White Beast Statue","Ectoplasm"],"picked":"Runic Pyramid"}],"items_purged_floors":[2,22],"is_endless":false,"potions_floor_spawned":[1,14,16,19,24,31],"killed_by":"Champ","ascension_level":10}