{"gold_per_floor":[119,9,9,9,28,28,28,28,28,44,55,72,72,88,88,163,163,182,197,197,210,510,510,529,529,529,547,472,472,484,497,497,568,568,581,23,72,72,85,85,85,104,128,128,28,45,45,62,62,62],"floor_reached":50,"playtime":2742,"items_purged":["Pain","Normality"],"score":719,"play_id":"bbc74bb8-ff0a-4bcb-ba85-f0e990922db3","local_time":"20190429115251","is_ascension_mode":true,"campfire_choices":[{"data":"1","floor":6,"key":"LIFT"},{"data":"2","floor":8,"key":"LIFT"},{"data":"3","floor":13,"key":"LIFT"},{"data":"Noxious Fumes","floor":15,"key":"SMITH"},{"data":"After Image","floor":23,"key":"SMITH"},{"data":"Cloak And Dagger","floor":25,"key":"SMITH"},{"floor":29,"key":"REST"},{"floor":32,"key":"REST"},{"floor":40,"key":"REST"},{"floor":47,"key":"REST"},{"floor":49,"key":"REST"}],"neow_cost":"CURSE","seed_source_timestamp":16531792060076,"circlet_count":0,"master_deck":["AscendersBane","Defend_G+1","Defend_G+1","Defend_G+1","Defend_G+1","Defend_G+1","Strike_G+1","Strike_G+1","Strike_G+1","Strike_G+1","Neutralize","Backstab","Footwork","Backstab","Well Laid Plans","Noxious Fumes+1","Deflect","After Image+1","Footwork","Dash","Cloak And Dagger+1","Slice","Terror+1","Infinite Blades","After Image","Slice","Mind Blast","Blade Dance","Accuracy","Writhe","Acrobatics","Infinite Blades","Leg Sweep"],"relics":["Ring of the Snake","Girya","Mummified Hand","Philosopher\u0027s Stone","Old Coin","Kunai","Cursed Key","Tiny Chest","Lantern","Medical Kit","Calipers","Ancient Tea Set","Omamori"],"potions_floor_usage":[16,16,27,27,48,50],"damage_taken":[{"damage":1,"enemies":"Small Slimes","floor":1,"turns":3},{"damage":0,"enemies":"Jaw Worm","floor":5,"turns":4},{"damage":0,"enemies":"Cultist","floor":10,"turns":3},{"damage":0,"enemies":"3 Louse","floor":11,"turns":2},{"damage":0,"enemies":"Exordium Thugs","floor":12,"turns":5},{"damage":0,"enemies":"Blue Slaver","floor":14,"turns":2},{"damage":27,"enemies":"Hexaghost","floor":16,"turns":10},{"damage":3,"enemies":"Shell Parasite","floor":18,"turns":5},{"damage":0,"enemies":"Spheric Guardian","floor":19,"turns":4},{"damage":17,"enemies":"Shelled Parasite and Fungi","floor":21,"turns":5},{"damage":1,"enemies":"Centurion and Healer","floor":24,"turns":5},{"damage":17,"enemies":"Cultist and Chosen","floor":27,"turns":7},{"damage":2,"enemies":"Snake Plant","floor":30,"turns":4},{"damage":0,"enemies":"Shelled Parasite and Fungi","floor":31,"turns":4},{"damage":12,"enemies":"Automaton","floor":33,"turns":9},{"damage":0,"enemies":"Orb Walker","floor":35,"turns":3},{"damage":23,"enemies":"2 Orb Walkers","floor":37,"turns":6},{"damage":24,"enemies":"3 Darklings","floor":39,"turns":5},{"damage":0,"enemies":"4 Shapes","floor":42,"turns":8},{"damage":10,"enemies":"Sphere and 2 Shapes","floor":46,"turns":4},{"damage":11,"enemies":"Transient","floor":48,"turns":5},{"damage":70,"enemies":"Donu and Deca","floor":50,"turns":5}],"seed_played":"8760115487329728586","potions_obtained":[{"floor":1,"key":"AttackPotion"},{"floor":10,"key":"GamblersBrew"},{"floor":12,"key":"Regen Potion"},{"floor":21,"key":"EssenceOfSteel"},{"floor":24,"key":"AttackPotion"},{"floor":27,"key":"Poison Potion"},{"floor":30,"key":"SpeedPotion"},{"floor":35,"key":"SpeedPotion"},{"floor":46,"key":"GhostInAJar"}],"is_trial":false,"path_per_floor":["M","$","?","?","M","R","$","R","T","M","M","M","R","M","R","B",null,"M","M","?","M","T","R","M","R","T","M","?","R","M","M","R","B",null,"M","$","?","?","M","R","T","M","T","?","$","M","R","M","R","B"],"character_chosen":"THE_SILENT","items_purchased":["Footwork","Tiny Chest","Lantern","Mind Blast","Medical Kit"],"campfire_rested":5,"item_purchase_floors":[2,36,36,36,36],"current_hp_per_floor":[62,62,48,48,48,48,48,48,48,48,48,48,48,48,48,36,62,59,59,59,42,42,42,41,41,41,24,24,45,43,43,64,52,66,66,66,43,43,19,38,38,38,38,38,38,28,47,36,55,0],"gold":62,"neow_bonus":"ONE_RARE_RELIC","is_prod":false,"is_daily":false,"chose_seed":false,"campfire_upgraded":3,"win_rate":0,"timestamp":1556563971,"path_taken":["M","$","?","?","M","R","$","R","T","?","M","M","R","M","R","BOSS","M","M","?","M","?","R","M","R","T","M","?","R","M","M","R","BOSS","M","$","?","?","M","R","?","M","T","?","?","M","R","?","R","BOSS"],"build_version":"2019-01-23","purchased_purges":2,"victory":false,"max_hp_per_floor":[70,70,70,70,70,70,70,70,70,70,70,70,70,70,70,70,70,70,70,70,70,70,70,70,70,70,70,70,70,70,70,70,70,70,70,70,70,66,66,66,66,66,66,66,66,66,66,66,66,66],"card_choices":[{"not_picked":["Slice","Poisoned Stab"],"picked":"Backstab","floor":1},{"not_picked":["Sucker Punch","Bane"],"picked":"Backflip","floor":5},{"not_picked":["PiercingWail","Cloak And Dagger"],"picked":"Backstab","floor":10},{"not_picked":["Setup","Bane"],"picked":"Well Laid Plans","floor":11},{"not_picked":["Masterful Stab","Escape Plan"],"picked":"Noxious Fumes","floor":12},{"not_picked":["Catalyst","Backflip"],"picked":"Deflect","floor":14},{"not_picked":["Envenom","Phantasmal Killer"],"picked":"After Image","floor":16},{"not_picked":["Outmaneuver","Masterful Stab","Poisoned Stab"],"picked":"SKIP","floor":18},{"not_picked":["Bane","Sucker Punch"],"picked":"Footwork","floor":19},{"not_picked":["Dodge and Roll","Concentrate"],"picked":"Dash","floor":21},{"not_picked":["Expertise","Dodge and Roll+1"],"picked":"Cloak And Dagger","floor":24},{"not_picked":["Flying Knee","Finisher+1"],"picked":"Slice","floor":27},{"not_picked":["Reflex","Setup"],"picked":"Terror+1","floor":30},{"not_picked":["Masterful Stab","Backflip"],"picked":"Infinite Blades","floor":31},{"not_picked":["Night Terror","Corpse Explosion"],"picked":"After Image","floor":33},{"not_picked":["Heel Hook","Sucker Punch"],"picked":"Slice","floor":35},{"not_picked":["Slice","Concentrate"],"picked":"Blade Dance","floor":37},{"not_picked":["Outmaneuver","Setup"],"picked":"Accuracy","floor":39},{"not_picked":["Underhanded Strike","Cloak And Dagger"],"picked":"Acrobatics","floor":42},{"not_picked":["Dagger Throw","Dash+1"],"picked":"Infinite Blades","floor":46},{"not_picked":["Distraction","Dodge and Roll"],"picked":"Leg Sweep","floor":48}],"player_experience":1507055,"relics_obtained":[{"floor":9,"key":"Mummified Hand"},{"floor":22,"key":"Old Coin"},{"floor":26,"key":"Kunai"},{"floor":37,"key":"Calipers"},{"floor":41,"key":"Ancient Tea Set"},{"floor":43,"key":"Omamori"}],"event_choices":[{"damage_healed":0,"gold_gain":0,"player_choice":"Entered Light","damage_taken":14,"max_hp_gain":0,"max_hp_loss":0,"event_name":"Shining Light","floor":3,"gold_loss":0,"cards_upgraded":["Defend_G","Strike_G"]},{"cards_removed":["Strike_G"],"damage_healed":0,"gold_gain":0,"player_choice":"Offered Basic","damage_taken":0,"max_hp_gain":0,"max_hp_loss":0,"event_name":"Bonfire Elementals","floor":4,"gold_loss":0},{"damage_healed":0,"gold_gain":0,"player_choice":"Simplicity","damage_taken":0,"max_hp_gain":0,"max_hp_loss":0,"event_name":"Back to Basics","floor":20,"gold_loss":0,"cards_upgraded":["Defend_G","Defend_G","Defend_G","Defend_G","Strike_G","Strike_G","Strike_G"]},{"cards_removed":["Survivor"],"damage_healed":0,"gold_gain":0,"player_choice":"Gave Gold","damage_taken":0,"max_hp_gain":0,"max_hp_loss":0,"event_name":"Beggar","floor":28,"gold_loss":75},{"damage_healed":0,"gold_gain":0,"player_choice":"Fight","damage_taken":0,"max_hp_gain":0,"max_hp_loss":0,"event_name":"Mysterious Sphere","floor":37,"gold_loss":0},{"damage_healed":0,"gold_gain":0,"player_choice":"Max HP","damage_taken":0,"max_hp_gain":0,"max_hp_loss":4,"event_name":"Winding Halls","floor":38,"gold_loss":0},{"cards_removed":["Backflip"],"damage_healed":0,"gold_gain":0,"player_choice":"Removed Skill","damage_taken":0,"max_hp_gain":0,"max_hp_loss":0,"event_name":"Falling","floor":44,"gold_loss":0}],"is_beta":false,"boss_relics":[{"not_picked":["Astrolabe","Coffee Dripper"],"picked":"Philosopher\u0027s Stone"},{"not_picked":["Black Star","Lizard Tail"],"picked":"Cursed Key"}],"items_purged_floors":[2,45],"is_endless":false,"potions_floor_spawned":[1,10,12,21,24,27,30,35,46],"killed_by":"Donu and Deca","ascension_level":13}