{"gold_per_floor":[19,32,49,69,39,72,72,84,84,16,45,62,62,62,62,160,160,177,177,54,71,71,100,100,100,100,114,114,114,114,131,131,235,235,252,264,264,278,378,378,378,25,51,51,51,51,68,68,68,68],"floor_reached":50,"playtime":2782,"items_purged":["Strike_B","Parasite"],"score":458,"play_id":"ba88b08a-2f41-4946-8e09-ad661d420b01","local_time":"20190304005212","is_ascension_mode":false,"campfire_choices":[{"data":"Double Energy","floor":7,"key":"SMITH"},{"floor":13,"key":"REST"},{"floor":15,"key":"REST"},{"floor":25,"key":"REST"},{"data":"Darkness","floor":29,"key":"SMITH"},{"data":"Loop","floor":32,"key":"SMITH"},{"data":"RitualDagger","floor":40,"key":"SMITH"},{"data":"Doom and Gloom","floor":44,"key":"SMITH"},{"data":"Multi-Cast","floor":46,"key":"SMITH"},{"floor":49,"key":"REST"}],"neow_cost":"NO_GOLD","seed_source_timestamp":921061170834400,"circlet_count":0,"master_deck":["Strike_B+1","Strike_B+1","Defend_B+1","Defend_B+1","Defend_B+1","Zap","Dualcast","Hologram","Recycle","Double Energy+1","Leap","Coolheaded","Darkness+1","Doom and Gloom+1","Beam Cell","Auto Shields","Multi-Cast+1","RitualDagger+1","Conserve Battery","Glacier","Chill+1","Loop+1","Lockon+1","Core Surge","Skim+1","Sunder+1","Leap+1","Go for the Eyes","Cold Snap+1"],"relics":["Cracked Core","Mango","Boot","Cables","Odd Mushroom","Nuclear Battery","Darkstone Periapt","Shuriken","Ornamental Fan","Astrolabe","WingedGreaves","Kunai","Orichalcum"],"potions_floor_usage":[12],"damage_taken":[{"damage":0,"enemies":"Cultist","floor":1,"turns":3},{"damage":5,"enemies":"Small Slimes","floor":2,"turns":3},{"damage":5,"enemies":"Jaw Worm","floor":3,"turns":4},{"damage":6,"enemies":"3 Louse","floor":4,"turns":3},{"damage":5,"enemies":"Looter","floor":5,"turns":4},{"damage":26,"enemies":"3 Sentries","floor":6,"turns":12},{"damage":8,"enemies":"2 Fungi Beasts","floor":8,"turns":4},{"damage":17,"enemies":"The Mushroom Lair","floor":11,"turns":3},{"damage":5,"enemies":"Large Slime","floor":12,"turns":6},{"damage":19,"enemies":"Slime Boss","floor":16,"turns":4},{"damage":10,"enemies":"3 Byrds","floor":18,"turns":5},{"damage":10,"enemies":"Shell Parasite","floor":21,"turns":3},{"damage":45,"enemies":"Slavers","floor":23,"turns":9},{"damage":5,"enemies":"Shelled Parasite and Fungi","floor":27,"turns":7},{"damage":4,"enemies":"Sentry and Sphere","floor":31,"turns":9},{"damage":32,"enemies":"Champ","floor":33,"turns":8},{"damage":7,"enemies":"Orb Walker","floor":35,"turns":6},{"damage":3,"enemies":"3 Shapes","floor":36,"turns":3},{"damage":17,"enemies":"Writhing Mass","floor":38,"turns":6},{"damage":3,"enemies":"Mind Bloom Boss Battle","floor":39,"turns":9},{"damage":18,"enemies":"Sphere and 2 Shapes","floor":47,"turns":6},{"damage":97,"enemies":"Donu and Deca","floor":50,"turns":11}],"seed_played":"5948543609274812111","potions_obtained":[{"floor":2,"key":"Weak Potion"},{"floor":6,"key":"Weak Potion"},{"floor":8,"key":"FearPotion"},{"floor":11,"key":"SteroidPotion"},{"floor":23,"key":"SteroidPotion"}],"is_trial":false,"path_per_floor":["M","M","M","M","M","E","R","M","T","$","?","M","R","$","R","B",null,"M","?","$","M","?","E","?","R","T","M","?","R","T","M","R","B",null,"M","M","?","M","?","R","?","$","T","R","$","R","M","?","R","B"],"character_chosen":"DEFECT","items_purchased":["Doom and Gloom","Conserve Battery","Kunai"],"campfire_rested":4,"item_purchase_floors":[10,20,42],"current_hp_per_floor":[89,84,79,73,68,42,42,34,34,34,17,19,45,45,71,52,89,86,80,80,70,70,32,32,58,58,60,60,60,60,63,63,31,89,89,89,89,78,75,75,75,75,75,75,75,75,57,57,83,0],"gold":68,"neow_bonus":"ONE_RARE_RELIC","is_prod":false,"is_daily":false,"chose_seed":false,"campfire_upgraded":6,"win_rate":0,"timestamp":1551689532,"path_taken":["M","?","M","M","M","E","R","M","T","?","?","M","R","$","R","BOSS","M","?","$","M","?","E","?","R","T","M","?","R","?","M","R","BOSS","M","M","?","M","?","R","?","$","T","R","?","R","?","?","R","BOSS"],"build_version":"2019-01-23","purchased_purges":2,"victory":false,"max_hp_per_floor":[89,89,89,89,89,89,89,89,89,89,89,89,89,89,89,89,89,89,89,89,89,89,89,89,89,89,89,89,89,89,89,89,89,89,89,89,89,95,95,95,95,92,92,92,92,92,92,87,87,87],"card_choices":[{"not_picked":["Stack","Sweeping Beam"],"picked":"Hologram","floor":1},{"not_picked":["Consume","Redo"],"picked":"Recycle","floor":2},{"not_picked":["Streamline","Skim"],"picked":"Double Energy","floor":3},{"not_picked":["Streamline","Consume"],"picked":"Leap","floor":4},{"not_picked":["Reprogram","Redo"],"picked":"Coolheaded","floor":5},{"not_picked":["Cold Snap","Redo"],"picked":"Darkness","floor":6},{"not_picked":["FTL","Fission"],"picked":"Self Repair","floor":8},{"not_picked":["Blizzard","Hello World"],"picked":"Beam Cell","floor":11},{"not_picked":["Go for the Eyes","Coolheaded"],"picked":"Auto Shields","floor":12},{"not_picked":["All For One","Meteor Strike"],"picked":"Multi-Cast","floor":16},{"not_picked":["Reinforced Body","Rebound+1"],"picked":"Gash","floor":18},{"not_picked":["Gash","Hello World"],"picked":"Glacier","floor":21},{"not_picked":["Leap","Heatsinks"],"picked":"Chill+1","floor":23},{"not_picked":["Hello World","Melter"],"picked":"Lockon+1","floor":27},{"not_picked":["Steam Power","Cold Snap","Melter+1"],"picked":"SKIP","floor":31},{"not_picked":["All For One","Fission"],"picked":"Core Surge","floor":33},{"not_picked":["White Noise","Force Field+1"],"picked":"Go for the Eyes","floor":35},{"not_picked":["Gash+1","Steam"],"picked":"Cold Snap+1","floor":36},{"not_picked":["Auto Shields","Reinforced Body","Chill"],"picked":"SKIP","floor":38},{"not_picked":["Conserve Battery+1","Double Energy","Coolheaded"],"picked":"SKIP","floor":47}],"player_experience":235204,"relics_obtained":[{"floor":6,"key":"Boot"},{"floor":9,"key":"Cables"},{"floor":11,"key":"Odd Mushroom"},{"floor":23,"key":"Darkstone Periapt"},{"floor":26,"key":"Shuriken"},{"floor":30,"key":"Ornamental Fan"},{"floor":39,"key":"WingedGreaves"},{"floor":43,"key":"Orichalcum"}],"event_choices":[{"damage_healed":0,"gold_gain":0,"player_choice":"Fought Mushrooms","damage_taken":0,"max_hp_gain":0,"max_hp_loss":0,"event_name":"Mushrooms","floor":11,"gold_loss":0},{"damage_healed":0,"gold_gain":0,"player_choice":"Joined the Cult","damage_taken":6,"max_hp_gain":0,"max_hp_loss":0,"event_name":"Nest","floor":19,"gold_loss":0,"cards_obtained":["RitualDagger"]},{"damage_healed":0,"gold_gain":0,"player_choice":"Ignored","damage_taken":0,"max_hp_gain":0,"max_hp_loss":0,"event_name":"Beggar","floor":22,"gold_loss":0},{"damage_healed":0,"gold_gain":0,"player_choice":"Read","damage_taken":0,"max_hp_gain":0,"max_hp_loss":0,"event_name":"The Library","floor":24,"gold_loss":0,"cards_obtained":["Loop"]},{"damage_healed":0,"gold_gain":0,"player_choice":"Simplicity","damage_taken":0,"max_hp_gain":0,"max_hp_loss":0,"event_name":"Back to Basics","floor":28,"gold_loss":0,"cards_upgraded":["Strike_B","Strike_B","Strike_B","Defend_B","Defend_B","Defend_B","Defend_B"]},{"cards_removed":["Self Repair"],"damage_healed":0,"gold_gain":0,"player_choice":"Removed Power","damage_taken":0,"max_hp_gain":0,"max_hp_loss":0,"event_name":"Falling","floor":37,"gold_loss":0},{"damage_healed":0,"gold_gain":0,"player_choice":"Fight","damage_taken":0,"max_hp_gain":0,"max_hp_loss":0,"event_name":"MindBloom","floor":39,"gold_loss":0},{"damage_healed":0,"gold_gain":0,"player_choice":"Ignored","damage_taken":0,"max_hp_gain":0,"max_hp_loss":0,"event_name":"Tomb of Lord Red Mask","floor":41,"gold_loss":0},{"damage_healed":0,"gold_gain":0,"player_choice":"Max HP","damage_taken":0,"max_hp_gain":0,"max_hp_loss":5,"event_name":"Winding Halls","floor":48,"gold_loss":0}],"is_beta":false,"boss_relics":[{"not_picked":["Snecko Eye","Runic Dome"],"picked":"Nuclear Battery"},{"not_picked":["FrozenCore","Empty Cage"],"picked":"Astrolabe"}],"items_purged_floors":[20,42],"is_endless":false,"potions_floor_spawned":[2,6,8,11,23,27,33,35,38,39,47],"killed_by":"Donu and Deca","ascension_level":0}