{"gold_per_floor":[119,119,139,69,69,95,95,427,451,465,485,760,29,45,45,45],"floor_reached":16,"playtime":467,"items_purged":[],"score":176,"play_id":"36d7d33d-1032-4890-a01c-080acc681086","local_time":"20190503153807","is_ascension_mode":true,"campfire_choices":[{"floor":7,"key":"REST"},{"floor":15,"key":"REST"}],"neow_cost":"NONE","seed_source_timestamp":1363859854804800,"circlet_count":0,"master_deck":["AscendersBane","Strike_B","Strike_B","Defend_B","Defend_B","Defend_B","Defend_B","Zap","Dualcast","Chaos","Conserve Battery","Static Discharge","Barrage","Chaos","Machine Learning","Regret","Turbo"],"relics":["Cracked Core","Centennial Puzzle","Old Coin","Potion Belt","Ice Cream","Torii"],"potions_floor_usage":[14,14,16],"damage_taken":[{"damage":4,"enemies":"Jaw Worm","floor":1,"turns":4},{"damage":6,"enemies":"Cultist","floor":3,"turns":4},{"damage":31,"enemies":"3 Sentries","floor":6,"turns":9},{"damage":31,"enemies":"Gremlin Nob","floor":8,"turns":4},{"damage":7,"enemies":"2 Louse","floor":10,"turns":3},{"damage":9,"enemies":"Red Slaver","floor":11,"turns":4},{"damage":18,"enemies":"3 Louse","floor":14,"turns":3},{"damage":33,"enemies":"Slime Boss","floor":16,"turns":3}],"seed_played":"473546298538731315","potions_obtained":[{"floor":8,"key":"Fire Potion"},{"floor":10,"key":"GamblersBrew"},{"floor":11,"key":"Dexterity Potion"}],"is_trial":false,"path_per_floor":["M","?","M","$","?","E","R","E","T","M","M","?","$","M","R","B"],"character_chosen":"DEFECT","items_purchased":["Static Discharge","Ice Cream","Torii","PowerPotion","Regen Potion"],"campfire_rested":2,"item_purchase_floors":[4,13,13,13,13],"current_hp_per_floor":[71,71,65,65,65,34,58,27,27,20,11,11,11,5,29,0],"gold":45,"neow_bonus":"TEN_PERCENT_HP_BONUS","is_prod":false,"is_daily":false,"chose_seed":false,"campfire_upgraded":0,"win_rate":0,"timestamp":1556890687,"path_taken":["M","?","?","?","?","E","R","E","T","?","M","?","?","M","R","BOSS"],"build_version":"2019-01-23","purchased_purges":0,"victory":false,"max_hp_per_floor":[82,82,82,82,82,82,82,82,82,82,82,82,82,82,82,82],"card_choices":[{"not_picked":["Coolheaded","Rebound"],"picked":"Chaos","floor":1},{"not_picked":["Skim","Coolheaded"],"picked":"Conserve Battery","floor":3},{"not_picked":["Hologram","Force Field"],"picked":"Barrage","floor":6},{"not_picked":["Leap","Compile Driver"],"picked":"Chaos","floor":8},{"not_picked":["Compile Driver","Barrage","Hologram"],"picked":"SKIP","floor":10},{"not_picked":["Beam Cell","Reinforced Body"],"picked":"Machine Learning","floor":11},{"not_picked":["Hologram","Reinforced Body"],"picked":"Turbo","floor":14}],"player_experience":1796977,"relics_obtained":[{"floor":6,"key":"Centennial Puzzle"},{"floor":8,"key":"Old Coin"},{"floor":9,"key":"Potion Belt"}],"event_choices":[{"cards_removed":["Strike_B"],"damage_healed":0,"gold_gain":0,"player_choice":"Purged","damage_taken":0,"max_hp_gain":0,"max_hp_loss":0,"event_name":"Purifier","floor":2,"gold_loss":0},{"cards_removed":["Strike_B"],"damage_healed":0,"gold_gain":0,"player_choice":"Offered Basic","damage_taken":0,"max_hp_gain":0,"max_hp_loss":0,"event_name":"Bonfire Elementals","floor":5,"gold_loss":0},{"damage_healed":0,"gold_gain":275,"player_choice":"Desecrate","damage_taken":0,"max_hp_gain":0,"max_hp_loss":0,"event_name":"Golden Shrine","floor":12,"gold_loss":0,"cards_obtained":["Regret"]}],"is_beta":false,"boss_relics":[],"items_purged_floors":[],"is_endless":false,"potions_floor_spawned":[8,10,11],"killed_by":"Slime Boss","ascension_level":12}