{"gold_per_floor":[116,116,37,56,106,106,156,169,192,192,242,258,258,29,29,125,125,138,46,186,259,309,349,399,39,39,39,63,113,157,157],"floor_reached":31,"playtime":1615,"items_purged":[],"score":517,"play_id":"d2dc9bac-c751-48f5-8c1a-df7fb5fac06c","local_time":"20190510061350","is_ascension_mode":true,"campfire_choices":[{"floor":6,"key":"RECALL"},{"data":"Noxious Fumes","floor":10,"key":"SMITH"},{"data":"Terror","floor":13,"key":"SMITH"},{"data":"Dagger Spray","floor":15,"key":"SMITH"},{"floor":27,"key":"REST"}],"neow_cost":"NONE","seed_source_timestamp":2233342474898,"circlet_count":0,"master_deck":["AscendersBane","Defend_G","Defend_G","Defend_G","Defend_G","Defend_G","Strike_G","Strike_G","Strike_G","Strike_G","Survivor","Neutralize","Blur","Noxious Fumes+1","Terror+1","Blade Dance","PiercingWail","Dagger Spray+1","Cloak And Dagger","Doppelganger","Leg Sweep","Flash of Steel","Madness","Crippling Poison","Ghostly","Ghostly","Ghostly","Cloak And Dagger","Cloak And Dagger","Noxious Fumes","Finesse","Well Laid Plans","Cloak And Dagger"],"relics":["Ring of the Snake","NeowsBlessing","SsserpentHead","Boot","Golden Idol","Pantograph","Fusion Hammer","Smiling Mask","Lee\u0027s Waffle","Happy Flower","Centennial Puzzle"],"potions_floor_usage":[18,18,28,30,31],"damage_taken":[{"damage":0,"enemies":"Jaw Worm","floor":1,"turns":1},{"damage":0,"enemies":"Cultist","floor":4,"turns":1},{"damage":0,"enemies":"2 Louse","floor":8,"turns":1},{"damage":7,"enemies":"Large Slime","floor":12,"turns":5},{"damage":35,"enemies":"Hexaghost","floor":16,"turns":10},{"damage":13,"enemies":"Spheric Guardian","floor":18,"turns":7},{"damage":16,"enemies":"Chosen","floor":21,"turns":6},{"damage":5,"enemies":"Gremlin Leader","floor":23,"turns":8},{"damage":12,"enemies":"Centurion and Healer","floor":28,"turns":9},{"damage":18,"enemies":"Slavers","floor":30,"turns":5},{"damage":19,"enemies":"Cultist and Chosen","floor":31,"turns":7}],"seed_played":"-2209135920024727745","potions_obtained":[{"floor":8,"key":"SpeedPotion"},{"floor":12,"key":"SpeedPotion"},{"floor":23,"key":"SkillPotion"},{"floor":29,"key":"FairyPotion"},{"floor":29,"key":"SpeedPotion"},{"floor":30,"key":"SteroidPotion"}],"is_trial":false,"path_per_floor":["M","?","$","M","T","R","?","M","T","R","?","M","R","$","R","B",null,"M","$","?","M","?","E","?","$","T","R","M","?","E","M"],"character_chosen":"THE_SILENT","items_purchased":["Noxious Fumes","Terror","Pantograph","Flash of Steel","Cloak And Dagger","Noxious Fumes","Finesse","Lee\u0027s Waffle"],"campfire_rested":1,"item_purchase_floors":[3,3,14,19,25,25,25,25],"current_hp_per_floor":[59,59,59,59,59,59,59,59,59,59,36,29,29,29,29,19,54,41,41,23,7,7,2,2,40,40,40,28,28,10,0],"gold":157,"neow_bonus":"THREE_ENEMY_KILL","is_prod":false,"is_daily":false,"chose_seed":false,"campfire_upgraded":3,"win_rate":0,"timestamp":1557494030,"path_taken":["M","?","?","M","?","R","?","M","T","R","?","M","R","?","R","BOSS","M","$","?","?","?","E","?","?","T","R","M","?","E","M"],"build_version":"2019-01-23","purchased_purges":0,"victory":false,"max_hp_per_floor":[66,66,66,66,66,66,66,66,66,66,66,66,66,66,66,66,66,66,66,66,66,33,33,33,40,40,40,40,40,40,40],"card_choices":[{"not_picked":["Dodge and Roll","Slice"],"picked":"Blur","floor":1},{"not_picked":["Flying Knee","Sucker Punch"],"picked":"Blade Dance","floor":4},{"not_picked":["Prepared","Glass Knife"],"picked":"Dagger Spray","floor":8},{"not_picked":["Prepared","Blade Dance"],"picked":"Cloak And Dagger","floor":12},{"not_picked":["Wraith Form v2","Venomology"],"picked":"Doppelganger","floor":16},{"not_picked":["Choke","PiercingWail"],"picked":"Leg Sweep","floor":18},{"not_picked":["Tactician+1","Escape Plan"],"picked":"Crippling Poison","floor":21},{"not_picked":["Caltrops","Flying Knee"],"picked":"Cloak And Dagger","floor":23},{"not_picked":["Predator","Noxious Fumes"],"picked":"Well Laid Plans","floor":28},{"not_picked":["Slice","Concentrate"],"picked":"Cloak And Dagger","floor":30}],"player_experience":1675334,"relics_obtained":[{"floor":9,"key":"Boot"},{"floor":23,"key":"Smiling Mask"},{"floor":26,"key":"Happy Flower"},{"floor":30,"key":"Centennial Puzzle"}],"event_choices":[{"damage_healed":0,"gold_gain":0,"player_choice":"Trade","damage_taken":0,"relics_obtained":["SsserpentHead"],"max_hp_gain":0,"max_hp_loss":0,"event_name":"FaceTrader","floor":2,"gold_loss":0},{"damage_healed":0,"gold_gain":0,"cards_transformed":["Strike_G"],"player_choice":"Change","damage_taken":0,"max_hp_gain":0,"max_hp_loss":0,"event_name":"Living Wall","floor":7,"gold_loss":0,"cards_obtained":["PiercingWail"]},{"damage_healed":0,"gold_gain":0,"player_choice":"Take Damage","damage_taken":23,"relics_obtained":["Golden Idol"],"max_hp_gain":0,"max_hp_loss":0,"event_name":"Golden Idol","floor":11,"gold_loss":0},{"damage_healed":0,"gold_gain":90,"player_choice":"GOLD CARD ","damage_taken":18,"max_hp_gain":0,"max_hp_loss":0,"event_name":"Knowing Skull","floor":20,"potions_obtained":[],"gold_loss":0,"cards_obtained":["Madness"]},{"damage_healed":0,"gold_gain":0,"player_choice":"Became a Ghost","damage_taken":0,"max_hp_gain":0,"max_hp_loss":33,"event_name":"Ghosts","floor":22,"gold_loss":0,"cards_obtained":["Ghostly","Ghostly","Ghostly"]},{"damage_healed":0,"gold_gain":0,"player_choice":"Ignored","damage_taken":0,"max_hp_gain":0,"max_hp_loss":0,"event_name":"Vampires","floor":24,"gold_loss":0},{"damage_healed":0,"gold_gain":0,"player_choice":"Got Potions","damage_taken":0,"max_hp_gain":0,"max_hp_loss":0,"event_name":"Lab","floor":29,"gold_loss":0}],"is_beta":false,"boss_relics":[{"not_picked":["Ectoplasm","Black Star"],"picked":"Fusion Hammer"}],"items_purged_floors":[],"is_endless":false,"potions_floor_spawned":[8,12,23,30],"killed_by":"Cultist and Chosen","ascension_level":18}