{"gold_per_floor":[110,110,122,134,116,128,159,204,216,242,312,402,414,426,438,450],"floor_reached":16,"playtime":883,"items_purged":[],"score":110,"play_id":"89b79f45-5fb6-4ffb-82e8-abebd61cabd9","local_time":"20181124125150","is_ascension_mode":true,"campfire_choices":[{"floor":6.0,"key":"REST"},{"floor":13.0,"key":"REST"},{"floor":15.0,"key":"REST"}],"neow_cost":"NONE","seed_source_timestamp":129916548518179,"circlet_count":0,"master_deck":["Strike_R","Strike_R","Strike_R","Strike_R","Strike_R","Defend_R","Defend_R","Defend_R","Defend_R","Iron Wave","Heavy Blade","Flame Barrier","Ghostly Armor","Twin Strike","Flex"],"special_seed":0,"relics":["Burning Blood","MawBank","Girya","Self Forming Clay","Bag of Preparation","Mercury Hourglass"],"potions_floor_usage":[],"damage_taken":[{"damage":13.0,"enemies":"Jaw Worm","floor":1.0,"turns":4.0},{"damage":12.0,"enemies":"Small Slimes","floor":7.0,"turns":3.0},{"damage":28.0,"enemies":"3 Sentries","floor":8.0,"turns":9.0},{"damage":1.0,"enemies":"Cultist","floor":10.0,"turns":3.0},{"damage":39.0,"enemies":"Lagavulin Event","floor":11.0,"turns":6.0},{"damage":71,"enemies":"Slime Boss","floor":16,"turns":9}],"seed_played":"-1109834314238157033","potions_obtained":[{"floor":5.0,"key":"LiquidBronze"},{"floor":5.0,"key":"Energy Potion"},{"floor":7.0,"key":"Poison Potion"}],"is_trial":false,"path_per_floor":["M","?","$","?","?","R","M","E","T","M","?","T","R","$","R","B"],"character_chosen":"IRONCLAD","items_purchased":[],"campfire_rested":3,"item_purchase_floors":[],"current_hp_per_floor":[73,40,40,40,40,64,58,36,36,41,8,8,32,32,56,0],"gold":450,"neow_bonus":"TRANSFORM_CARD","is_prod":false,"is_daily":false,"chose_seed":false,"campfire_upgraded":0,"win_rate":0,"timestamp":1543031510,"path_taken":["M","?","$","?","?","R","?","E","T","M","?","?","R","?","R","BOSS"],"build_version":"2018-11-15","purchased_purges":0,"victory":false,"max_hp_per_floor":[80,80,80,80,80,80,80,80,80,80,80,80,80,80,80,80],"card_choices":[{"not_picked":["Battle Trance","Clash"],"picked":"Heavy Blade","floor":1.0},{"not_picked":["Shockwave","Sword Boomerang"],"picked":"Flame Barrier","floor":7.0},{"not_picked":["Clothesline","True Grit"],"picked":"Ghostly Armor","floor":8.0},{"not_picked":["Wild Strike","Corruption"],"picked":"Twin Strike","floor":10.0},{"not_picked":["Clash","Hemokinesis"],"picked":"Flex","floor":11.0}],"player_experience":50114,"relics_obtained":[{"floor":8.0,"key":"Girya"},{"floor":9.0,"key":"Self Forming Clay"},{"floor":11.0,"key":"Bag of Preparation"},{"floor":12.0,"key":"Mercury Hourglass"}],"event_choices":[{"damage_healed":0.0,"max_hp_gain":0.0,"max_hp_loss":0.0,"gold_gain":0.0,"event_name":"Scrap Ooze","player_choice":"Success","floor":2.0,"gold_loss":0.0,"damage_taken":33.0,"relics_obtained":["MawBank"]},{"damage_healed":0.0,"max_hp_gain":0.0,"max_hp_loss":0.0,"gold_gain":0.0,"event_name":"Liars Game","player_choice":"Ignored","floor":4.0,"gold_loss":0.0,"damage_taken":0.0},{"damage_healed":0.0,"max_hp_gain":0.0,"max_hp_loss":0.0,"gold_gain":0.0,"event_name":"The Woman in Blue","player_choice":"Bought 2 Potions","floor":5.0,"gold_loss":0.0,"damage_taken":0.0},{"damage_healed":0.0,"max_hp_gain":0.0,"max_hp_loss":0.0,"gold_gain":30.0,"event_name":"Dead Adventurer","player_choice":"Searched \u00272\u0027 times","floor":11.0,"gold_loss":0.0,"damage_taken":0.0}],"is_beta":false,"boss_relics":[],"items_purged_floors":[],"is_endless":false,"potions_floor_spawned":[7,8],"killed_by":"Slime Boss","ascension_level":3}