{"gold_per_floor":[411,486,10,10,21,50,15,32,32,32,43,61,61,236,236,332,332,345,345,15,30,50,50,65,65,65,92,92,103,103,5,5,110,110,127,138,33,51,67,126,126,161,161,161,17,17,0,19,19,19],"floor_reached":51,"playtime":3901,"items_purged":["Clumsy","Doubt","Normality","Normality"],"score":1105,"play_id":"2afd390a-4f7d-47cf-9ef0-d124c8834ddd","local_time":"20190413124814","is_ascension_mode":true,"campfire_choices":[{"floor":10,"key":"DIG"},{"floor":13,"key":"DIG"},{"floor":15,"key":"DIG"},{"floor":23,"key":"DIG"},{"floor":25,"key":"DIG"},{"floor":28,"key":"DIG"},{"floor":30,"key":"DIG"},{"floor":32,"key":"DIG"},{"floor":41,"key":"DIG"},{"floor":49,"key":"DIG"}],"neow_cost":"CURSE","seed_source_timestamp":154171772404776,"circlet_count":0,"master_deck":["Defend_G","Defend_G","Defend_G","Defend_G","Defend_G","Strike_G","Strike_G","Strike_G","Survivor","Neutralize","Underhanded Strike","Underhanded Strike","Acrobatics","The Bomb","Well Laid Plans","Infinite Blades","Leg Sweep","Noxious Fumes","Leg Sweep","Cloak And Dagger","Malaise+1","Underhanded Strike","Prepared+1","Footwork","Burst+1","Blur+1","Footwork+1","Reflex+1","Prepared+1","Deflect+1","Reflex+1","Concentrate+1","Calculated Gamble+1","Well Laid Plans","Tools of the Trade","Injury","Dodge and Roll+1","Calculated Gamble+1","Cloak And Dagger+1","Underhanded Strike","Dodge and Roll+1","Leg Sweep+1","Concentrate+1","Reflex+1","Terror+1","Infinite Blades","Backflip+1","Underhanded Strike+1","Calculated Gamble+1","Noxious Fumes","Bouncing Flask+1","Dodge and Roll+1"],"relics":["Ring of the Snake","Old Coin","Membership Card","Tingsha","Shovel","Pear","Toxic Egg 2","Prayer Wheel","Runic Pyramid","Art of War","Letter Opener","Matryoshka","Mummified Hand","Happy Flower","Kunai","Bottled Flame","Pantograph","Question Card","Bronze Scales","Juzu Bracelet","Calling Bell","Dream Catcher","Meat on the Bone","Tough Bandages","Tiny Chest","Oddly Smooth Stone","Gremlin Horn","PreservedInsect","Nunchaku","Red Mask","Blue Candle"],"potions_floor_usage":[3,12,16,22,29,38,39,39,42],"damage_taken":[{"damage":4,"enemies":"Small Slimes","floor":1,"turns":4},{"damage":7,"enemies":"2 Louse","floor":5,"turns":2},{"damage":13,"enemies":"Gremlin Nob","floor":6,"turns":4},{"damage":0,"enemies":"Cultist","floor":8,"turns":2},{"damage":6,"enemies":"Exordium Wildlife","floor":11,"turns":5},{"damage":0,"enemies":"Lots of Slimes","floor":12,"turns":2},{"damage":16,"enemies":"Hexaghost","floor":16,"turns":8},{"damage":16,"enemies":"2 Thieves","floor":18,"turns":3},{"damage":10,"enemies":"3 Byrds","floor":21,"turns":3},{"damage":2,"enemies":"3 Cultists","floor":22,"turns":4},{"damage":0,"enemies":"Snecko","floor":24,"turns":8},{"damage":19,"enemies":"Slavers","floor":27,"turns":3},{"damage":0,"enemies":"Cultist and Chosen","floor":29,"turns":3},{"damage":0,"enemies":"Collector","floor":33,"turns":9},{"damage":12,"enemies":"3 Shapes","floor":35,"turns":4},{"damage":33,"enemies":"3 Darklings","floor":36,"turns":6},{"damage":0,"enemies":"4 Shapes","floor":38,"turns":3},{"damage":0,"enemies":"Writhing Mass","floor":39,"turns":6},{"damage":0,"enemies":"Nemesis","floor":40,"turns":7},{"damage":1,"enemies":"Reptomancer","floor":42,"turns":5},{"damage":0,"enemies":"3 Darklings","floor":48,"turns":3},{"damage":39,"enemies":"Donu and Deca","floor":50,"turns":9}],"seed_played":"6780538855480145903","potions_obtained":[{"floor":6,"key":"FearPotion"},{"floor":11,"key":"PowerPotion"},{"floor":18,"key":"SkillPotion"},{"floor":19,"key":"Fire Potion"},{"floor":27,"key":"Poison Potion"},{"floor":29,"key":"EssenceOfSteel"},{"floor":35,"key":"Fire Potion"},{"floor":38,"key":"Poison Potion"},{"floor":40,"key":"SkillPotion"}],"is_trial":false,"path_per_floor":["M","?","$","?","M","E","$","M","T","R","M","M","R","?","R","B",null,"M","?","$","M","M","R","M","R","T","E","R","M","R","$","R","B",null,"M","M","$","M","M","E","R","E","T","?","$","?","?","M","R","B",null],"character_chosen":"THE_SILENT","items_purchased":["Membership Card","Underhanded Strike","Acrobatics","The Bomb","Fruit Juice","GhostInAJar","Explosive Potion","Leg Sweep","Art of War","Letter Opener","Footwork","Burst+1","Well Laid Plans","Bronze Scales","Dodge and Roll+1","Leg Sweep+1","Energy Potion","Block Potion","Noxious Fumes"],"campfire_rested":0,"item_purchase_floors":[3,3,3,3,3,3,3,7,20,20,20,20,31,31,37,37,45,45,45],"current_hp_per_floor":[66,55,60,60,53,40,40,40,40,50,44,44,44,44,44,28,85,69,69,69,59,57,57,57,57,57,38,38,38,38,38,38,63,85,73,52,52,52,52,52,52,51,51,51,51,51,51,51,51,49],"gold":19,"neow_bonus":"ONE_RARE_RELIC","is_prod":false,"is_daily":false,"chose_seed":false,"campfire_upgraded":0,"win_rate":0,"timestamp":1555184894,"path_taken":["M","?","$","?","M","E","$","?","T","R","M","M","R","?","R","BOSS","M","?","$","M","M","R","M","R","T","E","R","?","R","?","R","BOSS","M","M","$","M","M","E","R","E","T","?","$","?","?","M","R","BOSS"],"build_version":"2019-01-23","purchased_purges":4,"victory":true,"max_hp_per_floor":[70,70,75,75,75,75,75,75,75,85,85,85,85,85,85,85,85,85,85,85,85,85,85,85,85,85,85,85,85,85,85,85,85,85,85,85,85,85,85,85,85,85,85,85,85,85,85,85,85,85],"card_choices":[{"not_picked":["Blade Dance","All Out Attack"],"picked":"Underhanded Strike","floor":1},{"not_picked":["Dodge and Roll","Dagger Throw"],"picked":"Well Laid Plans","floor":5},{"not_picked":["Heel Hook","Setup"],"picked":"Infinite Blades","floor":6},{"not_picked":["Poisoned Stab","Bouncing Flask"],"picked":"Noxious Fumes","floor":8},{"not_picked":["Skewer","Escape Plan"],"picked":"Leg Sweep","floor":11},{"not_picked":["Quick Slash","Predator"],"picked":"Cloak And Dagger","floor":12},{"not_picked":["Phantasmal Killer+1","Venomology+1"],"picked":"Malaise+1","floor":16},{"not_picked":["Poisoned Stab","Heel Hook"],"picked":"Underhanded Strike","floor":18},{"not_picked":["Acrobatics+1","Underhanded Strike"],"picked":"Prepared+1","floor":18},{"not_picked":["Accuracy","Choke"],"picked":"Blur+1","floor":21},{"not_picked":["Bouncing Flask+1","Setup+1"],"picked":"Footwork+1","floor":21},{"not_picked":["Bouncing Flask+1","Masterful Stab+1"],"picked":"Reflex+1","floor":22},{"not_picked":["Sucker Punch+1","Dagger Spray","Blade Dance+1"],"picked":"SKIP","floor":22},{"not_picked":["Flechettes","Accuracy"],"picked":"Prepared+1","floor":24},{"not_picked":["Prepared+1","Cloak And Dagger+1"],"picked":"Deflect+1","floor":24},{"not_picked":["Acrobatics+1","Caltrops"],"picked":"Reflex+1","floor":27},{"not_picked":["Quick Slash","Calculated Gamble+1"],"picked":"Concentrate+1","floor":29},{"not_picked":["Riddle With Holes","Flying Knee"],"picked":"Calculated Gamble+1","floor":29},{"not_picked":["Unload","Storm of Steel+1","Die Die Die"],"picked":"Tools of the Trade","floor":33},{"not_picked":["Slice+1","Catalyst+1","Setup+1"],"picked":"Dodge and Roll+1","floor":35},{"not_picked":["Sucker Punch","Acrobatics+1","Skewer"],"picked":"Calculated Gamble+1","floor":35},{"not_picked":["PiercingWail+1","Wraith Form v2","Poisoned Stab"],"picked":"Cloak And Dagger+1","floor":36},{"not_picked":["Dagger Spray+1","Blade Dance+1","Flying Knee+1"],"picked":"Underhanded Strike","floor":36},{"not_picked":["Bane+1","Riddle With Holes+1","Finisher"],"picked":"Concentrate+1","floor":38},{"not_picked":["Flying Knee","Blade Dance+1","Catalyst+1"],"picked":"Reflex+1","floor":38},{"not_picked":["Blade Dance+1","Endless Agony+1","Dagger Spray+1"],"picked":"Terror+1","floor":39},{"not_picked":["Bouncing Flask+1","Sucker Punch+1","Dagger Spray+1"],"picked":"Infinite Blades","floor":39},{"not_picked":["Distraction+1","Infinite Blades+1","Heel Hook+1"],"picked":"Backflip+1","floor":40},{"not_picked":["Bullet Time+1","Terror+1","PiercingWail+1"],"picked":"Underhanded Strike+1","floor":42},{"not_picked":["Backstab+1","Caltrops+1","Leg Sweep+1"],"picked":"Bouncing Flask+1","floor":48},{"not_picked":["Quick Slash+1","Deflect+1","Flying Knee+1"],"picked":"Dodge and Roll+1","floor":48}],"player_experience":1333570,"relics_obtained":[{"floor":6,"key":"Tingsha"},{"floor":9,"key":"Shovel"},{"floor":10,"key":"Pear"},{"floor":13,"key":"Toxic Egg 2"},{"floor":15,"key":"Prayer Wheel"},{"floor":23,"key":"Matryoshka"},{"floor":25,"key":"Mummified Hand"},{"floor":26,"key":"Happy Flower"},{"floor":26,"key":"Kunai"},{"floor":27,"key":"Bottled Flame"},{"floor":28,"key":"Pantograph"},{"floor":30,"key":"Question Card"},{"floor":32,"key":"Juzu Bracelet"},{"floor":34,"key":"Dream Catcher"},{"floor":34,"key":"Meat on the Bone"},{"floor":34,"key":"Tough Bandages"},{"floor":40,"key":"Tiny Chest"},{"floor":41,"key":"Oddly Smooth Stone"},{"floor":42,"key":"Gremlin Horn"},{"floor":43,"key":"PreservedInsect"},{"floor":43,"key":"Nunchaku"},{"floor":49,"key":"Blue Candle"}],"event_choices":[{"damage_healed":0,"gold_gain":75,"player_choice":"Gather Gold","damage_taken":11,"max_hp_gain":0,"max_hp_loss":0,"event_name":"World of Goop","floor":2,"gold_loss":0},{"cards_removed":["Strike_G"],"damage_healed":0,"gold_gain":0,"player_choice":"Offered Basic","damage_taken":0,"max_hp_gain":0,"max_hp_loss":0,"event_name":"Bonfire Elementals","floor":4,"gold_loss":0},{"damage_healed":0,"gold_gain":175,"player_choice":"AGREE","damage_taken":0,"max_hp_gain":0,"max_hp_loss":0,"event_name":"Liars Game","floor":14,"gold_loss":0,"cards_obtained":["Doubt"]},{"damage_healed":0,"gold_gain":0,"player_choice":"Got Potions","damage_taken":0,"max_hp_gain":0,"max_hp_loss":0,"event_name":"Lab","floor":19,"gold_loss":0},{"damage_healed":0,"gold_gain":0,"player_choice":"Copied","damage_taken":0,"max_hp_gain":0,"max_hp_loss":0,"event_name":"Duplicator","floor":44,"gold_loss":0,"cards_obtained":["Calculated Gamble"]},{"cards_removed":["Strike_G"],"damage_healed":0,"gold_gain":0,"player_choice":"Removed Attack","damage_taken":0,"max_hp_gain":0,"max_hp_loss":0,"event_name":"Falling","floor":46,"gold_loss":0},{"damage_healed":0,"gold_gain":0,"player_choice":"Paid","damage_taken":0,"relics_obtained":["Red Mask"],"max_hp_gain":0,"max_hp_loss":0,"event_name":"Tomb of Lord Red Mask","floor":47,"gold_loss":17}],"is_beta":false,"boss_relics":[{"not_picked":["Pandora\u0027s Box","Ring of the Serpent"],"picked":"Runic Pyramid"},{"not_picked":["Orrery","Velvet Choker"],"picked":"Calling Bell"}],"items_purged_floors":[3,20,37,45],"is_endless":false,"potions_floor_spawned":[6,11,18,27,29,35,38,40],"ascension_level":4}