{"gold_per_floor":[117,135,60,71,71,71,21,21,21,21,46,46,46,23,23,23],"floor_reached":16,"playtime":405,"items_purged":["Strike_G"],"score":96,"play_id":"82dfe454-6b98-4169-b7be-049e184edb30","local_time":"20190305224138","is_ascension_mode":false,"campfire_choices":[{"data":"Dagger Spray","floor":6,"key":"SMITH"},{"data":"Neutralize","floor":10,"key":"SMITH"},{"floor":12,"key":"REST"},{"floor":15,"key":"REST"}],"neow_cost":"NONE","seed_source_timestamp":3609970836093,"circlet_count":0,"master_deck":["Defend_G","Defend_G","Defend_G","Defend_G","Defend_G","Strike_G","Strike_G","Strike_G","Survivor","Neutralize+1","Dramatic Entrance","Dagger Spray+1","Backstab","Outmaneuver","PiercingWail","Deflect"],"relics":["Ring of the Snake","Centennial Puzzle","Darkstone Periapt","Calipers","Meat on the Bone"],"potions_floor_usage":[11],"damage_taken":[{"damage":1,"enemies":"2 Louse","floor":1,"turns":3},{"damage":0,"enemies":"Small Slimes","floor":2,"turns":3},{"damage":0,"enemies":"Jaw Worm","floor":4,"turns":3},{"damage":37,"enemies":"Lagavulin","floor":11,"turns":7},{"damage":68,"enemies":"The Guardian","floor":16,"turns":15}],"seed_played":"3720916052695099298","potions_obtained":[{"floor":2,"key":"Strength Potion"},{"floor":4,"key":"Swift Potion"},{"floor":11,"key":"SmokeBomb"}],"is_trial":false,"path_per_floor":["M","M","$","M","$","R","?","?","T","R","E","R","T","$","R","B"],"character_chosen":"THE_SILENT","items_purchased":["Deflect"],"campfire_rested":2,"item_purchase_floors":[14],"current_hp_per_floor":[69,69,69,69,69,69,69,62,62,62,25,46,46,46,67,0],"gold":23,"neow_bonus":"RANDOM_COLORLESS","is_prod":false,"is_daily":false,"chose_seed":false,"campfire_upgraded":2,"win_rate":0,"timestamp":1551854498,"path_taken":["M","M","$","M","$","R","?","?","T","R","E","R","?","?","R","BOSS"],"build_version":"2019-01-23","purchased_purges":1,"victory":false,"max_hp_per_floor":[70,70,70,70,70,70,70,70,70,70,70,70,70,70,70,70],"card_choices":[{"not_picked":["Calculated Gamble","Terror"],"picked":"Dagger Spray","floor":1},{"not_picked":["Calculated Gamble","Poisoned Stab"],"picked":"Backstab","floor":2},{"not_picked":["Finisher","Deadly Poison"],"picked":"Outmaneuver","floor":4},{"not_picked":["Dagger Throw","Sucker Punch"],"picked":"PiercingWail","floor":11}],"player_experience":275347,"relics_obtained":[{"floor":9,"key":"Darkstone Periapt"},{"floor":11,"key":"Calipers"},{"floor":13,"key":"Meat on the Bone"}],"event_choices":[{"cards_removed":["Strike_G"],"damage_healed":0,"gold_gain":0,"player_choice":"Card Removal","damage_taken":0,"max_hp_gain":0,"max_hp_loss":0,"event_name":"The Cleric","floor":7,"gold_loss":50},{"damage_healed":0,"gold_gain":0,"player_choice":"Success","damage_taken":7,"relics_obtained":["Centennial Puzzle"],"max_hp_gain":0,"max_hp_loss":0,"event_name":"Scrap Ooze","floor":8,"gold_loss":0}],"is_beta":false,"boss_relics":[],"items_purged_floors":[3],"is_endless":false,"potions_floor_spawned":[2,4,11],"killed_by":"The Guardian","ascension_level":0}