{"gold_per_floor":[218,38,3,14,31,31,63,63,63,79,10,41,41,41,41,139,139,125,140,140],"floor_reached":20,"playtime":588,"items_purged":["Strike_B"],"score":255,"play_id":"4ca8eafc-e623-4819-9a9e-47a2de742b13","local_time":"20190127225705","is_ascension_mode":true,"campfire_choices":[{"data":"Redo","floor":6,"key":"SMITH"},{"floor":8,"key":"REST"},{"floor":15,"key":"REST"}],"neow_cost":"NONE","seed_source_timestamp":364460532920600,"circlet_count":0,"master_deck":["Strike_B","Strike_B","Strike_B","Defend_B","Defend_B","Defend_B","Defend_B","Zap","Dualcast","Redo+1","Sunder","Chaos","White Noise","Tempest","Static Discharge+1","Self Repair+1","Echo Form+1","Steam","Amplify","Hologram","Barrage"],"relics":["Cracked Core","Frozen Egg 2","Matryoshka","Regal Pillow","Kunai","Bottled Tornado","Darkstone Periapt","Inserter"],"potions_floor_usage":[16,18,20],"damage_taken":[{"damage":7,"enemies":"Jaw Worm","floor":1,"turns":3},{"damage":1,"enemies":"Small Slimes","floor":4,"turns":3},{"damage":6,"enemies":"Cultist","floor":5,"turns":3},{"damage":30,"enemies":"3 Sentries","floor":7,"turns":4},{"damage":0,"enemies":"2 Fungi Beasts","floor":10,"turns":2},{"damage":28,"enemies":"Gremlin Nob","floor":12,"turns":4},{"damage":33,"enemies":"Slime Boss","floor":16,"turns":4},{"damage":42,"enemies":"2 Thieves","floor":18,"turns":5},{"damage":21,"enemies":"Shell Parasite","floor":19,"turns":3},{"damage":25,"enemies":"Snecko","floor":20,"turns":4}],"seed_played":"2730704900453395109","potions_obtained":[{"floor":1,"key":"LiquidBronze"},{"floor":10,"key":"FearPotion"},{"floor":12,"key":"EssenceOfSteel"},{"floor":19,"key":"SpeedPotion"}],"is_trial":false,"path_per_floor":["M","$","?","M","M","R","E","R","T","M","$","E","T","?","R","B",null,"M","M","M"],"character_chosen":"DEFECT","items_purchased":["Sunder","Chaos","Echo Form+1"],"campfire_rested":2,"item_purchase_floors":[2,2,11],"current_hp_per_floor":[61,61,75,74,68,68,38,60,60,60,60,32,32,32,69,36,65,43,22,0],"gold":140,"neow_bonus":"HUNDRED_GOLD","is_prod":false,"is_daily":false,"chose_seed":false,"campfire_upgraded":1,"win_rate":0,"timestamp":1548626225,"path_taken":["M","$","?","M","M","R","E","R","T","M","$","E","?","?","R","BOSS","M","M","?"],"build_version":"2019-01-23","purchased_purges":1,"victory":false,"max_hp_per_floor":[75,75,75,75,75,75,75,75,75,75,75,75,75,75,75,75,75,75,75,75],"card_choices":[{"not_picked":["Steam Power","Conserve Battery"],"picked":"Redo","floor":1},{"not_picked":["Ball Lightning","Cold Snap"],"picked":"White Noise","floor":4},{"not_picked":["Stack","Rebound"],"picked":"Tempest","floor":5},{"not_picked":["Conserve Battery","Skim"],"picked":"Static Discharge","floor":7},{"not_picked":["Loop+1","Reprogram"],"picked":"Self Repair+1","floor":10},{"not_picked":["Auto Shields","Cold Snap"],"picked":"Steam","floor":12},{"not_picked":["Core Surge","Thunder Strike"],"picked":"Amplify","floor":16},{"not_picked":["Coolheaded","Beam Cell+1"],"picked":"Hologram","floor":18},{"not_picked":["Recycle+1","Conserve Battery+1"],"picked":"Barrage","floor":19}],"player_experience":1342818,"relics_obtained":[{"floor":7,"key":"Frozen Egg 2"},{"floor":9,"key":"Matryoshka"},{"floor":12,"key":"Regal Pillow"},{"floor":13,"key":"Kunai"},{"floor":13,"key":"Bottled Tornado"}],"event_choices":[{"damage_healed":18,"gold_gain":0,"player_choice":"Healed","damage_taken":0,"max_hp_gain":0,"max_hp_loss":0,"event_name":"The Cleric","floor":3,"gold_loss":35},{"damage_healed":0,"gold_gain":0,"player_choice":"Gave Potion","damage_taken":0,"relics_obtained":["Darkstone Periapt"],"max_hp_gain":0,"max_hp_loss":0,"event_name":"WeMeetAgain","floor":14,"gold_loss":0}],"is_beta":false,"boss_relics":[{"not_picked":["Runic Dome","Black Star"],"picked":"Inserter"}],"items_purged_floors":[2],"is_endless":false,"potions_floor_spawned":[1,10,12,19],"killed_by":"Snecko","ascension_level":8}