{"gold_per_floor":[118,118,135,135,153,153,188,207,207,207,282,309,309,159,159,258,258,277,123,151,551,566,566,491,581,604,623,650,650,669,386,386,486,486,501,519,267,489,503,503,533,545,598,624,654,676,718,745,757,769,781,793,157,186,186],"floor_reached":55,"playtime":5044,"items_purged":["Strike_R","Defend_R","Reaper"],"score":869,"play_id":"ae8e7b2c-382a-4829-ba05-7c6cf505301f","local_time":"20190504131643","is_ascension_mode":true,"campfire_choices":[{"data":"Bash","floor":6,"key":"SMITH"},{"data":"Intimidate","floor":10,"key":"SMITH"},{"data":"Pommel Strike","floor":13,"key":"SMITH"},{"floor":15,"key":"REST"},{"data":"Metallicize","floor":23,"key":"SMITH"},{"data":"Sentinel","floor":32,"key":"SMITH"},{"data":"Ghostly Armor","floor":40,"key":"SMITH"},{"floor":49,"key":"RECALL"},{"data":"Shrug It Off","floor":52,"key":"SMITH"}],"neow_cost":"NONE","seed_source_timestamp":1358429157780791,"circlet_count":0,"master_deck":["Bash+1","Pommel Strike+1","Battle Trance","Intimidate+1","Metallicize+1","Flame Barrier+1","Burning Pact+1","Body Slam+1","Sentinel+1","Dual Wield","Ghostly Armor+1","Shrug It Off+1","Spot Weakness","Offering","Iron Wave+1","Heavy Blade+1","Limit Break","Metallicize+1"],"relics":["Burning Blood","Sundial","Ginger","Ice Cream","Blood Vial","Astrolabe","Vajra","Red Mask","Old Coin","Dodecahedron","Strawberry","Lantern","Bag of Preparation","Empty Cage","Letter Opener","Dream Catcher","MawBank","Art of War","Bronze Scales","Sling","Centennial Puzzle"],"potions_floor_usage":[12,12,21,55,55,55,55,55,55],"damage_taken":[{"damage":5,"enemies":"2 Louse","floor":1,"turns":3},{"damage":3,"enemies":"Small Slimes","floor":3,"turns":2},{"damage":1,"enemies":"Cultist","floor":5,"turns":3},{"damage":31,"enemies":"Lagavulin","floor":7,"turns":6},{"damage":9,"enemies":"Blue Slaver","floor":8,"turns":3},{"damage":10,"enemies":"Gremlin Nob","floor":12,"turns":3},{"damage":46,"enemies":"The Guardian","floor":16,"turns":14},{"damage":0,"enemies":"Chosen","floor":18,"turns":4},{"damage":22,"enemies":"Masked Bandits","floor":20,"turns":6},{"damage":6,"enemies":"Colosseum Slavers","floor":21,"turns":5},{"damage":12,"enemies":"Colosseum Nobs","floor":21,"turns":4},{"damage":0,"enemies":"Shell Parasite","floor":22,"turns":4},{"damage":2,"enemies":"Cultist and Chosen","floor":27,"turns":6},{"damage":6,"enemies":"Gremlin Leader","floor":28,"turns":6},{"damage":0,"enemies":"Shelled Parasite and Fungi","floor":30,"turns":4},{"damage":14,"enemies":"Collector","floor":33,"turns":7},{"damage":0,"enemies":"3 Shapes","floor":35,"turns":2},{"damage":6,"enemies":"3 Darklings","floor":36,"turns":2},{"damage":10,"enemies":"Writhing Mass","floor":39,"turns":4},{"damage":6,"enemies":"Giant Head","floor":41,"turns":4},{"damage":6,"enemies":"Jaw Worm Horde","floor":42,"turns":2},{"damage":6,"enemies":"4 Shapes","floor":45,"turns":2},{"damage":6,"enemies":"Transient","floor":46,"turns":5},{"damage":6,"enemies":"Reptomancer","floor":47,"turns":2},{"damage":6,"enemies":"Maw","floor":48,"turns":4},{"damage":54,"enemies":"Donu and Deca","floor":50,"turns":8},{"damage":20,"enemies":"Shield and Spear","floor":54,"turns":5},{"damage":92,"enemies":"The Heart","floor":55,"turns":8}],"seed_played":"-3709548694603675329","potions_obtained":[{"floor":3,"key":"SteroidPotion"},{"floor":8,"key":"Weak Potion"},{"floor":12,"key":"Block Potion"},{"floor":18,"key":"FearPotion"},{"floor":21,"key":"Swift Potion"},{"floor":22,"key":"EntropicBrew"},{"floor":30,"key":"PowerPotion"}],"is_trial":false,"path_per_floor":["M","?","M","?","M","R","E","M","T","R","?","E","R","$","R","B",null,"M","$","?","?","M","R","?","?","T","M","E","?","M","$","R","B",null,"M","M","$","?","M","R","E","M","T","T","M","M","E","M","R","B",null,"R","$","E","B"],"character_chosen":"IRONCLAD","items_purchased":["Metallicize","Vajra","Spot Weakness","Bag of Preparation","Letter Opener","Bronze Scales","Limit Break","Sling"],"campfire_rested":1,"item_purchase_floors":[14,19,31,31,37,53,53,53],"current_hp_per_floor":[88,81,84,59,64,64,39,36,36,36,25,21,21,21,47,9,88,88,88,72,87,88,88,88,72,79,95,95,95,95,95,95,87,95,95,95,95,95,91,91,93,95,95,95,95,95,95,95,95,69,95,95,95,81,0],"gold":186,"neow_bonus":"TEN_PERCENT_HP_BONUS","is_prod":false,"is_daily":false,"chose_seed":false,"campfire_upgraded":7,"win_rate":0,"timestamp":1556993803,"path_taken":["M","?","M","?","M","R","E","M","T","R","?","E","R","$","R","BOSS","M","$","?","?","M","R","?","?","T","?","E","?","M","?","R","BOSS","M","M","$","?","M","R","E","M","T","?","M","?","E","M","R","BOSS","R","$","E","BOSS"],"build_version":"2019-01-23","purchased_purges":3,"victory":false,"max_hp_per_floor":[88,88,88,88,88,88,88,88,88,88,88,88,88,88,88,88,88,88,88,88,88,88,88,88,88,95,95,95,95,95,95,95,95,95,95,95,95,95,95,95,95,95,95,95,95,95,95,95,95,95,95,95,95,95,95],"card_choices":[{"not_picked":["Warcry","Sword Boomerang"],"picked":"Pommel Strike","floor":1},{"not_picked":["Perfected Strike","Infernal Blade","Headbutt"],"picked":"SKIP","floor":3},{"not_picked":["Clash","Body Slam","Seeing Red"],"picked":"SKIP","floor":5},{"not_picked":["Hemokinesis","Iron Wave"],"picked":"Battle Trance","floor":7},{"not_picked":["Power Through","Hemokinesis"],"picked":"Intimidate","floor":8},{"not_picked":["Exhume","Rampage","Body Slam"],"picked":"SKIP","floor":12},{"not_picked":["Feed","Limit Break"],"picked":"Reaper","floor":16},{"not_picked":["Dropkick","Warcry"],"picked":"Sentinel","floor":18},{"not_picked":["Anger+1","True Grit+1"],"picked":"Dual Wield","floor":20},{"not_picked":["Cleave","Evolve"],"picked":"Ghostly Armor","floor":22},{"not_picked":["Anger","Clash+1","Reaper"],"picked":"SKIP","floor":27},{"not_picked":["Heavy Blade","Pommel Strike","Clothesline"],"picked":"SKIP","floor":28},{"not_picked":["Wild Strike","Clash"],"picked":"Shrug It Off","floor":30},{"not_picked":["Fiend Fire","Double Tap"],"picked":"Offering","floor":33},{"not_picked":["True Grit","Warcry"],"picked":"Iron Wave+1","floor":35},{"not_picked":["Cleave+1","Blood for Blood+1","Clash"],"picked":"SKIP","floor":36},{"not_picked":["Twin Strike","Clothesline","Feed"],"picked":"SKIP","floor":39},{"not_picked":["Heavy Blade","Shrug It Off","Warcry"],"picked":"SKIP","floor":41},{"not_picked":["Whirlwind+1","Body Slam+1","Heavy Blade+1"],"picked":"SKIP","floor":42},{"not_picked":["Flex+1","Dual Wield","Ghostly Armor+1"],"picked":"SKIP","floor":45},{"not_picked":["Flex+1","Rupture+1"],"picked":"Heavy Blade+1","floor":46},{"not_picked":["Power Through+1","Whirlwind","Perfected Strike+1"],"picked":"SKIP","floor":47},{"not_picked":["Wild Strike+1","Feed","Clothesline"],"picked":"SKIP","floor":48},{"not_picked":["Clash","Carnage+1"],"picked":"Metallicize+1","floor":54}],"player_experience":239169,"relics_obtained":[{"floor":7,"key":"Ginger"},{"floor":9,"key":"Ice Cream"},{"floor":12,"key":"Blood Vial"},{"floor":20,"key":"Red Mask"},{"floor":21,"key":"Old Coin"},{"floor":21,"key":"Dodecahedron"},{"floor":26,"key":"Strawberry"},{"floor":28,"key":"Lantern"},{"floor":41,"key":"Dream Catcher"},{"floor":44,"key":"MawBank"},{"floor":47,"key":"Art of War"},{"floor":54,"key":"Centennial Puzzle"}],"event_choices":[{"cards_removed":["Strike_R"],"damage_healed":0,"gold_gain":0,"player_choice":"Card Removal","damage_taken":7,"max_hp_gain":0,"max_hp_loss":0,"event_name":"Golden Wing","floor":2,"gold_loss":0},{"damage_healed":0,"gold_gain":0,"player_choice":"Success","damage_taken":25,"relics_obtained":["Sundial"],"max_hp_gain":0,"max_hp_loss":0,"event_name":"Scrap Ooze","floor":4,"gold_loss":0},{"damage_healed":0,"gold_gain":75,"player_choice":"Gather Gold","damage_taken":11,"max_hp_gain":0,"max_hp_loss":0,"event_name":"World of Goop","floor":11,"gold_loss":0},{"damage_healed":0,"gold_gain":0,"player_choice":"Fought Bandits","damage_taken":0,"max_hp_gain":0,"max_hp_loss":0,"event_name":"Masked Bandits","floor":20,"gold_loss":0},{"damage_healed":0,"gold_gain":0,"player_choice":"Fight","damage_taken":0,"max_hp_gain":0,"max_hp_loss":0,"event_name":"Colosseum","floor":21,"gold_loss":0},{"damage_healed":0,"gold_gain":0,"player_choice":"Fought Nobs","damage_taken":0,"max_hp_gain":0,"max_hp_loss":0,"event_name":"Colosseum","floor":21,"gold_loss":0},{"cards_removed":["Defend_R"],"damage_healed":0,"gold_gain":0,"player_choice":"Gave Gold","damage_taken":0,"max_hp_gain":0,"max_hp_loss":0,"event_name":"Beggar","floor":24,"gold_loss":75},{"damage_healed":0,"gold_gain":90,"player_choice":"GOLD ","damage_taken":16,"max_hp_gain":0,"max_hp_loss":0,"event_name":"Knowing Skull","floor":25,"potions_obtained":[],"gold_loss":0,"cards_obtained":[]},{"damage_healed":0,"gold_gain":0,"player_choice":"Ignored","damage_taken":0,"max_hp_gain":0,"max_hp_loss":0,"event_name":"The Mausoleum","floor":29,"gold_loss":0},{"damage_healed":0,"gold_gain":222,"player_choice":"Wore Mask","damage_taken":0,"max_hp_gain":0,"max_hp_loss":0,"event_name":"Tomb of Lord Red Mask","floor":38,"gold_loss":0}],"is_beta":false,"boss_relics":[{"not_picked":["Ectoplasm","Eternal Feather"],"picked":"Astrolabe"},{"not_picked":["Busted Crown","Runic Cube"],"picked":"Empty Cage"}],"items_purged_floors":[14,31,53],"is_endless":false,"potions_floor_spawned":[3,8,12,18,21,22,30,36,42,45,54],"killed_by":"The Heart","ascension_level":1}