{"gold_per_floor":[113,113,132,153,174,174,174,192,192,232,307,307],"floor_reached":12,"playtime":191,"items_purged":[],"score":160,"play_id":"28237107-0aea-4d06-84a8-01e5f9481cd4","local_time":"20190513203325","is_ascension_mode":true,"campfire_choices":[{"data":"Sunder","floor":6,"key":"SMITH"}],"neow_cost":"NONE","seed_source_timestamp":278713817758531,"circlet_count":0,"master_deck":["AscendersBane","Strike_B","Strike_B","Strike_B","Strike_B","Defend_B","Defend_B","Defend_B","Defend_B","Zap","Dualcast","Hologram","Turbo","Ball Lightning","Sunder+1","Double Energy","Gash+1"],"relics":["Cracked Core","NeowsBlessing","Golden Idol","Molten Egg 2","Dodecahedron"],"potions_floor_usage":[10],"damage_taken":[{"damage":0,"enemies":"2 Louse","floor":1,"turns":1},{"damage":0,"enemies":"Jaw Worm","floor":3,"turns":1},{"damage":0,"enemies":"Cultist","floor":4,"turns":1},{"damage":11,"enemies":"Exordium Wildlife","floor":5,"turns":3},{"damage":17,"enemies":"Gremlin Gang","floor":8,"turns":4},{"damage":22,"enemies":"Lagavulin","floor":10,"turns":7},{"damage":0,"enemies":"2 Fungi Beasts","floor":12,"turns":1}],"seed_played":"5277572325181127589","potions_obtained":[{"floor":8,"key":"GamblersBrew"},{"floor":10,"key":"Ancient Potion"}],"is_trial":false,"path_per_floor":["M","?","M","M","M","R","?","M","T","E","?","M"],"character_chosen":"DEFECT","items_purchased":[],"campfire_rested":0,"item_purchase_floors":[],"current_hp_per_floor":[64,64,64,64,53,53,53,36,36,14,3,3],"gold":307,"neow_bonus":"THREE_ENEMY_KILL","is_prod":false,"is_daily":false,"chose_seed":false,"campfire_upgraded":1,"win_rate":0,"timestamp":1557750805,"path_taken":["M","?","M","M","M","R","?","M","T","E","?","M"],"build_version":"2019-01-23","purchased_purges":0,"victory":false,"max_hp_per_floor":[71,64,64,64,64,64,64,64,64,64,64,64],"card_choices":[{"not_picked":["Rebound","FTL"],"picked":"Hologram","floor":1},{"not_picked":["Reprogram","Genetic Algorithm"],"picked":"Turbo","floor":3},{"not_picked":["Rebound","Leap"],"picked":"Ball Lightning","floor":4},{"not_picked":["Self Repair","Force Field"],"picked":"Sunder","floor":5},{"not_picked":["Rebound","Compile Driver"],"picked":"Double Energy","floor":8},{"not_picked":["Hello World","Compile Driver+1"],"picked":"Gash+1","floor":10}],"player_experience":1652172,"relics_obtained":[{"floor":9,"key":"Molten Egg 2"},{"floor":10,"key":"Dodecahedron"}],"event_choices":[{"damage_healed":0,"gold_gain":0,"player_choice":"Lose Max HP","damage_taken":0,"relics_obtained":["Golden Idol"],"max_hp_gain":0,"max_hp_loss":7,"event_name":"Golden Idol","floor":2,"gold_loss":0},{"damage_healed":0,"gold_gain":0,"player_choice":"Ignored","damage_taken":0,"max_hp_gain":0,"max_hp_loss":0,"event_name":"Liars Game","floor":7,"gold_loss":0},{"damage_healed":0,"gold_gain":75,"player_choice":"Gather Gold","damage_taken":11,"max_hp_gain":0,"max_hp_loss":0,"event_name":"World of Goop","floor":11,"gold_loss":0}],"is_beta":false,"boss_relics":[],"items_purged_floors":[],"is_endless":false,"potions_floor_spawned":[8,10],"killed_by":"2 Fungi Beasts","ascension_level":20}