{"gold_per_floor":[118,135,150,82,82,109,109,120,120,295,295,295],"floor_reached":12,"playtime":271,"items_purged":[],"score":125,"play_id":"6e65da51-5b93-4ce6-bc06-7392d0b5ff94","local_time":"20190505020612","is_ascension_mode":true,"campfire_choices":[{"floor":7,"key":"REST"},{"floor":11,"key":"REST"}],"neow_cost":"NONE","seed_source_timestamp":106160209519400,"circlet_count":0,"master_deck":["AscendersBane","Strike_B","Strike_B","Strike_B","Strike_B","Defend_B","Defend_B","Defend_B","Defend_B","Zap","Dualcast","Capacitor","White Noise","Capacitor","Regret","Amplify","Heatsinks","Doubt"],"relics":["Cracked Core","NeowsBlessing","Symbiotic Virus","PreservedInsect","Frozen Egg 2"],"potions_floor_usage":[6,6],"damage_taken":[{"damage":0,"enemies":"Cultist","floor":1,"turns":1},{"damage":0,"enemies":"Jaw Worm","floor":2,"turns":1},{"damage":0,"enemies":"2 Louse","floor":3,"turns":1},{"damage":34,"enemies":"Lagavulin","floor":6,"turns":6},{"damage":18,"enemies":"Looter","floor":8,"turns":4},{"damage":60,"enemies":"Lots of Slimes","floor":12,"turns":4}],"seed_played":"2753300119253993333","potions_obtained":[{"floor":1,"key":"SteroidPotion"},{"floor":2,"key":"SteroidPotion"}],"is_trial":false,"path_per_floor":["M","M","M","$","?","E","R","M","T","?","R","M"],"character_chosen":"DEFECT","items_purchased":["Capacitor"],"campfire_rested":2,"item_purchase_floors":[4],"current_hp_per_floor":[68,68,68,68,68,34,56,38,38,38,60,0],"gold":295,"neow_bonus":"THREE_ENEMY_KILL","is_prod":false,"is_daily":false,"chose_seed":false,"campfire_upgraded":0,"win_rate":0,"timestamp":1557014772,"path_taken":["M","M","?","$","?","E","R","M","T","?","R","M"],"build_version":"2019-01-23","purchased_purges":0,"victory":false,"max_hp_per_floor":[75,75,75,75,75,75,75,75,75,75,75,75],"card_choices":[{"not_picked":["Reprogram","Static Discharge"],"picked":"Capacitor","floor":1},{"not_picked":["Barrage","Hologram","Aggregate"],"picked":"SKIP","floor":2},{"not_picked":["Undo","Compile Driver"],"picked":"White Noise","floor":3},{"not_picked":["Gash","FTL"],"picked":"Amplify","floor":6},{"not_picked":["Static Discharge","Skim"],"picked":"Heatsinks","floor":8}],"player_experience":1808935,"relics_obtained":[{"floor":6,"key":"PreservedInsect"},{"floor":9,"key":"Frozen Egg 2"}],"event_choices":[{"damage_healed":0,"gold_gain":0,"player_choice":"Box","damage_taken":0,"relics_obtained":["Symbiotic Virus"],"max_hp_gain":0,"max_hp_loss":0,"event_name":"Big Fish","floor":5,"gold_loss":0,"cards_obtained":["Regret"]},{"damage_healed":0,"gold_gain":175,"player_choice":"AGREE","damage_taken":0,"max_hp_gain":0,"max_hp_loss":0,"event_name":"Liars Game","floor":10,"gold_loss":0,"cards_obtained":["Doubt"]}],"is_beta":false,"boss_relics":[],"items_purged_floors":[],"is_endless":false,"potions_floor_spawned":[1,2],"killed_by":"Lots of Slimes","ascension_level":12}