{"gold_per_floor":[113,125,145,105,116,142,142,173,248,282,247,311,311,24,24,122,122,134,4,4,24,24,24,43,70,97,97,97,128,140,177,189,302,314,339,351,363],"floor_reached":37,"playtime":2298,"items_purged":[],"score":693,"play_id":"f1c4368a-67a5-430e-8dc4-3540beec1c78","local_time":"20190417220738","is_ascension_mode":true,"campfire_choices":[{"floor":7,"key":"REST"},{"floor":13,"key":"REST"},{"floor":15,"key":"REST"},{"floor":23,"key":"REST"},{"floor":28,"key":"REST"},{"floor":30,"key":"REST"},{"data":"Footwork","floor":32,"key":"SMITH"}],"neow_cost":"NONE","seed_source_timestamp":2991121913800,"circlet_count":0,"master_deck":["AscendersBane","Defend_G","Defend_G","Defend_G","Defend_G","Defend_G","Survivor","Neutralize","Blind","PiercingWail","Footwork+1","Backstab","Predator","Skewer","Wraith Form v2","All Out Attack","Mayhem","Venomology","Dagger Spray","Chrysalis","Dash","Choke","Bite","Bite","Bite","Bite","Bite","Heel Hook+1","Quick Slash+1","Die Die Die","Malaise","Footwork+1"],"relics":["Ring of the Snake","Bronze Scales","Pocketwatch","Kunai","Juzu Bracelet","Tiny Chest","Membership Card","Lizard Tail","Letter Opener","Ancient Tea Set","MawBank","Happy Flower","Busted Crown"],"potions_floor_usage":[5,6,8,10,12,16,18,25,25,25,29,29,33,35,37,37],"damage_taken":[{"damage":0,"enemies":"Cultist","floor":1,"turns":4},{"damage":7,"enemies":"Small Slimes","floor":2,"turns":3},{"damage":8,"enemies":"2 Louse","floor":3,"turns":3},{"damage":0,"enemies":"Large Slime","floor":5,"turns":5},{"damage":36,"enemies":"Gremlin Nob","floor":6,"turns":6},{"damage":9,"enemies":"Lagavulin","floor":8,"turns":11},{"damage":6,"enemies":"3 Sentries","floor":10,"turns":6},{"damage":22,"enemies":"Gremlin Nob","floor":12,"turns":4},{"damage":33,"enemies":"The Guardian","floor":16,"turns":11},{"damage":28,"enemies":"Shell Parasite","floor":18,"turns":7},{"damage":18,"enemies":"Spheric Guardian","floor":21,"turns":6},{"damage":12,"enemies":"Snecko","floor":24,"turns":5},{"damage":42,"enemies":"Gremlin Leader","floor":25,"turns":10},{"damage":20,"enemies":"Slavers","floor":29,"turns":8},{"damage":55,"enemies":"Champ","floor":33,"turns":18},{"damage":37,"enemies":"3 Darklings","floor":35,"turns":10},{"damage":61,"enemies":"2 Orb Walkers","floor":37,"turns":5}],"seed_played":"-8368271994795105414","potions_obtained":[{"floor":3,"key":"Block Potion"},{"floor":4,"key":"SteroidPotion"},{"floor":6,"key":"AttackPotion"},{"floor":8,"key":"AttackPotion"},{"floor":10,"key":"PowerPotion"},{"floor":12,"key":"SteroidPotion"},{"floor":25,"key":"FearPotion"},{"floor":29,"key":"FearPotion"}],"is_trial":false,"path_per_floor":["M","M","M","?","M","E","R","E","T","E","?","E","R","$","R","B",null,"M","$","?","M","?","R","M","E","T","?","R","E","R","T","R","B",null,"M","?","?"],"character_chosen":"THE_SILENT","items_purchased":["Membership Card","Mayhem","Chrysalis","Dash"],"campfire_rested":6,"item_purchase_floors":[14,14,19,19],"current_hp_per_floor":[63,56,48,48,48,12,33,24,24,18,35,13,34,34,55,22,58,30,30,30,12,12,26,22,9,9,25,39,31,45,45,45,28,44,21,21,0],"gold":363,"neow_bonus":"RANDOM_COLORLESS","is_prod":false,"is_daily":false,"chose_seed":false,"campfire_upgraded":1,"win_rate":0,"timestamp":1555531658,"path_taken":["M","?","M","?","M","E","R","E","T","E","?","E","R","$","R","BOSS","M","$","?","M","?","R","M","E","T","?","R","E","R","?","R","BOSS","M","?","?"],"build_version":"2019-01-23","purchased_purges":0,"victory":false,"max_hp_per_floor":[70,70,70,70,70,70,70,70,70,70,70,70,70,70,70,70,70,70,70,70,70,49,49,49,49,49,49,49,49,49,49,49,49,49,49,49,49],"card_choices":[{"not_picked":["Quick Slash","Finisher"],"picked":"Dagger Throw","floor":1},{"not_picked":["Catalyst","Reflex"],"picked":"PiercingWail","floor":2},{"not_picked":["Terror","Cloak And Dagger"],"picked":"Footwork","floor":3},{"not_picked":["Blur","Outmaneuver"],"picked":"Backstab","floor":5},{"not_picked":["Underhanded Strike","Prepared"],"picked":"Predator","floor":6},{"not_picked":["Dagger Throw","Finisher"],"picked":"Skewer","floor":8},{"not_picked":["Prepared","Glass Knife"],"picked":"Wraith Form v2","floor":10},{"not_picked":["Crippling Poison","Prepared"],"picked":"All Out Attack","floor":12},{"not_picked":["Tools of the Trade","Malaise"],"picked":"Venomology","floor":16},{"not_picked":["Bane","Poisoned Stab"],"picked":"Dagger Spray","floor":18},{"not_picked":["Eviscerate+1","PiercingWail"],"picked":"Choke","floor":21},{"not_picked":["Sucker Punch","Tactician+1"],"picked":"Heel Hook+1","floor":24},{"not_picked":["Prepared","Catalyst"],"picked":"Quick Slash+1","floor":25},{"not_picked":["Bouncing Flask+1","Quick Slash"],"picked":"Die Die Die","floor":29},{"not_picked":["Doppelganger","Envenom"],"picked":"Malaise","floor":33},{"not_picked":[],"picked":"Footwork+1","floor":35}],"player_experience":1726848,"relics_obtained":[{"floor":6,"key":"Bronze Scales"},{"floor":8,"key":"Pocketwatch"},{"floor":9,"key":"Kunai"},{"floor":10,"key":"Juzu Bracelet"},{"floor":12,"key":"Tiny Chest"},{"floor":25,"key":"Letter Opener"},{"floor":26,"key":"Ancient Tea Set"},{"floor":29,"key":"MawBank"},{"floor":31,"key":"Happy Flower"}],"event_choices":[{"damage_healed":0,"gold_gain":0,"player_choice":"Bought 3 Potions","damage_taken":0,"max_hp_gain":0,"max_hp_loss":0,"event_name":"The Woman in Blue","floor":4,"gold_loss":0},{"damage_healed":17,"gold_gain":0,"player_choice":"Healed","damage_taken":0,"max_hp_gain":0,"max_hp_loss":0,"event_name":"The Cleric","floor":11,"gold_loss":35},{"cards_removed":["Strike_G"],"damage_healed":0,"gold_gain":0,"player_choice":"Elegance","damage_taken":0,"max_hp_gain":0,"max_hp_loss":0,"event_name":"Back to Basics","floor":20,"gold_loss":0},{"damage_healed":0,"gold_gain":0,"player_choice":"Became a vampire","damage_taken":0,"max_hp_gain":0,"max_hp_loss":21,"event_name":"Vampires","floor":22,"gold_loss":0,"cards_obtained":["Bite","Bite","Bite","Bite","Bite"]},{"damage_healed":16,"gold_gain":0,"player_choice":"Heal","damage_taken":0,"max_hp_gain":0,"max_hp_loss":0,"event_name":"The Library","floor":27,"gold_loss":0},{"cards_removed":["Dagger Throw"],"damage_healed":0,"gold_gain":0,"player_choice":"Removed Attack","damage_taken":0,"max_hp_gain":0,"max_hp_loss":0,"event_name":"Falling","floor":36,"gold_loss":0},{"damage_healed":0,"gold_gain":0,"player_choice":"Fight","damage_taken":0,"max_hp_gain":0,"max_hp_loss":0,"event_name":"Mysterious Sphere","floor":37,"gold_loss":0}],"is_beta":false,"boss_relics":[{"not_picked":["Runic Dome","Eternal Feather"],"picked":"Lizard Tail"},{"not_picked":["Pandora\u0027s Box","Ring of the Serpent"],"picked":"Busted Crown"}],"items_purged_floors":[],"is_endless":false,"potions_floor_spawned":[3,6,8,10,12,24,25,29],"killed_by":"2 Orb Walkers","ascension_level":11}