{"gold_per_floor":[116,116,41,51,51,79,79,254,309,309,321,355,355,367,367,464,464,478,497,19,19,35,35],"floor_reached":23,"playtime":1199,"items_purged":["Strike_R","Defend_R"],"score":249,"play_id":"e549b6d3-b452-442e-98ad-ae942bb6e68e","local_time":"20181102194146","is_ascension_mode":true,"campfire_choices":[{"floor":7,"key":"REST"},{"floor":10,"key":"REST"},{"data":"Doubt","floor":13,"key":"PURGE"},{"data":"Strike_R","floor":15,"key":"PURGE"}],"neow_cost":"TEN_PERCENT_HP_LOSS","seed_source_timestamp":339488321071000,"circlet_count":0,"master_deck":["Strike_R","Defend_R","Defend_R","Bash","Headbutt","Flame Barrier","Barricade","Rampage","Cleave","Clash","Warcry","Shrug It Off","Impervious","Spot Weakness+1","Pommel Strike+1","Immolate+1","Metamorphosis","Dropkick+1"],"relics":["Burning Blood","Peace Pipe","Strawberry","Red Skull","Gremlin Horn","Astrolabe","TheAbacus"],"potions_floor_usage":[6,16,19,23],"damage_taken":[{"damage":14,"enemies":"Jaw Worm","floor":1,"turns":5},{"damage":14,"enemies":"Cultist","floor":4,"turns":6},{"damage":46,"enemies":"3 Sentries","floor":6,"turns":12},{"damage":0,"enemies":"2 Louse","floor":11,"turns":3},{"damage":18,"enemies":"Lagavulin","floor":12,"turns":8},{"damage":5,"enemies":"2 Fungi Beasts","floor":14,"turns":3},{"damage":45,"enemies":"Hexaghost","floor":16,"turns":14},{"damage":15,"enemies":"2 Thieves","floor":18,"turns":4},{"damage":14,"enemies":"Shell Parasite","floor":19,"turns":6},{"damage":11,"enemies":"Cultist and Chosen","floor":22,"turns":5},{"damage":29,"enemies":"Slavers","floor":23,"turns":3}],"seed_played":"6209826973434131862","potions_obtained":[{"floor":4,"key":"SteroidPotion"},{"floor":12,"key":"SteroidPotion"},{"floor":18,"key":"Energy Potion"},{"floor":22,"key":"SkillPotion"}],"is_trial":false,"path_per_floor":["M","?","$","M","?","E","R","?","T","R","M","E","R","M","R","B",null,"M","M","$","?","M"],"character_chosen":"IRONCLAD","items_purchased":["Metamorphosis","TheAbacus"],"campfire_rested":2,"item_purchase_floors":[20,20],"current_hp_per_floor":[64,64,64,56,53,20,43,43,43,66,72,60,60,61,61,22,65,56,48,48,33,28,0],"gold":35,"neow_bonus":"ONE_RARE_RELIC","is_prod":false,"is_daily":false,"chose_seed":false,"campfire_upgraded":0,"win_rate":0,"timestamp":1541184106,"path_taken":["M","?","$","M","?","E","R","?","T","R","M","E","R","?","R","BOSS","M","M","$","?","?","E"],"build_version":"2018-10-25v2","purchased_purges":2,"victory":false,"max_hp_per_floor":[72,72,72,72,72,79,79,79,79,79,79,79,79,79,79,79,79,79,79,79,84,84,84],"card_choices":[{"not_picked":["Armaments","Uppercut"],"picked":"Headbutt","floor":1},{"not_picked":["Warcry","Twin Strike"],"picked":"Rampage","floor":4},{"not_picked":["Iron Wave","Thunderclap"],"picked":"Cleave","floor":6},{"not_picked":["Warcry","Perfected Strike"],"picked":"Clash","floor":11},{"not_picked":["Iron Wave","Thunderclap"],"picked":"Warcry","floor":12},{"not_picked":["Dual Wield","Sword Boomerang"],"picked":"Shrug It Off","floor":14},{"not_picked":["Demon Form","Barricade"],"picked":"Impervious","floor":16},{"not_picked":["Wild Strike","Whirlwind","Thunderclap"],"picked":"SKIP","floor":18},{"not_picked":["Pommel Strike","Fire Breathing","True Grit"],"picked":"SKIP","floor":19},{"not_picked":["Twin Strike","Flex"],"picked":"Dropkick+1","floor":22}],"player_experience":829224,"relics_obtained":[{"floor":6,"key":"Strawberry"},{"floor":9,"key":"Red Skull"},{"floor":12,"key":"Gremlin Horn"}],"event_choices":[{"damage_healed":0,"gold_gain":0,"player_choice":"2 cards matched","damage_taken":0,"max_hp_gain":0,"max_hp_loss":0,"event_name":"Match and Keep!","floor":2,"gold_loss":0,"cards_obtained":["Flame Barrier","Barricade"]},{"damage_healed":0,"gold_gain":0,"player_choice":"Fled","damage_taken":3,"max_hp_gain":0,"max_hp_loss":0,"event_name":"Scrap Ooze","floor":5,"gold_loss":0},{"damage_healed":0,"gold_gain":175,"player_choice":"AGREE","damage_taken":0,"max_hp_gain":0,"max_hp_loss":0,"event_name":"Liars Game","floor":8,"gold_loss":0,"cards_obtained":["Doubt"]},{"damage_healed":0,"gold_gain":0,"player_choice":"Shed Blood","damage_taken":20,"max_hp_gain":5,"max_hp_loss":0,"event_name":"Forgotten Altar","floor":21,"gold_loss":0}],"is_beta":false,"boss_relics":[{"not_picked":["Philosopher\u0027s Stone","Runic Pyramid"],"picked":"Astrolabe"}],"items_purged_floors":[3,20],"is_endless":false,"potions_floor_spawned":[4,12,18,22],"killed_by":"Slavers","ascension_level":5}