{"gold_per_floor":[109,128,144,119,139,139,169,29,29,29,29,29,54,66,66,166,166,178,192,87,100,25,25,25],"floor_reached":24,"playtime":1720,"items_purged":[],"score":237,"play_id":"e6e9b5f8-5d8a-4b44-a02e-37937578d051","local_time":"20181124132222","is_ascension_mode":true,"campfire_choices":[{"floor":6.0,"key":"REST"},{"floor":11,"key":"REST"},{"floor":15,"key":"REST"},{"floor":23,"key":"REST"}],"neow_cost":"NONE","seed_source_timestamp":131113052795953,"circlet_count":0,"master_deck":["Strike_R","Strike_R","Strike_R+1","Defend_R","Defend_R","Defend_R","Defend_R","Bash+1","Body Slam","Iron Wave","Ghostly Armor","Iron Wave","Inflame","Iron Wave","Juggernaut","Metallicize","Barricade","Shrug It Off+1","Inflame","Flame Barrier","Metallicize","Rage"],"special_seed":0,"relics":["Burning Blood","Bottled Flame","Paper Frog","Kunai","Lizard Tail"],"potions_floor_usage":[18,18,24],"damage_taken":[{"damage":6.0,"enemies":"Cultist","floor":1.0,"turns":4.0},{"damage":8.0,"enemies":"2 Louse","floor":2.0,"turns":3.0},{"damage":11.0,"enemies":"Small Slimes","floor":3.0,"turns":3.0},{"damage":35.0,"enemies":"Gremlin Gang","floor":5.0,"turns":6.0},{"damage":25.0,"enemies":"Gremlin Nob","floor":7.0,"turns":5.0},{"damage":30,"enemies":"3 Sentries","floor":13,"turns":7},{"damage":9,"enemies":"Blue Slaver","floor":14,"turns":4},{"damage":48,"enemies":"Slime Boss","floor":16,"turns":13},{"damage":29,"enemies":"3 Byrds","floor":18,"turns":7},{"damage":27,"enemies":"Chosen","floor":19,"turns":6},{"damage":27,"enemies":"Shelled Parasite and Fungi","floor":21,"turns":9},{"damage":82,"enemies":"Book of Stabbing","floor":24,"turns":8}],"seed_played":"-843003863006279078","potions_obtained":[{"floor":2.0,"key":"GamblersBrew"},{"floor":14,"key":"SpeedPotion"},{"floor":16,"key":"AttackPotion"},{"floor":19,"key":"Fire Potion"},{"floor":21,"key":"EssenceOfSteel"}],"is_trial":false,"path_per_floor":["M","M","M","$","M","R","E","E","$","T","?","R","?","E","M","R","B",null,"M","M","$","M","?","R","E"],"character_chosen":"IRONCLAD","items_purchased":["Iron Wave","Juggernaut","Flame Barrier","Metallicize"],"campfire_rested":4,"item_purchase_floors":[4,8,20,20],"current_hp_per_floor":[80,78,73,73,44,68,49,49,49,33,57,57,33,30,54,12,80,57,36,36,15,15,39,0],"gold":25,"neow_bonus":"THREE_CARDS","is_prod":false,"is_daily":false,"chose_seed":false,"campfire_upgraded":0,"win_rate":0,"timestamp":1543033342,"path_taken":["M","?","M","$","M","R","E","$","T","?","R","?","E","?","R","BOSS","M","M","$","M","?","R","E"],"build_version":"2018-11-15","purchased_purges":0,"victory":false,"max_hp_per_floor":[80,80,80,80,80,80,80,80,80,80,80,80,80,80,80,80,80,80,80,80,80,80,80,80],"card_choices":[{"not_picked":["Clothesline","Burning Pact"],"picked":"Body Slam","floor":1.0},{"not_picked":["Dropkick","Rampage"],"picked":"Iron Wave","floor":2.0},{"not_picked":["Flex","Battle Trance"],"picked":"Ghostly Armor","floor":3.0},{"not_picked":["Intimidate","Dropkick"],"picked":"Inflame","floor":5.0},{"not_picked":["Clothesline","Power Through"],"picked":"Iron Wave","floor":7},{"not_picked":["Immolate","True Grit"],"picked":"Metallicize","floor":13},{"not_picked":["Disarm","Intimidate","Headbutt"],"picked":"SKIP","floor":14},{"not_picked":["Berserk","Immolate"],"picked":"Barricade","floor":16},{"not_picked":["Rupture","Wild Strike+1"],"picked":"Shrug It Off+1","floor":18},{"not_picked":["Perfected Strike+1","Dropkick"],"picked":"Inflame","floor":19},{"not_picked":["Pommel Strike","Seeing Red"],"picked":"Rage","floor":21}],"player_experience":50997,"relics_obtained":[{"floor":7,"key":"Bottled Flame"},{"floor":9,"key":"Paper Frog"},{"floor":13,"key":"Kunai"}],"event_choices":[{"damage_healed":0,"gold_gain":0,"player_choice":"Entered Light","damage_taken":16,"max_hp_gain":0,"max_hp_loss":0,"event_name":"Shining Light","floor":10,"gold_loss":0,"cards_upgraded":["Bash","Strike_R"]},{"cards_removed":["Strike_R"],"damage_healed":0,"gold_gain":0,"player_choice":"Card Removal","damage_taken":0,"max_hp_gain":0,"max_hp_loss":0,"event_name":"Wheel of Change","floor":12,"gold_loss":0},{"cards_removed":["Strike_R"],"damage_healed":0,"gold_gain":0,"player_choice":"Gave Gold","damage_taken":0,"max_hp_gain":0,"max_hp_loss":0,"event_name":"Beggar","floor":22,"gold_loss":75}],"is_beta":false,"boss_relics":[{"not_picked":["Philosopher\u0027s Stone","Ectoplasm"],"picked":"Lizard Tail"}],"items_purged_floors":[],"is_endless":false,"potions_floor_spawned":[2,14,16,19,21],"killed_by":"Book of Stabbing","ascension_level":3}