{"gold_per_floor":[112,62,62,81,100,133,188,201,201,227,227,244,256,107,107,209,209,219,219,244,259,259,259],"floor_reached":23,"playtime":1084,"items_purged":[],"score":301,"play_id":"3a88d6ae-f23f-46df-8e64-9287fad1b6bb","local_time":"20190514202517","is_ascension_mode":false,"campfire_choices":[{"data":"Reaper","floor":11,"key":"SMITH"},{"data":"Bash","floor":15,"key":"SMITH"}],"neow_cost":"","seed_source_timestamp":0,"circlet_count":0,"master_deck":["Strike_R","Strike_R","Strike_R","Strike_R","Defend_R","Defend_R","Defend_R","Defend_R+1","Bash+1","Pummel","Shockwave+1","Carnage","Reaper+1","Infernal Blade","Carnage","Disarm","Juggernaut","Cleave","Battle Trance","Demon Form","Rampage","Flex","Whirlwind","Pummel","Reaper+1"],"relics":["Burning Blood","Mummified Hand","Regal Pillow","War Paint","Blue Candle","Prayer Wheel","Juzu Bracelet","Orrery","Bronze Scales"],"potions_floor_usage":[12,16,21],"damage_taken":[{"damage":2,"enemies":"2 Louse","floor":1,"turns":3},{"damage":6,"enemies":"Jaw Worm","floor":4,"turns":5},{"damage":5,"enemies":"Small Slimes","floor":5,"turns":3},{"damage":10,"enemies":"Gremlin Nob","floor":6,"turns":4},{"damage":18,"enemies":"Gremlin Nob","floor":7,"turns":4},{"damage":0,"enemies":"Exordium Wildlife","floor":8,"turns":2},{"damage":18,"enemies":"Lagavulin","floor":10,"turns":7},{"damage":0,"enemies":"3 Louse","floor":12,"turns":1},{"damage":19,"enemies":"Gremlin Gang","floor":13,"turns":4},{"damage":40,"enemies":"The Guardian","floor":16,"turns":11},{"damage":19,"enemies":"3 Byrds","floor":18,"turns":6},{"damage":17,"enemies":"Shell Parasite","floor":21,"turns":4},{"damage":61,"enemies":"Book of Stabbing","floor":23,"turns":6}],"seed_played":"7468996871363514507","potions_obtained":[{"floor":1,"key":"LiquidBronze"},{"floor":4,"key":"Explosive Potion"},{"floor":8,"key":"Regen Potion"}],"is_trial":true,"path_per_floor":["M","?","?","M","M","E","?","M","T","E","R","M","M","$","R","B",null,"M","?","T","M","?","E"],"character_chosen":"IRONCLAD","items_purchased":["Juzu Bracelet"],"campfire_rested":0,"item_purchase_floors":[14],"current_hp_per_floor":[80,80,77,77,78,74,68,74,74,62,62,68,60,60,60,26,80,67,52,52,53,53,0],"gold":259,"neow_bonus":"","is_prod":false,"is_daily":false,"chose_seed":false,"campfire_upgraded":2,"win_rate":0,"timestamp":1557858317,"path_taken":["M","?","?","M","M","E","?","M","T","E","R","M","M","?","R","BOSS","M","?","?","M","?","E"],"build_version":"2019-01-23","purchased_purges":0,"victory":false,"max_hp_per_floor":[80,80,80,80,80,80,80,80,80,80,80,80,80,80,80,80,80,80,85,85,85,85,85],"card_choices":[{"not_picked":["Ghostly Armor","Headbutt"],"picked":"Pummel","floor":1},{"not_picked":["Anger","Havoc"],"picked":"Shockwave","floor":4},{"not_picked":["Sword Boomerang","Clothesline"],"picked":"Carnage","floor":5},{"not_picked":["Bloodletting","Flex"],"picked":"Reaper","floor":6},{"not_picked":["Body Slam","Heavy Blade"],"picked":"Infernal Blade","floor":7},{"not_picked":["Body Slam","Pommel Strike"],"picked":"Carnage","floor":8},{"not_picked":["Rupture","Anger"],"picked":"Disarm","floor":10},{"not_picked":["Clash","Sever Soul"],"picked":"Juggernaut","floor":12},{"not_picked":["Body Slam","Corruption"],"picked":"Cleave","floor":12},{"not_picked":["Havoc","Anger"],"picked":"Battle Trance","floor":13},{"not_picked":["Armaments","Anger","Twin Strike"],"picked":"SKIP","floor":13},{"not_picked":["Exhume","Dark Embrace"],"picked":"Demon Form","floor":16},{"not_picked":["Iron Wave","Hemokinesis"],"picked":"Rampage","floor":17},{"not_picked":["Sword Boomerang","Havoc"],"picked":"Flex","floor":17},{"not_picked":["Burning Pact","Second Wind+1"],"picked":"Whirlwind","floor":18},{"not_picked":["Twin Strike","Warcry","Thunderclap"],"picked":"SKIP","floor":18},{"not_picked":["Uppercut","Seeing Red"],"picked":"Pummel","floor":21},{"not_picked":["Flex","Rampage","Second Wind+1"],"picked":"SKIP","floor":21}],"player_experience":1860520,"relics_obtained":[{"floor":6,"key":"Regal Pillow"},{"floor":7,"key":"War Paint"},{"floor":9,"key":"Blue Candle"},{"floor":10,"key":"Prayer Wheel"},{"floor":20,"key":"Bronze Scales"}],"event_choices":[{"cards_removed":["Strike_R"],"damage_healed":0,"gold_gain":0,"player_choice":"Card Removal","damage_taken":0,"max_hp_gain":0,"max_hp_loss":0,"event_name":"The Cleric","floor":2,"gold_loss":50},{"damage_healed":0,"gold_gain":0,"player_choice":"Success","damage_taken":3,"relics_obtained":["Mummified Hand"],"max_hp_gain":0,"max_hp_loss":0,"event_name":"Scrap Ooze","floor":3,"gold_loss":0},{"damage_healed":0,"gold_gain":0,"player_choice":"Searched \u00272\u0027 times","damage_taken":0,"max_hp_gain":0,"max_hp_loss":0,"event_name":"Dead Adventurer","floor":7,"gold_loss":0},{"damage_healed":0,"gold_gain":0,"player_choice":"Shed Blood","damage_taken":20,"max_hp_gain":5,"max_hp_loss":0,"event_name":"Forgotten Altar","floor":19,"gold_loss":0},{"damage_healed":0,"gold_gain":0,"player_choice":"Copied","damage_taken":0,"max_hp_gain":0,"max_hp_loss":0,"event_name":"Duplicator","floor":22,"gold_loss":0,"cards_obtained":["Reaper"]}],"is_beta":false,"boss_relics":[{"not_picked":["Mark of Pain","Eternal Feather"],"picked":"Orrery"}],"items_purged_floors":[],"is_endless":true,"potions_floor_spawned":[1,4,8,10],"killed_by":"Book of Stabbing","ascension_level":0}