{"gold_per_floor":[117,117,117,143,155,201,213,237,323,351,378,423,435,447,459,567,579,605,19,19,19,19,45,45,45,71,87,87,87],"floor_reached":29,"playtime":2343,"items_purged":["Strike_B"],"score":286,"play_id":"16bdc4d1-4d03-4689-9194-0b9501142dda","local_time":"20181009211727","is_ascension_mode":true,"campfire_choices":[{"floor":7,"key":"REST"},{"floor":13,"key":"REST"},{"data":"Static Discharge","floor":15,"key":"SMITH"},{"floor":25,"key":"REST"}],"neow_cost":"","seed_source_timestamp":116678627456800,"circlet_count":0,"master_deck":["Strike_B","Strike_B","Defend_B","Defend_B","Defend_B","Defend_B","Zap","Dualcast","Steam","Cold Snap","Recycle","Redo","Static Discharge+1","Gash","Storm","Creative AI","Gash","Redo","Turbo","Chaos","Compile Driver","Conserve Battery","Defragment","Defragment","Sunder","Defragment","Storm","Conserve Battery+1","Chill","Zap","Hyperbeam"],"relics":["Cracked Core","Ginger","MawBank","Gambling Chip","The Courier","Juzu Bracelet","Pantograph","Orrery","Oddly Smooth Stone","MealTicket","Ancient Tea Set","Regal Pillow"],"potions_floor_usage":[18,23,29,29,29],"damage_taken":[{"damage":5,"enemies":"Cultist","floor":1,"turns":4},{"damage":3,"enemies":"Jaw Worm","floor":4,"turns":3},{"damage":27,"enemies":"Lagavulin","floor":6,"turns":7},{"damage":0,"enemies":"2 Louse","floor":8,"turns":2},{"damage":1,"enemies":"2 Fungi Beasts","floor":10,"turns":4},{"damage":0,"enemies":"Red Slaver","floor":11,"turns":4},{"damage":21,"enemies":"Gremlin Nob","floor":12,"turns":4},{"damage":38,"enemies":"The Guardian","floor":16,"turns":8},{"damage":16,"enemies":"Spheric Guardian","floor":18,"turns":3},{"damage":60,"enemies":"Slavers","floor":23,"turns":4},{"damage":13,"enemies":"3 Byrds","floor":27,"turns":4},{"damage":26,"enemies":"Gremlin Leader","floor":29,"turns":3}],"seed_played":"5993629655196133321","potions_obtained":[{"floor":8,"key":"SteroidPotion"},{"floor":11,"key":"Energy Potion"},{"floor":12,"key":"Fire Potion"},{"floor":18,"key":"Ancient Potion"},{"floor":27,"key":"Block Potion"}],"is_trial":false,"path_per_floor":["M","T","?","M","?","E","R","M","T","M","M","E","R","?","R","B",null,"M","$","?","?","$","E","?","R","T","M","?"],"character_chosen":"DEFECT","items_purchased":["Oddly Smooth Stone","MealTicket","Defragment","Defragment","Sunder","Defragment","Storm"],"campfire_rested":3,"item_purchase_floors":[19,19,19,19,19,19,19],"current_hp_per_floor":[70,70,70,67,67,40,62,62,62,61,61,40,62,50,50,37,75,59,59,59,59,69,9,9,31,31,18,18,0],"gold":87,"neow_bonus":"","is_prod":false,"is_daily":false,"chose_seed":false,"campfire_upgraded":1,"win_rate":0,"timestamp":1539112647,"path_taken":["M","?","?","?","?","E","R","?","T","M","?","E","R","?","R","BOSS","M","$","?","?","$","E","?","R","T","M","?","E"],"build_version":"2018-10-04v2","purchased_purges":1,"victory":false,"max_hp_per_floor":[75,75,75,75,75,75,75,75,75,75,75,75,75,75,75,75,75,75,75,75,75,75,75,75,75,75,75,75,75],"card_choices":[{"not_picked":["Go for the Eyes","Gash"],"picked":"Steam","floor":1},{"not_picked":["Glacier","Go for the Eyes"],"picked":"Cold Snap","floor":4},{"not_picked":["Beam Cell","Darkness"],"picked":"Recycle","floor":6},{"not_picked":["Stack","Aggregate"],"picked":"Redo","floor":8},{"not_picked":["Aggregate","Sweeping Beam"],"picked":"Static Discharge","floor":10},{"not_picked":["Reprogram","Auto Shields"],"picked":"Gash","floor":11},{"not_picked":["Chill","Capacitor"],"picked":"Storm","floor":12},{"not_picked":["Reboot","Rainbow"],"picked":"Creative AI","floor":16},{"not_picked":["Doom and Gloom","Go for the Eyes"],"picked":"Gash","floor":17},{"not_picked":["Conserve Battery","FTL"],"picked":"Redo","floor":17},{"not_picked":["Stack","Gash"],"picked":"Turbo","floor":17},{"not_picked":["Streamline","Barrage"],"picked":"Chaos","floor":17},{"not_picked":["Leap","Core Surge"],"picked":"Compile Driver","floor":17},{"not_picked":["Leap","Compile Driver"],"picked":"Conserve Battery","floor":18},{"not_picked":["Darkness","Steam+1"],"picked":"Conserve Battery+1","floor":23},{"not_picked":["Cold Snap","Hello World"],"picked":"Chill","floor":27}],"player_experience":594602,"relics_obtained":[{"floor":2,"key":"Ginger"},{"floor":6,"key":"Gambling Chip"},{"floor":9,"key":"The Courier"},{"floor":12,"key":"Juzu Bracelet"},{"floor":23,"key":"Ancient Tea Set"},{"floor":26,"key":"Regal Pillow"}],"event_choices":[{"event_name":"Big Fish","player_choice":"Box","floor":3,"damage_taken":0},{"event_name":"Living Wall","player_choice":"Forget","floor":5,"damage_taken":0},{"event_name":"Scrap Ooze","player_choice":"success","floor":14,"damage_taken":12},{"event_name":"Vampires","player_choice":"Ignored","floor":20,"damage_taken":0},{"event_name":"Cursed Tome","player_choice":"Ignored","floor":21,"damage_taken":0},{"event_name":"Purifier","player_choice":"One Purge","floor":24,"damage_taken":0},{"event_name":"Match and Keep!","player_choice":"2 cards matched","floor":28,"damage_taken":0}],"is_beta":false,"boss_relics":[{"not_picked":["Fusion Hammer","Coffee Dripper"],"picked":"Orrery"}],"items_purged_floors":[19],"is_endless":false,"potions_floor_spawned":[8,11,12,16,18,27],"killed_by":"Gremlin Leader","ascension_level":3}