{"gold_per_floor":[11,11,25,25,46,46,79,79,79,98,133,133,151,182,182,301,301,320,320,320,334,347,368,368,467,493,493,532,51,51,1,1,1],"floor_reached":33,"playtime":1719,"items_purged":["Regret","Regret"],"score":298,"play_id":"f0b13f3a-8b50-4c26-9f7c-1e3f4de74a57","local_time":"20181118143140","is_ascension_mode":false,"campfire_choices":[{"data":"Bash","floor":8,"key":"SMITH"},{"floor":12,"key":"REST"},{"floor":15,"key":"REST"},{"floor":27,"key":"REST"},{"floor":30,"key":"REST"},{"floor":32,"key":"REST"}],"neow_cost":"NO_GOLD","seed_source_timestamp":332387864292800,"circlet_count":0,"master_deck":["Defend_R","Defend_R+1","Defend_R+1","Defend_R","Bash+1","Shockwave","Second Wind","Infernal Blade","Seeing Red","Feel No Pain","Disarm","Battle Trance","Dark Embrace","Shame","Disarm","Bite","Bite","Bite","Bite","Bite","Body Slam+1","Corruption","Necronomicurse","Carnage+1","Mind Blast","Demon Form","Transmutation"],"relics":["Burning Blood","Charon\u0027s Ashes","Golden Idol","Bottled Flame","Self Forming Clay","Singing Bowl","Odd Mushroom","Calling Bell","Oddly Smooth Stone","Darkstone Periapt","Unceasing Top","Necronomicon","War Paint","Gremlin Horn","Membership Card","Lantern"],"potions_floor_usage":[16,16,18,23,23,28,28],"damage_taken":[{"damage":11,"enemies":"Jaw Worm","floor":1,"turns":2},{"damage":4,"enemies":"2 Louse","floor":3,"turns":4},{"damage":3,"enemies":"Small Slimes","floor":5,"turns":3},{"damage":32,"enemies":"Gremlin Nob","floor":7,"turns":4},{"damage":8,"enemies":"Exordium Wildlife","floor":10,"turns":2},{"damage":27,"enemies":"Lagavulin","floor":11,"turns":7},{"damage":8,"enemies":"2 Fungi Beasts","floor":13,"turns":4},{"damage":12,"enemies":"The Mushroom Lair","floor":14,"turns":3},{"damage":29,"enemies":"Hexaghost","floor":16,"turns":9},{"damage":33,"enemies":"3 Byrds","floor":18,"turns":5},{"damage":32,"enemies":"Spheric Guardian","floor":21,"turns":6},{"damage":31,"enemies":"3 Cultists","floor":22,"turns":6},{"damage":14,"enemies":"Cultist and Chosen","floor":23,"turns":7},{"damage":27,"enemies":"Slavers","floor":28,"turns":4},{"damage":68,"enemies":"Collector","floor":33,"turns":6}],"seed_played":"3526556403312376550","potions_obtained":[{"floor":7,"key":"LiquidBronze"},{"floor":11,"key":"Regen Potion"},{"floor":14,"key":"Strength Potion"},{"floor":16,"key":"EssenceOfSteel"},{"floor":21,"key":"Ancient Potion"},{"floor":22,"key":"Dexterity Potion"},{"floor":23,"key":"LiquidBronze"}],"is_trial":false,"path_per_floor":["M","?","M","$","M","?","E","R","T","M","E","R","M","?","R","B",null,"M","?","?","M","M","M","?","?","T","R","E","$","R","$","R","B"],"character_chosen":"IRONCLAD","items_purchased":["Membership Card","Mind Blast","Lantern","Demon Form","Transmutation"],"campfire_rested":5,"item_purchase_floors":[29,29,29,29,29],"current_hp_per_floor":[75,75,77,77,80,80,54,54,54,52,31,55,53,49,73,50,82,66,66,58,38,27,35,25,25,25,44,25,25,44,44,63,0],"gold":1,"neow_bonus":"ONE_RARE_RELIC","is_prod":false,"is_daily":false,"chose_seed":false,"campfire_upgraded":1,"win_rate":0,"timestamp":1542547900,"path_taken":["M","?","M","$","M","?","E","R","T","M","E","R","M","?","R","BOSS","M","?","?","?","M","M","?","?","T","R","E","$","R","$","R","BOSS"],"build_version":"2018-11-15","purchased_purges":2,"victory":false,"max_hp_per_floor":[80,80,80,80,80,80,80,80,80,80,80,80,80,82,82,82,82,84,84,58,58,60,60,66,66,66,66,66,66,66,66,66,66],"card_choices":[{"not_picked":["Shrug It Off","Headbutt"],"picked":"Shockwave","floor":1},{"not_picked":["Iron Wave","Wild Strike"],"picked":"Second Wind","floor":3},{"not_picked":["Headbutt","Blood for Blood"],"picked":"Infernal Blade","floor":5},{"not_picked":["Barricade","Blood for Blood"],"picked":"Seeing Red","floor":7},{"not_picked":["Perfected Strike","Armaments"],"picked":"Feel No Pain","floor":10},{"not_picked":["Offering","Sword Boomerang"],"picked":"Disarm","floor":11},{"not_picked":["Shrug It Off","Thunderclap"],"picked":"Battle Trance","floor":13},{"not_picked":["Pommel Strike","Searing Blow","Perfected Strike"],"picked":"Singing Bowl","floor":14},{"not_picked":["Reaper","Demon Form"],"picked":"Dark Embrace","floor":16},{"not_picked":["Headbutt","Pommel Strike","True Grit"],"picked":"Singing Bowl","floor":18},{"not_picked":["Shockwave","Clash+1"],"picked":"Body Slam+1","floor":21},{"not_picked":["True Grit","Flex","Metallicize"],"picked":"Singing Bowl","floor":22},{"not_picked":["Clothesline","Headbutt"],"picked":"Corruption","floor":23},{"not_picked":["Combust","Iron Wave"],"picked":"Carnage+1","floor":28}],"player_experience":927380,"relics_obtained":[{"floor":7,"key":"Bottled Flame"},{"floor":9,"key":"Self Forming Clay"},{"floor":11,"key":"Singing Bowl"},{"floor":14,"key":"Odd Mushroom"},{"floor":17,"key":"Oddly Smooth Stone"},{"floor":17,"key":"Darkstone Periapt"},{"floor":17,"key":"Unceasing Top"},{"floor":24,"key":"Necronomicon"},{"floor":26,"key":"War Paint"},{"floor":28,"key":"Gremlin Horn"}],"event_choices":[{"damage_healed":0,"gold_gain":0,"player_choice":"Take Wound","damage_taken":0,"relics_obtained":["Golden Idol"],"max_hp_gain":0,"max_hp_loss":0,"event_name":"Golden Idol","floor":2,"gold_loss":0,"cards_obtained":["Injury"]},{"cards_removed":["Injury"],"damage_healed":0,"gold_gain":0,"player_choice":"Forget","damage_taken":0,"max_hp_gain":0,"max_hp_loss":0,"event_name":"Living Wall","floor":6,"gold_loss":0},{"damage_healed":0,"gold_gain":0,"player_choice":"Fought Mushrooms","damage_taken":0,"max_hp_gain":0,"max_hp_loss":0,"event_name":"Mushrooms","floor":14,"gold_loss":0},{"damage_healed":0,"gold_gain":0,"player_choice":"Read","damage_taken":0,"max_hp_gain":0,"max_hp_loss":0,"event_name":"The Library","floor":19,"gold_loss":0,"cards_obtained":["Disarm"]},{"damage_healed":0,"gold_gain":0,"player_choice":"Became a vampire","damage_taken":0,"max_hp_gain":0,"max_hp_loss":26,"event_name":"Vampires","floor":20,"gold_loss":0,"cards_obtained":["Bite","Bite","Bite","Bite","Bite"]},{"damage_healed":0,"gold_gain":0,"player_choice":"Obtained Book","damage_taken":16,"max_hp_gain":0,"max_hp_loss":0,"event_name":"Cursed Tome","floor":24,"gold_loss":0},{"damage_healed":0,"gold_gain":99,"player_choice":"Stole From Cult","damage_taken":0,"max_hp_gain":0,"max_hp_loss":0,"event_name":"Nest","floor":25,"gold_loss":0}],"is_beta":false,"boss_relics":[{"not_picked":["Empty Cage","Ectoplasm"],"picked":"Calling Bell"}],"items_purged_floors":[29,31],"is_endless":false,"potions_floor_spawned":[7,11,14,16,21,22,23],"killed_by":"Collector","ascension_level":0}