{"gold_per_floor":[12,25,25,25,25,59,74,24,24,24,44,9,20,20,20,122,172,189,189,189,174,191,191,191,211,234,252,51,51,61,11,11,107,107,121,121,0,0,12,12,12],"floor_reached":41,"playtime":2744,"items_purged":["Regret","Strike_R","Strike_R"],"score":441,"play_id":"4ad71252-4aa8-496d-b5d5-7003109574a6","local_time":"20181021010239","is_ascension_mode":false,"campfire_choices":[{"floor":10,"key":"REST"},{"data":"Armaments","floor":15,"key":"SMITH"},{"floor":23,"key":"REST"},{"floor":29,"key":"REST"},{"data":"Forethought","floor":32,"key":"SMITH"},{"floor":40,"key":"REST"}],"neow_cost":"NO_GOLD","seed_source_timestamp":2290954856400,"circlet_count":0,"master_deck":["Defend_R+1","Defend_R","Defend_R","Bash","Shrug It Off","Armaments+1","True Grit","Body Slam","Barricade","Searing Blow","Clash","Dual Wield","Reaper","Intimidate+1","Juggernaut","Blood for Blood","Body Slam+1","Forethought+1","Shrug It Off","Blood for Blood","Fiend Fire","Hemokinesis+1","Madness","Madness","Disarm+1"],"relics":["Burning Blood","Gremlin Horn","Shuriken","Smiling Mask","Art of War","Tiny House","Potion Belt","Empty Cage","Red Mask"],"potions_floor_usage":[16,19,25,25,39,39,41],"damage_taken":[{"damage":5,"enemies":"Small Slimes","floor":1,"turns":5},{"damage":0,"enemies":"Cultist","floor":2,"turns":4},{"damage":58,"enemies":"Gremlin Nob","floor":6,"turns":6},{"damage":17,"enemies":"Jaw Worm","floor":7,"turns":6},{"damage":8,"enemies":"Large Slime","floor":11,"turns":10},{"damage":7,"enemies":"3 Louse","floor":13,"turns":5},{"damage":69,"enemies":"Hexaghost","floor":16,"turns":16},{"damage":26,"enemies":"Spheric Guardian","floor":18,"turns":12},{"damage":52,"enemies":"Colosseum Slavers","floor":19,"turns":9},{"damage":27,"enemies":"2 Thieves","floor":21,"turns":4},{"damage":11,"enemies":"Shelled Parasite and Fungi","floor":22,"turns":5},{"damage":33,"enemies":"Centurion and Healer","floor":25,"turns":10},{"damage":38,"enemies":"3 Cultists","floor":27,"turns":7},{"damage":2,"enemies":"Snecko","floor":30,"turns":5},{"damage":87,"enemies":"Automaton","floor":33,"turns":12},{"damage":35,"enemies":"3 Darklings","floor":35,"turns":7},{"damage":62,"enemies":"3 Shapes","floor":39,"turns":7},{"damage":119,"enemies":"Giant Head","floor":41,"turns":10}],"seed_played":"-1565517285169681741","potions_obtained":[{"floor":11,"key":"Strength Potion"},{"floor":16,"key":"FearPotion"},{"floor":17,"key":"SmokeBomb"},{"floor":21,"key":"SteroidPotion"},{"floor":22,"key":"SteroidPotion"},{"floor":27,"key":"Explosive Potion"},{"floor":33,"key":"Strength Potion"},{"floor":35,"key":"Dexterity Potion"}],"is_trial":false,"path_per_floor":["M","M","?","?","T","E","M","$","T","R","M","?","M","$","R","B",null,"M","?","?","M","M","R","?","M","T","M","$","R","M","$","R","B",null,"M","?","?","?","M","R"],"character_chosen":"IRONCLAD","items_purchased":["Forethought","Shrug It Off"],"campfire_rested":4,"item_purchase_floors":[28,28],"current_hp_per_floor":[96,96,106,106,106,54,43,43,43,74,72,98,97,97,97,34,111,91,45,45,32,27,60,111,88,88,68,68,101,109,109,109,28,111,94,80,80,111,69,102,0],"gold":12,"neow_bonus":"TWENTY_PERCENT_HP_BONUS","is_prod":false,"is_daily":false,"chose_seed":false,"campfire_upgraded":2,"win_rate":0,"timestamp":1540076559,"path_taken":["M","M","?","?","?","E","M","$","T","R","M","?","M","?","R","BOSS","M","?","?","M","M","R","?","M","T","M","$","R","?","?","R","BOSS","M","?","?","?","M","R","E"],"build_version":"2018-10-18","purchased_purges":3,"victory":false,"max_hp_per_floor":[96,96,106,106,106,106,106,106,106,106,106,106,106,106,106,106,111,111,111,111,111,111,111,111,111,111,111,111,111,111,111,111,111,111,111,111,111,111,111,111,111],"card_choices":[{"not_picked":["Twin Strike","Perfected Strike"],"picked":"Shrug It Off","floor":1},{"not_picked":["Wild Strike","Headbutt"],"picked":"Barricade","floor":2},{"not_picked":["Pummel","Thunderclap","Corruption"],"picked":"SKIP","floor":6},{"not_picked":["Thunderclap","Hemokinesis"],"picked":"Armaments","floor":7},{"not_picked":["Dual Wield","Body Slam"],"picked":"True Grit","floor":11},{"not_picked":["Heavy Blade","Wild Strike"],"picked":"Body Slam","floor":13},{"not_picked":["Juggernaut","Fiend Fire"],"picked":"Barricade","floor":16},{"not_picked":["Twin Strike","Havoc"],"picked":"Searing Blow","floor":17},{"not_picked":["Wild Strike","Pummel+1"],"picked":"Clash","floor":18},{"not_picked":["Pummel","Thunderclap+1"],"picked":"Intimidate+1","floor":21},{"not_picked":["Pummel","Perfected Strike+1"],"picked":"Juggernaut","floor":22},{"not_picked":["Headbutt","Wild Strike"],"picked":"Blood for Blood","floor":25},{"not_picked":["Blood for Blood+1","Headbutt"],"picked":"Body Slam+1","floor":27},{"not_picked":["Pommel Strike","Second Wind"],"picked":"Blood for Blood","floor":30},{"not_picked":["Reaper","Juggernaut"],"picked":"Fiend Fire","floor":33},{"not_picked":["Anger+1","Iron Wave+1"],"picked":"Hemokinesis+1","floor":35},{"not_picked":["Clash+1","Pommel Strike+1"],"picked":"Disarm+1","floor":39}],"player_experience":734197,"relics_obtained":[{"floor":5,"key":"Shuriken"},{"floor":6,"key":"Smiling Mask"},{"floor":9,"key":"Art of War"},{"floor":26,"key":"Potion Belt"}],"event_choices":[{"cards_removed":["Barricade"],"damage_healed":0,"gold_gain":0,"player_choice":"Offered Rare","damage_taken":0,"max_hp_gain":10,"max_hp_loss":0,"event_name":"Bonfire Elementals","floor":3,"gold_loss":0},{"damage_healed":0,"gold_gain":0,"player_choice":"Box","damage_taken":0,"relics_obtained":["Gremlin Horn"],"max_hp_gain":0,"max_hp_loss":0,"event_name":"Big Fish","floor":4,"gold_loss":0,"cards_obtained":["Regret"]},{"damage_healed":26,"gold_gain":0,"player_choice":"Healed","damage_taken":0,"max_hp_gain":0,"max_hp_loss":0,"event_name":"The Cleric","floor":12,"gold_loss":35},{"damage_healed":0,"gold_gain":0,"player_choice":"Fight","damage_taken":0,"max_hp_gain":0,"max_hp_loss":0,"event_name":"Colosseum","floor":19,"gold_loss":0},{"damage_healed":0,"gold_gain":0,"player_choice":"Fled From Nobs","damage_taken":0,"max_hp_gain":0,"max_hp_loss":0,"event_name":"Colosseum","floor":19,"gold_loss":0},{"damage_healed":0,"gold_gain":0,"cards_transformed":["Strike_R","Strike_R"],"player_choice":"Became Test Subject","damage_taken":0,"max_hp_gain":0,"max_hp_loss":0,"event_name":"Drug Dealer","floor":20,"gold_loss":0,"cards_obtained":["Dual Wield","Reaper"]},{"damage_healed":51,"gold_gain":0,"player_choice":"Full Heal","damage_taken":0,"max_hp_gain":0,"max_hp_loss":0,"event_name":"Wheel of Change","floor":24,"gold_loss":0},{"damage_healed":0,"gold_gain":0,"player_choice":"Embrace Madness","damage_taken":14,"max_hp_gain":0,"max_hp_loss":0,"event_name":"Winding Halls","floor":36,"gold_loss":0,"cards_obtained":["Madness","Madness"]},{"damage_healed":0,"gold_gain":0,"player_choice":"Paid","damage_taken":0,"relics_obtained":["Red Mask"],"max_hp_gain":0,"max_hp_loss":0,"event_name":"Tomb of Lord Red Mask","floor":37,"gold_loss":121},{"damage_healed":31,"gold_gain":0,"player_choice":"Full Heal","damage_taken":0,"max_hp_gain":0,"max_hp_loss":0,"event_name":"Wheel of Change","floor":38,"gold_loss":0}],"is_beta":false,"boss_relics":[{"not_picked":["Philosopher\u0027s Stone","Lizard Tail"],"picked":"Tiny House"},{"not_picked":["Velvet Choker","Astrolabe"],"picked":"Empty Cage"}],"items_purged_floors":[8,28,31],"is_endless":false,"potions_floor_spawned":[11,16,21,22,27,33,35],"killed_by":"Giant Head","ascension_level":0}