{"gold_per_floor":[219,294,19,19,36,69,169,169,194,207,227,242,242,259,259,354,354,354,354,354,209,209,209,149,149,149,149,149,149,49,49,49,49,49,49,49,49,49,0,0,0,0,0,0,0,0,0,0,0,0],"floor_reached":51,"playtime":2687,"items_purged":["Regret","Bludgeon"],"score":737,"play_id":"94fa2710-0434-4708-90af-376b0052abb9","local_time":"20190323195553","is_ascension_mode":true,"campfire_choices":[{"floor":8.0,"key":"REST"},{"data":"Armaments","floor":13.0,"key":"SMITH"},{"data":"Carnage","floor":15.0,"key":"SMITH"},{"floor":23.0,"key":"REST"},{"floor":32,"key":"REST"},{"data":"Demon Form","floor":40,"key":"SMITH"},{"floor":42,"key":"REST"},{"data":"Flex","floor":45,"key":"SMITH"},{"data":"Parasite","floor":47,"key":"PURGE"},{"floor":49,"key":"REST"}],"neow_cost":"NONE","seed_source_timestamp":0,"circlet_count":0,"master_deck":["Strike_R","Strike_R+1","Strike_R+1","Strike_R","Strike_R","Defend_R","Defend_R","Defend_R","Defend_R","Bash","Flex+1","Flame Barrier","Headbutt","Headbutt","Carnage+1","Armaments+1","Demon Form+1","Shrug It Off","Twin Strike","Headbutt","Rampage+1","Shrug It Off","Heavy Blade","Reaper","Rage+1","Heavy Blade+1","True Grit+1","Infernal Blade+1"],"special_seed":0,"relics":["Burning Blood","ClockworkSouvenir","Pocketwatch","Du-Vu Doll","Whetstone","Ectoplasm","Peace Pipe","Letter Opener","Enchiridion","Sundial","Sozu","WingedGreaves","Red Mask","Bottled Tornado","Toxic Egg 2"],"potions_floor_usage":[50],"damage_taken":[{"damage":2.0,"enemies":"Small Slimes","floor":1.0,"turns":4.0},{"damage":3.0,"enemies":"Jaw Worm","floor":5.0,"turns":3.0},{"damage":42.0,"enemies":"Lagavulin","floor":6.0,"turns":6.0},{"damage":6.0,"enemies":"Cultist","floor":10.0,"turns":3.0},{"damage":5.0,"enemies":"Looter","floor":11.0,"turns":2.0},{"damage":6.0,"enemies":"Large Slime","floor":12.0,"turns":3.0},{"damage":13.0,"enemies":"Red Slaver","floor":14.0,"turns":2.0},{"damage":43.0,"enemies":"Hexaghost","floor":16.0,"turns":9.0},{"damage":10.0,"enemies":"Shell Parasite","floor":18.0,"turns":4.0},{"damage":23.0,"enemies":"Colosseum Slavers","floor":19.0,"turns":3.0},{"damage":30.0,"enemies":"Colosseum Nobs","floor":19.0,"turns":4.0},{"damage":20.0,"enemies":"2 Thieves","floor":24.0,"turns":3.0},{"damage":8.0,"enemies":"Centurion and Healer","floor":25.0,"turns":5.0},{"damage":13,"enemies":"Snake Plant","floor":27,"turns":4},{"damage":3,"enemies":"Snecko","floor":28,"turns":3},{"damage":5,"enemies":"Cultist and Chosen","floor":29,"turns":5},{"damage":0,"enemies":"Centurion and Healer","floor":31,"turns":5},{"damage":27,"enemies":"Champ","floor":33,"turns":10},{"damage":2,"enemies":"3 Shapes","floor":35,"turns":4},{"damage":3,"enemies":"Mind Bloom Boss Battle","floor":38,"turns":5},{"damage":54,"enemies":"Nemesis","floor":41,"turns":7},{"damage":2,"enemies":"Orb Walker","floor":44,"turns":4},{"damage":24,"enemies":"Writhing Mass","floor":46,"turns":4},{"damage":32,"enemies":"Maw","floor":48,"turns":6},{"damage":48,"enemies":"Time Eater","floor":50,"turns":7}],"seed_played":"-3601725049856909963","potions_obtained":[{"floor":6.0,"key":"SkillPotion"},{"floor":10.0,"key":"Fruit Juice"},{"floor":12.0,"key":"Block Potion"},{"floor":18.0,"key":"SteroidPotion"},{"floor":28,"key":"AttackPotion"}],"is_trial":false,"path_per_floor":["M","?","$","?","M","E","?","R","T","M","M","M","R","M","R","B",null,"M","?","?","$","?","R","M","M","T","M","M","M","$","M","R","B",null,"M","$","?","?","?","R","E","R","T","M","R","M","R","M","R","B",null],"character_chosen":"IRONCLAD","items_purchased":["ClockworkSouvenir","Flame Barrier","Whirlwind"],"campfire_rested":5,"item_purchase_floors":[3,3,21],"current_hp_per_floor":[80,69,69,69,72,36,36,60,60,60,61,61,61,54,54,22,85,81,40,24,24,24,49,35,33,33,26,29,30,30,36,61,40,85,85,85,85,85,85,85,37,62,62,66,66,48,48,35,59,36],"gold":0,"neow_bonus":"HUNDRED_GOLD","is_prod":false,"is_daily":false,"chose_seed":false,"campfire_upgraded":4,"win_rate":0,"timestamp":1553396153,"path_taken":["M","?","$","?","?","E","?","R","T","M","M","M","R","?","R","BOSS","M","?","?","$","?","R","?","M","T","M","M","M","?","M","R","BOSS","M","$","?","?","?","R","E","R","T","M","R","M","R","M","R","BOSS"],"build_version":"2019-01-23","purchased_purges":2,"victory":true,"max_hp_per_floor":[80,80,80,80,80,80,80,80,80,80,80,80,80,80,80,85,85,85,85,85,85,85,85,85,85,85,85,85,85,85,85,85,85,85,85,85,85,85,85,85,85,85,85,85,85,85,82,82,82,82],"card_choices":[{"not_picked":["Sword Boomerang","Sentinel"],"picked":"Flex","floor":1.0},{"not_picked":["Pommel Strike","Havoc"],"picked":"Headbutt","floor":5.0},{"not_picked":["Flex","Clothesline"],"picked":"Headbutt","floor":6.0},{"not_picked":["Iron Wave","Cleave"],"picked":"Carnage","floor":10.0},{"not_picked":["Thunderclap","Infernal Blade"],"picked":"Armaments","floor":11.0},{"not_picked":["Twin Strike","Sword Boomerang"],"picked":"Bludgeon","floor":12.0},{"not_picked":["Bloodletting","Rage","Clash"],"picked":"SKIP","floor":14.0},{"not_picked":["Bludgeon","Feed"],"picked":"Demon Form","floor":16.0},{"not_picked":["Blood for Blood","Rupture"],"picked":"Shrug It Off","floor":18.0},{"not_picked":["Iron Wave","Carnage"],"picked":"Twin Strike","floor":19.0},{"not_picked":["Clash","Fire Breathing","Burning Pact"],"picked":"SKIP","floor":24.0},{"not_picked":["Havoc+1","Pommel Strike"],"picked":"Headbutt","floor":25.0},{"not_picked":["Reckless Charge","Havoc"],"picked":"Rampage+1","floor":27},{"not_picked":["Perfected Strike","Body Slam+1","Sword Boomerang"],"picked":"SKIP","floor":28},{"not_picked":["Warcry","Perfected Strike"],"picked":"Shrug It Off","floor":29},{"not_picked":["Spot Weakness","Immolate"],"picked":"Heavy Blade","floor":31},{"not_picked":["Bludgeon","Dark Embrace"],"picked":"Reaper","floor":33},{"not_picked":["Perfected Strike+1","Fire Breathing+1"],"picked":"Rage+1","floor":35},{"not_picked":["Spot Weakness+1","Searing Blow+1"],"picked":"Heavy Blade+1","floor":41},{"not_picked":["Intimidate+1","Carnage+1","Corruption"],"picked":"SKIP","floor":44},{"not_picked":["Shrug It Off+1","Rupture+1"],"picked":"True Grit+1","floor":46},{"not_picked":["Havoc+1","Thunderclap+1"],"picked":"Infernal Blade+1","floor":48}],"player_experience":237986,"relics_obtained":[{"floor":6.0,"key":"Du-Vu Doll"},{"floor":9.0,"key":"Whetstone"},{"floor":19.0,"key":"Peace Pipe"},{"floor":19.0,"key":"Letter Opener"},{"floor":20.0,"key":"Enchiridion"},{"floor":26,"key":"Sundial"},{"floor":38,"key":"WingedGreaves"},{"floor":41,"key":"Bottled Tornado"},{"floor":43,"key":"Toxic Egg 2"}],"event_choices":[{"damage_healed":0.0,"max_hp_gain":0.0,"max_hp_loss":0.0,"gold_gain":75.0,"event_name":"World of Goop","player_choice":"Gather Gold","floor":2.0,"gold_loss":0.0,"damage_taken":11.0},{"damage_healed":0.0,"max_hp_gain":0.0,"max_hp_loss":0.0,"gold_gain":0.0,"event_name":"Big Fish","player_choice":"Box","floor":4.0,"gold_loss":0.0,"damage_taken":0.0,"relics_obtained":["Pocketwatch"],"cards_obtained":["Regret"]},{"damage_healed":0.0,"max_hp_gain":0.0,"max_hp_loss":0.0,"gold_gain":100.0,"event_name":"Golden Shrine","player_choice":"Pray","floor":7.0,"gold_loss":0.0,"damage_taken":0.0},{"damage_healed":0.0,"max_hp_gain":0.0,"max_hp_loss":0.0,"gold_gain":0.0,"event_name":"Colosseum","player_choice":"Fight","floor":19.0,"gold_loss":0.0,"damage_taken":0.0},{"damage_healed":0.0,"max_hp_gain":0.0,"max_hp_loss":0.0,"gold_gain":0.0,"event_name":"Colosseum","player_choice":"Fought Nobs","floor":19.0,"gold_loss":0.0,"damage_taken":0.0},{"damage_healed":0.0,"max_hp_gain":0.0,"max_hp_loss":0.0,"gold_gain":0.0,"event_name":"Cursed Tome","player_choice":"Obtained Book","floor":20.0,"gold_loss":0.0,"damage_taken":16.0},{"damage_healed":0.0,"max_hp_gain":0.0,"max_hp_loss":0.0,"gold_gain":100.0,"event_name":"Golden Shrine","player_choice":"Pray","floor":22.0,"gold_loss":0.0,"damage_taken":0.0},{"cards_removed":["Whirlwind"],"damage_healed":0,"gold_gain":0,"player_choice":"Removed Attack","damage_taken":0,"max_hp_gain":0,"max_hp_loss":0,"event_name":"Falling","floor":37,"gold_loss":0},{"damage_healed":0,"gold_gain":0,"player_choice":"Fight","damage_taken":0,"max_hp_gain":0,"max_hp_loss":0,"event_name":"MindBloom","floor":38,"gold_loss":0},{"damage_healed":0,"gold_gain":0,"player_choice":"Paid","damage_taken":0,"relics_obtained":["Red Mask"],"max_hp_gain":0,"max_hp_loss":0,"event_name":"Tomb of Lord Red Mask","floor":39,"gold_loss":49}],"is_beta":false,"boss_relics":[{"not_picked":["Runic Dome","Black Star"],"picked":"Ectoplasm"},{"not_picked":["Lizard Tail","Astrolabe"],"picked":"Sozu"}],"items_purged_floors":[21,30],"is_endless":false,"potions_floor_spawned":[6,10,12,18,19,28,29,33,35,38,46],"ascension_level":1}