{"gold_per_floor":[111,127,127,143,318,318,348,360,397,409,90,117,127,145,145,268,268,288,288,144,144,59,59,59],"floor_reached":24,"playtime":1140,"items_purged":["Doubt"],"score":363,"play_id":"8fddae6e-a6ba-4c5f-8efb-203dd161f372","local_time":"20190314165110","is_ascension_mode":true,"campfire_choices":[{"data":"Bash","floor":6,"key":"SMITH"},{"floor":10,"key":"REST"},{"floor":15,"key":"REST"},{"floor":23,"key":"REST"}],"neow_cost":"TEN_PERCENT_HP_LOSS","seed_source_timestamp":80077612568400,"circlet_count":0,"master_deck":["AscendersBane","Strike_R+1","Strike_R+1","Strike_R+1","Strike_R+1","Strike_R+1","Defend_R+1","Defend_R+1","Defend_R+1","Defend_R+1","Bash+1","Disarm","Warcry","Infernal Blade","Disarm","Magnetism","Battle Trance","Heavy Blade","Heavy Blade","Limit Break","Feed","Cleave"],"relics":["Burning Blood","Gambling Chip","FaceOfCleric","MawBank","PreservedInsect","Red Skull","Art of War","Runic Cube","Juzu Bracelet","Ornamental Fan"],"potions_floor_usage":[7,12,14,18],"damage_taken":[{"damage":3,"enemies":"2 Louse","floor":1,"turns":4},{"damage":6,"enemies":"Cultist","floor":2,"turns":4},{"damage":13,"enemies":"Small Slimes","floor":4,"turns":5},{"damage":51,"enemies":"Lagavulin","floor":7,"turns":10},{"damage":0,"enemies":"Gremlin Nob","floor":12,"turns":2},{"damage":17,"enemies":"Blue Slaver","floor":13,"turns":3},{"damage":0,"enemies":"Exordium Wildlife","floor":14,"turns":2},{"damage":20,"enemies":"Hexaghost","floor":16,"turns":12},{"damage":18,"enemies":"Chosen","floor":18,"turns":5},{"damage":44,"enemies":"Colosseum Slavers","floor":21,"turns":5},{"damage":70,"enemies":"Book of Stabbing","floor":24,"turns":6}],"seed_played":"-8953985652807695704","potions_obtained":[{"floor":2,"key":"Energy Potion"},{"floor":4,"key":"Block Potion"},{"floor":13,"key":"Energy Potion"},{"floor":16,"key":"SkillPotion"}],"is_trial":false,"path_per_floor":["M","M","?","M","?","R","E","?","T","R","$","E","M","M","R","B",null,"M","?","$","?","?","R","E"],"character_chosen":"IRONCLAD","items_purchased":["Magnetism","Battle Trance","Juzu Bracelet"],"campfire_rested":3,"item_purchase_floors":[11,11,20],"current_hp_per_floor":[72,72,72,66,66,66,22,10,10,32,32,39,29,36,59,46,70,62,62,62,28,28,53,0],"gold":59,"neow_bonus":"ONE_RARE_RELIC","is_prod":false,"is_daily":false,"chose_seed":false,"campfire_upgraded":1,"win_rate":0,"timestamp":1552578670,"path_taken":["M","M","?","?","?","R","E","?","T","R","$","E","M","M","R","BOSS","M","?","$","?","?","R","E"],"build_version":"2019-01-23","purchased_purges":1,"victory":false,"max_hp_per_floor":[72,72,72,73,73,73,74,74,74,74,74,75,76,77,77,78,78,82,82,82,86,86,86,86],"card_choices":[{"not_picked":["Headbutt","Feel No Pain"],"picked":"Disarm","floor":1},{"not_picked":["Heavy Blade","Havoc"],"picked":"Warcry","floor":2},{"not_picked":["Anger","Perfected Strike"],"picked":"Infernal Blade","floor":4},{"not_picked":["Warcry","True Grit"],"picked":"Disarm","floor":7},{"not_picked":["Iron Wave","Metallicize"],"picked":"Heavy Blade","floor":12},{"not_picked":["Sever Soul","Feel No Pain"],"picked":"Heavy Blade","floor":13},{"not_picked":["Corruption","Anger"],"picked":"Limit Break","floor":14},{"not_picked":["Barricade","Immolate"],"picked":"Feed","floor":16},{"not_picked":["Pommel Strike","Havoc"],"picked":"Cleave","floor":18}],"player_experience":1510082,"relics_obtained":[{"floor":7,"key":"MawBank"},{"floor":9,"key":"Red Skull"},{"floor":12,"key":"Art of War"}],"event_choices":[{"damage_healed":0,"gold_gain":0,"player_choice":"Trade","damage_taken":0,"relics_obtained":["FaceOfCleric"],"max_hp_gain":0,"max_hp_loss":0,"event_name":"FaceTrader","floor":3,"gold_loss":0},{"damage_healed":0,"gold_gain":175,"player_choice":"AGREE","damage_taken":0,"max_hp_gain":0,"max_hp_loss":0,"event_name":"Liars Game","floor":5,"gold_loss":0,"cards_obtained":["Doubt"]},{"damage_healed":0,"gold_gain":0,"player_choice":"Success","damage_taken":12,"relics_obtained":["PreservedInsect"],"max_hp_gain":0,"max_hp_loss":0,"event_name":"Scrap Ooze","floor":8,"gold_loss":0},{"damage_healed":0,"gold_gain":0,"player_choice":"Simplicity","damage_taken":0,"max_hp_gain":0,"max_hp_loss":0,"event_name":"Back to Basics","floor":19,"gold_loss":0,"cards_upgraded":["Strike_R","Strike_R","Strike_R","Strike_R","Strike_R","Defend_R","Defend_R","Defend_R","Defend_R"]},{"damage_healed":0,"gold_gain":0,"player_choice":"Fight","damage_taken":0,"max_hp_gain":0,"max_hp_loss":0,"event_name":"Colosseum","floor":21,"gold_loss":0},{"damage_healed":0,"gold_gain":0,"player_choice":"Fled From Nobs","damage_taken":0,"max_hp_gain":0,"max_hp_loss":0,"event_name":"Colosseum","floor":21,"gold_loss":0},{"damage_healed":0,"gold_gain":0,"player_choice":"Obtained Relic","damage_taken":0,"relics_obtained":["Ornamental Fan"],"max_hp_gain":0,"max_hp_loss":0,"event_name":"Addict","floor":22,"gold_loss":85}],"is_beta":false,"boss_relics":[{"not_picked":["Philosopher\u0027s Stone","Snecko Eye"],"picked":"Runic Cube"}],"items_purged_floors":[11],"is_endless":false,"potions_floor_spawned":[2,4,13,16,21],"killed_by":"Book of Stabbing","ascension_level":12}