{"gold_per_floor":[115,115,115,129,187,187,218,243,243,276,276,294,294,312,312,412,412,423,423,423,169,169,169,21,36,109,109,139,158,158,169,169,270,270,288,108,108,121,0,32,32,60,107,107,138,196,208,12,12,12],"floor_reached":51,"playtime":2737,"items_purged":[],"score":1443,"play_id":"9397972e-d4c9-414e-a4f8-aa48639b2ea9","local_time":"20190506190812","is_ascension_mode":true,"campfire_choices":[{"floor":6,"key":"REST"},{"floor":11,"key":"REST"},{"floor":13,"key":"REST"},{"data":"Melter","floor":15,"key":"SMITH"},{"floor":23,"key":"REST"},{"floor":30,"key":"REST"},{"floor":32,"key":"REST"},{"floor":41,"key":"RECALL"},{"floor":44,"key":"REST"},{"floor":47,"key":"REST"},{"floor":49,"key":"REST"}],"neow_cost":"NONE","seed_source_timestamp":103815467357400,"circlet_count":0,"master_deck":["AscendersBane","Zap","Dualcast","Ball Lightning","Melter+1","Heatsinks","Hello World","Storm","Heatsinks","Seek","Capacitor","Buffer","Defragment","Steam","Capacitor","Darkness","Ball Lightning","Amplify","Hello World","Ghostly","Ghostly","Ghostly","Ghostly","Ghostly","Sadistic Nature","Storm","PanicButton","Self Repair","Steam","Static Discharge","Turbo","Creative AI","Mayhem","Chill","Consume","Lockon+1","Apotheosis","Hologram"],"relics":["Cracked Core","NeowsBlessing","Omamori","Vajra","Odd Mushroom","Torii","Symbiotic Virus","Pandora\u0027s Box","Orichalcum","Letter Opener","Anchor","Fusion Hammer","Red Mask","The Courier","Incense Burner","Bronze Scales","MawBank","Happy Flower"],"potions_floor_usage":[14,25,25,33,40,50,50],"damage_taken":[{"damage":0,"enemies":"Small Slimes","floor":1,"turns":1},{"damage":0,"enemies":"Jaw Worm","floor":4,"turns":1},{"damage":0,"enemies":"Lagavulin","floor":7,"turns":1},{"damage":20,"enemies":"The Mushroom Lair","floor":8,"turns":4},{"damage":30,"enemies":"Gremlin Nob","floor":10,"turns":4},{"damage":0,"enemies":"2 Louse","floor":12,"turns":1},{"damage":7,"enemies":"Looter","floor":14,"turns":3},{"damage":20,"enemies":"The Guardian","floor":16,"turns":11},{"damage":24,"enemies":"3 Byrds","floor":18,"turns":4},{"damage":14,"enemies":"Colosseum Slavers","floor":20,"turns":5},{"damage":0,"enemies":"Shell Parasite","floor":25,"turns":5},{"damage":23,"enemies":"Book of Stabbing","floor":28,"turns":7},{"damage":0,"enemies":"Snecko","floor":29,"turns":6},{"damage":19,"enemies":"Centurion and Healer","floor":31,"turns":5},{"damage":0,"enemies":"Collector","floor":33,"turns":11},{"damage":0,"enemies":"Orb Walker","floor":35,"turns":5},{"damage":0,"enemies":"3 Shapes","floor":38,"turns":5},{"damage":0,"enemies":"Reptomancer","floor":40,"turns":6},{"damage":0,"enemies":"Nemesis","floor":42,"turns":7},{"damage":0,"enemies":"Reptomancer","floor":45,"turns":7},{"damage":1,"enemies":"Awakened One","floor":50,"turns":5}],"seed_played":"-3538551758529944312","potions_obtained":[{"floor":8,"key":"EssenceOfSteel"},{"floor":10,"key":"PowerPotion"},{"floor":14,"key":"Energy Potion"},{"floor":31,"key":"LiquidBronze"},{"floor":38,"key":"SkillPotion"},{"floor":42,"key":"LiquidBronze"}],"is_trial":false,"path_per_floor":["M","?","?","M","?","R","E","?","T","E","R","M","R","M","R","B",null,"M","?","?","$","?","R","$","M","T","?","E","M","R","M","R","B",null,"M","$","?","M","?","E","R","E","T","R","E","T","R","$","R","B",null],"character_chosen":"DEFECT","items_purchased":["Sadistic Nature","Storm","Orichalcum","Mayhem","Apotheosis","Hologram","AttackPotion"],"campfire_rested":9,"item_purchase_floors":[21,21,24,36,48,48,48],"current_hp_per_floor":[68,68,50,50,50,72,72,52,52,22,44,44,66,59,59,39,66,42,37,23,23,19,31,31,31,31,31,15,15,27,15,27,34,40,42,42,42,42,42,42,42,42,42,42,42,42,42,42,42,42],"gold":12,"neow_bonus":"THREE_ENEMY_KILL","is_prod":false,"is_daily":false,"chose_seed":false,"campfire_upgraded":1,"win_rate":0,"timestamp":1557162492,"path_taken":["M","?","?","M","?","R","E","?","T","E","R","?","R","M","R","BOSS","M","?","?","$","?","R","?","?","T","?","E","M","R","M","R","BOSS","M","$","?","M","?","E","R","E","T","R","E","?","R","$","R","BOSS"],"build_version":"2019-01-23","purchased_purges":0,"victory":true,"max_hp_per_floor":[75,75,75,75,75,75,75,75,75,75,75,75,75,75,75,75,75,75,37,37,37,42,42,42,42,42,42,42,42,42,42,42,42,42,42,42,42,42,42,42,42,42,42,42,42,42,42,42,42,42],"card_choices":[{"not_picked":["Leap","Barrage"],"picked":"Ball Lightning","floor":1},{"not_picked":["Compile Driver","Leap"],"picked":"Melter","floor":4},{"not_picked":["Compile Driver","Steam"],"picked":"Heatsinks","floor":7},{"not_picked":["Force Field","Cold Snap"],"picked":"Blizzard","floor":8},{"not_picked":["Turbo","Chill"],"picked":"Hello World","floor":10},{"not_picked":["Reprogram","Sweeping Beam"],"picked":"Storm","floor":12},{"not_picked":["Hologram","Rip and Tear"],"picked":"Heatsinks","floor":14},{"not_picked":["All For One","Meteor Strike"],"picked":"Seek","floor":16},{"not_picked":["Leap","Redo"],"picked":"Hello World","floor":18},{"not_picked":["Gash","Cold Snap","Lockon"],"picked":"SKIP","floor":25},{"not_picked":["Recycle","Rip and Tear"],"picked":"Steam","floor":28},{"not_picked":["Ball Lightning","Blizzard"],"picked":"Static Discharge","floor":29},{"not_picked":["Hologram","Heatsinks"],"picked":"Turbo","floor":31},{"not_picked":["Thunder Strike","Biased Cognition"],"picked":"Creative AI","floor":33},{"not_picked":["Compile Driver+1","Beam Cell","Cold Snap"],"picked":"SKIP","floor":35},{"not_picked":["Coolheaded","Doom and Gloom"],"picked":"Chill","floor":38},{"not_picked":["Coolheaded","Tempest"],"picked":"Consume","floor":40},{"not_picked":["Gash+1","Ball Lightning","Undo"],"picked":"SKIP","floor":42},{"not_picked":["Coolheaded","Stack"],"picked":"Lockon+1","floor":45}],"player_experience":1822616,"relics_obtained":[{"floor":7,"key":"Vajra"},{"floor":8,"key":"Odd Mushroom"},{"floor":9,"key":"Torii"},{"floor":10,"key":"Symbiotic Virus"},{"floor":26,"key":"Letter Opener"},{"floor":28,"key":"Anchor"},{"floor":40,"key":"The Courier"},{"floor":42,"key":"Incense Burner"},{"floor":43,"key":"Bronze Scales"},{"floor":45,"key":"MawBank"},{"floor":46,"key":"Happy Flower"}],"event_choices":[{"damage_healed":0,"gold_gain":0,"player_choice":"Ignored","damage_taken":0,"max_hp_gain":0,"max_hp_loss":0,"event_name":"Shining Light","floor":2,"gold_loss":0},{"damage_healed":0,"gold_gain":0,"player_choice":"Success","damage_taken":18,"relics_obtained":["Omamori"],"max_hp_gain":0,"max_hp_loss":0,"event_name":"Scrap Ooze","floor":3,"gold_loss":0},{"damage_healed":0,"gold_gain":58,"player_choice":"Gained Gold","damage_taken":0,"max_hp_gain":0,"max_hp_loss":0,"event_name":"Golden Wing","floor":5,"gold_loss":0},{"damage_healed":0,"gold_gain":0,"player_choice":"Fought Mushrooms","damage_taken":0,"max_hp_gain":0,"max_hp_loss":0,"event_name":"Mushrooms","floor":8,"gold_loss":0},{"damage_healed":0,"gold_gain":0,"player_choice":"Became a Ghost","damage_taken":0,"max_hp_gain":0,"max_hp_loss":38,"event_name":"Ghosts","floor":19,"gold_loss":0,"cards_obtained":["Ghostly","Ghostly","Ghostly","Ghostly","Ghostly"]},{"damage_healed":0,"gold_gain":0,"player_choice":"Fight","damage_taken":0,"max_hp_gain":0,"max_hp_loss":0,"event_name":"Colosseum","floor":20,"gold_loss":0},{"damage_healed":0,"gold_gain":0,"player_choice":"Fled From Nobs","damage_taken":0,"max_hp_gain":0,"max_hp_loss":0,"event_name":"Colosseum","floor":20,"gold_loss":0},{"damage_healed":0,"gold_gain":0,"player_choice":"Shed Blood","damage_taken":9,"max_hp_gain":5,"max_hp_loss":0,"event_name":"Forgotten Altar","floor":22,"gold_loss":0},{"damage_healed":0,"gold_gain":0,"player_choice":"2 cards matched","damage_taken":0,"max_hp_gain":0,"max_hp_loss":0,"event_name":"Match and Keep!","floor":27,"gold_loss":0,"cards_obtained":["PanicButton","Self Repair"]},{"cards_removed":["Blizzard"],"damage_healed":0,"gold_gain":0,"player_choice":"Removed Attack","damage_taken":0,"max_hp_gain":0,"max_hp_loss":0,"event_name":"Falling","floor":37,"gold_loss":0},{"damage_healed":0,"gold_gain":0,"player_choice":"Paid","damage_taken":0,"relics_obtained":["Red Mask"],"max_hp_gain":0,"max_hp_loss":0,"event_name":"Tomb of Lord Red Mask","floor":39,"gold_loss":121}],"is_beta":false,"boss_relics":[{"not_picked":["Runic Dome","Runic Pyramid"],"picked":"Pandora\u0027s Box"},{"not_picked":["Coffee Dripper","Inserter"],"picked":"Fusion Hammer"}],"items_purged_floors":[],"is_endless":false,"potions_floor_spawned":[8,10,14,16,20,31,38,42],"ascension_level":12}