{"gold_per_floor":[368,368,74,90,90,424,424,434,434,452,486,499,499,513,513,513],"floor_reached":16,"playtime":779,"items_purged":["Shame"],"score":249,"play_id":"cb2247cd-f0c1-4765-b88b-bd99232982fc","local_time":"20190512224057","is_ascension_mode":true,"campfire_choices":[{"floor":7.0,"key":"REST"},{"floor":13,"key":"REST"},{"data":"Uppercut","floor":15,"key":"SMITH"}],"neow_cost":"CURSE","seed_source_timestamp":1356758254118926,"circlet_count":0,"master_deck":["AscendersBane","Strike_R","Strike_R","Strike_R","Strike_R","Strike_R","Defend_R","Defend_R","Defend_R","Defend_R","Bash+1","Pummel","Regret","Battle Trance","Uppercut+1","Flame Barrier","Feed","Heavy Blade"],"special_seed":0,"relics":["Burning Blood","Vajra","Pear","Old Coin","Juzu Bracelet","Strawberry"],"potions_floor_usage":[16,16],"damage_taken":[{"damage":19.0,"enemies":"Small Slimes","floor":1.0,"turns":6.0},{"damage":0.0,"enemies":"Cultist","floor":4.0,"turns":3.0},{"damage":33.0,"enemies":"Gremlin Nob","floor":6.0,"turns":4.0},{"damage":4.0,"enemies":"Jaw Worm","floor":8.0,"turns":3.0},{"damage":23.0,"enemies":"Exordium Wildlife","floor":10.0,"turns":4.0},{"damage":51,"enemies":"Lagavulin","floor":11,"turns":7},{"damage":7,"enemies":"Red Slaver","floor":12,"turns":5},{"damage":3,"enemies":"Looter","floor":14,"turns":3},{"damage":73,"enemies":"Slime Boss","floor":16,"turns":8}],"seed_played":"-3781796242750604862","potions_obtained":[{"floor":1.0,"key":"Explosive Potion"},{"floor":12,"key":"Fruit Juice"},{"floor":14,"key":"BloodPotion"}],"is_trial":false,"path_per_floor":["M","?","$","M","?","E","R","M","T","M","E","M","R","M","R","B"],"character_chosen":"IRONCLAD","items_purchased":["Vajra","Strength Potion"],"campfire_rested":2,"item_purchase_floors":[3,3],"current_hp_per_floor":[55,55,55,61,71,44,69,71,71,54,16,15,42,48,48,0],"gold":513,"neow_bonus":"TWO_FIFTY_GOLD","is_prod":false,"is_daily":false,"chose_seed":false,"campfire_upgraded":1,"win_rate":0,"timestamp":1557715257,"path_taken":["M","?","$","?","?","E","R","M","T","M","E","M","R","M","R","BOSS"],"build_version":"2019-01-23","purchased_purges":1,"victory":false,"max_hp_per_floor":[75,75,75,75,85,85,85,85,85,85,92,92,92,95,95,100],"card_choices":[{"not_picked":["Power Through","Pommel Strike","Clash"],"picked":"SKIP","floor":1.0},{"not_picked":["Intimidate","Armaments"],"picked":"Pummel","floor":4.0},{"not_picked":["Sever Soul","Reckless Charge"],"picked":"Battle Trance","floor":6.0},{"not_picked":["Infernal Blade","Power Through","Headbutt"],"picked":"SKIP","floor":8.0},{"not_picked":["Havoc","Entrench"],"picked":"Uppercut","floor":10.0},{"not_picked":["Intimidate","Power Through"],"picked":"Flame Barrier","floor":11},{"not_picked":["Shrug It Off","Burning Pact"],"picked":"Feed","floor":12},{"not_picked":["Headbutt","Corruption"],"picked":"Heavy Blade","floor":14}],"player_experience":949750,"relics_obtained":[{"floor":6.0,"key":"Old Coin"},{"floor":9.0,"key":"Juzu Bracelet"},{"floor":11,"key":"Strawberry"}],"event_choices":[{"damage_healed":0.0,"max_hp_gain":0.0,"max_hp_loss":0.0,"gold_gain":0.0,"event_name":"Upgrade Shrine","player_choice":"Upgraded","floor":2.0,"gold_loss":0.0,"damage_taken":0.0,"cards_upgraded":["Bash"]},{"damage_healed":0.0,"max_hp_gain":0.0,"max_hp_loss":0.0,"gold_gain":0.0,"event_name":"Big Fish","player_choice":"Box","floor":5.0,"gold_loss":0.0,"damage_taken":0.0,"relics_obtained":["Pear"],"cards_obtained":["Regret"]}],"is_beta":false,"boss_relics":[],"items_purged_floors":[3],"is_endless":false,"potions_floor_spawned":[1,12,14],"killed_by":"Slime Boss","ascension_level":20}