{"gold_per_floor":[116,41,41,60,22,47,47,4,29,54,67,80,80,106,106,208,208,218,143,143,58,37,37],"floor_reached":23,"playtime":1049,"items_purged":["Strike_B"],"score":370,"play_id":"9c2a5a2d-719e-479a-bc2b-bcbbbf691af8","local_time":"20190219112934","is_ascension_mode":true,"campfire_choices":[{"floor":7,"key":"REST"},{"floor":13,"key":"REST"},{"floor":15,"key":"REST"}],"neow_cost":"NONE","seed_source_timestamp":178900485022900,"circlet_count":0,"master_deck":["Strike_B","Strike_B","Defend_B+1","Defend_B","Defend_B","Defend_B","Zap+1","Dualcast","Chaos","White Noise","Rebound","Fission","Turbo","Glacier","Chaos","Rainbow","Capacitor","Conserve Battery"],"relics":["Cracked Core","NeowsBlessing","Bronze Scales","Pen Nib","Kunai","The Courier","Lizard Tail","Meat on the Bone","WingedGreaves"],"potions_floor_usage":[14,14,23],"damage_taken":[{"damage":0,"enemies":"2 Louse","floor":1,"turns":1},{"damage":0,"enemies":"Jaw Worm","floor":4,"turns":1},{"damage":0,"enemies":"Gremlin Nob","floor":6,"turns":1},{"damage":47,"enemies":"Lagavulin","floor":10,"turns":8},{"damage":0,"enemies":"Small Slimes","floor":11,"turns":3},{"damage":8,"enemies":"2 Fungi Beasts","floor":12,"turns":4},{"damage":0,"enemies":"3 Sentries","floor":14,"turns":8},{"damage":30,"enemies":"The Guardian","floor":16,"turns":13},{"damage":12,"enemies":"2 Thieves","floor":18,"turns":4},{"damage":113,"enemies":"Gremlin Leader","floor":23,"turns":10}],"seed_played":"8012778768591799538","potions_obtained":[{"floor":1,"key":"Dexterity Potion"},{"floor":10,"key":"GamblersBrew"},{"floor":12,"key":"Block Potion"},{"floor":14,"key":"GamblersBrew"}],"is_trial":false,"path_per_floor":["M","$","?","M","$","E","R","?","T","E","M","M","R","E","R","B",null,"M","?","?","?","$","E"],"character_chosen":"DEFECT","items_purchased":["White Noise","Conserve Battery"],"campfire_rested":3,"item_purchase_floors":[5,22],"current_hp_per_floor":[68,68,53,53,53,53,75,75,75,28,28,20,42,42,64,34,65,53,53,53,53,53,0],"gold":37,"neow_bonus":"THREE_ENEMY_KILL","is_prod":false,"is_daily":false,"chose_seed":false,"campfire_upgraded":0,"win_rate":0,"timestamp":1550572174,"path_taken":["M","$","?","M","$","E","R","?","T","E","M","M","R","E","R","BOSS","M","?","?","?","?","E"],"build_version":"2019-01-23","purchased_purges":1,"victory":false,"max_hp_per_floor":[75,75,75,75,75,75,75,75,75,75,75,75,75,75,75,75,75,75,75,75,75,75,75],"card_choices":[{"not_picked":["Genetic Algorithm","Sweeping Beam"],"picked":"Chaos","floor":1},{"not_picked":["Beam Cell","Force Field","Consume"],"picked":"SKIP","floor":4},{"not_picked":["Aggregate","Coolheaded"],"picked":"Rebound","floor":6},{"not_picked":["Scrape","Chaos"],"picked":"Fission","floor":10},{"not_picked":["Skim","Hologram"],"picked":"Turbo","floor":11},{"not_picked":["Aggregate","FTL"],"picked":"Glacier","floor":12},{"not_picked":["Streamline","Stack"],"picked":"Chaos","floor":14},{"not_picked":["Buffer","All For One"],"picked":"Rainbow","floor":16},{"not_picked":["Cold Snap","Hologram"],"picked":"Capacitor","floor":18}],"player_experience":1406995,"relics_obtained":[{"floor":6,"key":"Bronze Scales"},{"floor":9,"key":"Pen Nib"},{"floor":10,"key":"Kunai"},{"floor":14,"key":"The Courier"}],"event_choices":[{"damage_healed":0,"gold_gain":0,"player_choice":"Entered Light","damage_taken":15,"max_hp_gain":0,"max_hp_loss":0,"event_name":"Shining Light","floor":3,"gold_loss":0,"cards_upgraded":["Defend_B","Zap"]},{"damage_healed":0,"gold_gain":0,"player_choice":"Left Gold","damage_taken":0,"max_hp_gain":0,"max_hp_loss":0,"event_name":"World of Goop","floor":8,"gold_loss":43},{"cards_removed":["Strike_B"],"damage_healed":0,"gold_gain":0,"player_choice":"Gave Gold","damage_taken":0,"max_hp_gain":0,"max_hp_loss":0,"event_name":"Beggar","floor":19,"gold_loss":75},{"damage_healed":0,"gold_gain":0,"player_choice":"Opened","damage_taken":0,"relics_obtained":["Meat on the Bone"],"max_hp_gain":0,"max_hp_loss":0,"event_name":"The Mausoleum","floor":20,"gold_loss":0},{"damage_healed":0,"gold_gain":0,"player_choice":"Obtained Relic","damage_taken":0,"relics_obtained":["WingedGreaves"],"max_hp_gain":0,"max_hp_loss":0,"event_name":"Addict","floor":21,"gold_loss":85}],"is_beta":false,"boss_relics":[{"not_picked":["Philosopher\u0027s Stone","Busted Crown"],"picked":"Lizard Tail"}],"items_purged_floors":[2],"is_endless":false,"potions_floor_spawned":[1,10,12,14],"killed_by":"Gremlin Leader","ascension_level":9}