{"gold_per_floor":[112,112,138,153,73,101,111,111,137,137,149,149],"floor_reached":12,"playtime":308,"items_purged":[],"score":118,"play_id":"aaf9f04b-a302-4290-bc13-47b3b03f1283","local_time":"20190414185718","is_ascension_mode":true,"campfire_choices":[{"data":"Loop","floor":8,"key":"SMITH"},{"data":"Zap","floor":10,"key":"SMITH"}],"neow_cost":"NONE","seed_source_timestamp":296627864473100,"circlet_count":0,"master_deck":["Strike_B+1","Strike_B","Strike_B+1","Strike_B","Defend_B","Defend_B","Defend_B","Defend_B","Zap+1","Dualcast","Chaos","Steam","Loop+1","Chill","BootSequence","Chill"],"relics":["Cracked Core","NeowsBlessing","Question Card","Orichalcum","Bottled Tornado","Whetstone"],"potions_floor_usage":[],"damage_taken":[{"damage":0,"enemies":"2 Louse","floor":1,"turns":1},{"damage":0,"enemies":"Jaw Worm","floor":4,"turns":1},{"damage":0,"enemies":"3 Sentries","floor":6,"turns":1},{"damage":2,"enemies":"Small Slimes","floor":7,"turns":3},{"damage":7,"enemies":"2 Fungi Beasts","floor":11,"turns":3},{"damage":31,"enemies":"Gremlin Nob","floor":12,"turns":5}],"seed_played":"-3268581522288803987","potions_obtained":[{"floor":4,"key":"FearPotion"},{"floor":6,"key":"Ancient Potion"},{"floor":11,"key":"FocusPotion"}],"is_trial":false,"path_per_floor":["M","?","T","M","$","E","M","R","T","R","M","E"],"character_chosen":"DEFECT","items_purchased":["Loop"],"campfire_rested":0,"item_purchase_floors":[5],"current_hp_per_floor":[75,57,57,57,57,57,55,55,55,55,48,17],"gold":149,"neow_bonus":"THREE_ENEMY_KILL","is_prod":false,"is_daily":false,"chose_seed":false,"campfire_upgraded":2,"win_rate":0,"timestamp":1555293438,"path_taken":["M","?","?","M","$","E","M","R","T","R","M","E"],"build_version":"2019-01-23","purchased_purges":0,"victory":false,"max_hp_per_floor":[75,75,75,75,75,75,75,75,75,75,75,75],"card_choices":[{"not_picked":["Gash","Turbo"],"picked":"Chaos","floor":1},{"not_picked":["Force Field","Rebound","Stack"],"picked":"Steam","floor":4},{"not_picked":["Redo","Rainbow","Turbo"],"picked":"Chill","floor":6},{"not_picked":["Redo","Hello World","Steam"],"picked":"BootSequence","floor":7},{"not_picked":["Turbo","Barrage","White Noise"],"picked":"Chill","floor":11}],"player_experience":301586,"relics_obtained":[{"floor":3,"key":"Orichalcum"},{"floor":6,"key":"Bottled Tornado"},{"floor":9,"key":"Whetstone"}],"event_choices":[{"damage_healed":0,"gold_gain":0,"player_choice":"Success","damage_taken":18,"relics_obtained":["Question Card"],"max_hp_gain":0,"max_hp_loss":0,"event_name":"Scrap Ooze","floor":2,"gold_loss":0}],"is_beta":false,"boss_relics":[],"items_purged_floors":[],"is_endless":false,"potions_floor_spawned":[4,6,11],"killed_by":"Gremlin Nob","ascension_level":3}