{"gold_per_floor":[19,38,49,68,87,87,121,136,136,136,146,146,146],"floor_reached":13,"playtime":1070,"items_purged":[],"score":98,"play_id":"a2a547e9-3fbe-4b2d-9ccf-b540eaa91076","local_time":"20181228135924","is_ascension_mode":true,"campfire_choices":[{"floor":6,"key":"REST"}],"neow_cost":"NO_GOLD","seed_source_timestamp":87772815830871,"circlet_count":0,"master_deck":["Strike_B","Strike_B","Strike_B","Defend_B","Defend_B","Defend_B","Defend_B","Zap","Dualcast","Rainbow","Hello World","Storm","Chaos","Stack","Darkness","Static Discharge","Doom and Gloom","Redo"],"relics":["Cracked Core","Boot"],"potions_floor_usage":[7,11],"damage_taken":[{"damage":8,"enemies":"Small Slimes","floor":1,"turns":4},{"damage":0,"enemies":"Cultist","floor":2,"turns":3},{"damage":0,"enemies":"2 Louse","floor":3,"turns":2},{"damage":7,"enemies":"Blue Slaver","floor":4,"turns":5},{"damage":52,"enemies":"Gremlin Gang","floor":5,"turns":5},{"damage":9,"enemies":"Lagavulin","floor":7,"turns":6},{"damage":12,"enemies":"Red Slaver","floor":8,"turns":4},{"damage":0,"enemies":"Exordium Wildlife","floor":11,"turns":2},{"damage":32,"enemies":"Gremlin Nob","floor":13,"turns":3}],"seed_played":"1262870979131563510","potions_obtained":[{"floor":5,"key":"Dexterity Potion"},{"floor":8,"key":"Explosive Potion"}],"is_trial":false,"path_per_floor":["M","M","M","M","M","R","E","M","T","?","M","?","E"],"character_chosen":"DEFECT","items_purchased":[],"campfire_rested":1,"item_purchase_floors":[],"current_hp_per_floor":[67,67,67,60,8,30,21,9,9,9,9,9,0],"gold":146,"neow_bonus":"THREE_RARE_CARDS","is_prod":false,"is_daily":false,"chose_seed":false,"campfire_upgraded":0,"win_rate":0,"timestamp":1546034364,"path_taken":["M","M","M","M","M","R","E","M","T","?","?","?","E"],"build_version":"2018-12-20","purchased_purges":0,"victory":false,"max_hp_per_floor":[75,75,75,75,75,75,75,75,75,75,75,75,75],"card_choices":[{"not_picked":["Amplify","Buffer"],"picked":"Rainbow","floor":0},{"not_picked":["Turbo","Gash"],"picked":"Hello World","floor":1},{"not_picked":["Sweeping Beam","Gash"],"picked":"Storm","floor":2},{"not_picked":["Conserve Battery","Glacier"],"picked":"Chaos","floor":3},{"not_picked":["Rip and Tear","Sweeping Beam"],"picked":"Stack","floor":4},{"not_picked":["Recycle","Creative AI"],"picked":"Darkness","floor":5},{"not_picked":["Leap","Sunder"],"picked":"Static Discharge","floor":7},{"not_picked":["Barrage","Tempest"],"picked":"Doom and Gloom","floor":8},{"not_picked":["Stack","Reinforced Body"],"picked":"Redo","floor":11}],"player_experience":161878,"relics_obtained":[{"floor":7,"key":"Boot"}],"event_choices":[{"cards_removed":["Strike_B"],"damage_healed":0,"gold_gain":0,"player_choice":"Card Removal","damage_taken":0,"max_hp_gain":0,"max_hp_loss":0,"event_name":"Wheel of Change","floor":10,"gold_loss":0},{"damage_healed":0,"gold_gain":0,"player_choice":"Fled","damage_taken":0,"max_hp_gain":0,"max_hp_loss":0,"event_name":"Scrap Ooze","floor":12,"gold_loss":0}],"is_beta":false,"boss_relics":[],"items_purged_floors":[],"is_endless":false,"potions_floor_spawned":[5,8],"killed_by":"Gremlin Nob","ascension_level":2}