{"gold_per_floor":[19,32,107,31,44,44,44,59,59,59,75,89,164,178,178,178],"floor_reached":16,"playtime":749,"items_purged":[],"score":118,"play_id":"98dd6ca8-0224-4ee9-8dde-b5ab5276005d","local_time":"20181027182200","is_ascension_mode":true,"campfire_choices":[{"data":"Jack Of All Trades","floor":6,"key":"SMITH"},{"data":"Self Repair","floor":10,"key":"SMITH"},{"data":"Consume","floor":15,"key":"SMITH"}],"neow_cost":"NO_GOLD","seed_source_timestamp":249726794652300,"circlet_count":0,"master_deck":["Strike_B","Strike_B","Strike_B+1","Strike_B","Defend_B","Defend_B","Defend_B+1","Defend_B","Zap","Dualcast","Jack Of All Trades+1","Thinking Ahead","BootSequence","Self Repair+1","Recycle","Echo Form","Scrape","Consume+1"],"relics":["Cracked Core","Juzu Bracelet"],"potions_floor_usage":[16,16],"damage_taken":[{"damage":7,"enemies":"Jaw Worm","floor":1,"turns":3},{"damage":0,"enemies":"Cultist","floor":2,"turns":3},{"damage":0,"enemies":"2 Louse","floor":5,"turns":3},{"damage":0,"enemies":"Looter","floor":8,"turns":3},{"damage":8,"enemies":"3 Louse","floor":11,"turns":4},{"damage":16,"enemies":"Exordium Thugs","floor":12,"turns":4},{"damage":0,"enemies":"2 Fungi Beasts","floor":14,"turns":3},{"damage":78,"enemies":"Hexaghost","floor":16,"turns":14}],"seed_played":"-2235701430079919449","potions_obtained":[{"floor":2,"key":"AttackPotion"},{"floor":14,"key":"FearPotion"}],"is_trial":false,"path_per_floor":["M","M","?","$","M","R","?","M","T","R","M","M","?","M","R"],"character_chosen":"DEFECT","items_purchased":["Self Repair"],"campfire_rested":0,"item_purchase_floors":[4],"current_hp_per_floor":[68,68,57,57,64,64,49,56,56,56,58,62,55,75,75,0],"gold":178,"neow_bonus":"RANDOM_COLORLESS_2","is_prod":false,"is_daily":false,"chose_seed":false,"campfire_upgraded":3,"win_rate":0,"timestamp":1540657320,"path_taken":["M","M","?","$","M","R","?","?","T","R","M","M","?","M","R","BOSS"],"build_version":"2018-10-25v2","purchased_purges":0,"victory":false,"max_hp_per_floor":[75,75,75,75,75,75,75,75,75,75,75,75,75,75,75,75],"card_choices":[{"not_picked":["Compile Driver","Beam Cell"],"picked":"BootSequence","floor":1},{"not_picked":["Cold Snap","Compile Driver","Scrape"],"picked":"SKIP","floor":2},{"not_picked":["Blizzard","Beam Cell"],"picked":"Recycle","floor":5},{"not_picked":["Rebound","Recycle","Ball Lightning"],"picked":"SKIP","floor":8},{"not_picked":["Steam","Leap"],"picked":"Echo Form","floor":11},{"not_picked":["Coolheaded","FTL"],"picked":"Scrape","floor":12},{"not_picked":["Chaos","Streamline"],"picked":"Consume","floor":14}],"player_experience":780637,"relics_obtained":[{"floor":9,"key":"Juzu Bracelet"}],"event_choices":[{"damage_healed":0,"gold_gain":75,"player_choice":"Gather Gold","damage_taken":11,"max_hp_gain":0,"max_hp_loss":0,"event_name":"World of Goop","floor":3,"gold_loss":0},{"damage_healed":0,"gold_gain":0,"player_choice":"Entered Light","damage_taken":15,"max_hp_gain":0,"max_hp_loss":0,"event_name":"Shining Light","floor":7,"gold_loss":0,"cards_upgraded":["Strike_B","Defend_B"]},{"damage_healed":0,"gold_gain":75,"player_choice":"Touch","damage_taken":7,"max_hp_gain":0,"max_hp_loss":0,"event_name":"FaceTrader","floor":13,"gold_loss":0}],"is_beta":false,"boss_relics":[],"items_purged_floors":[],"is_endless":false,"potions_floor_spawned":[2,14],"killed_by":"Hexaghost","ascension_level":5}