{"gold_per_floor":[17,35,55,73,73,73,91,102,102,27,27,27,44,55,55,152,152,171,81,101,116,133,133,133],"floor_reached":24,"playtime":4988,"items_purged":["Strike_R"],"score":213,"play_id":"e7e8fe01-38ae-4a9f-a0a3-36e821a6bb43","local_time":"20190504144539","is_ascension_mode":true,"campfire_choices":[{"data":"Entrench","floor":6,"key":"SMITH"},{"data":"Bash","floor":15,"key":"SMITH"},{"floor":23,"key":"REST"}],"neow_cost":"NO_GOLD","seed_source_timestamp":1363820644096282,"circlet_count":0,"master_deck":["Strike_R","Defend_R","Defend_R+1","Defend_R","Bash+1","Metallicize","Entrench+1","Flame Barrier+1","Cleave","Shrug It Off+1","Offering","Twin Strike+1"],"relics":["Black Blood"],"potions_floor_usage":[4,18,24],"damage_taken":[{"damage":10,"enemies":"Jaw Worm","floor":1,"turns":5},{"damage":1,"enemies":"Small Slimes","floor":2,"turns":4},{"damage":0,"enemies":"2 Louse","floor":3,"turns":3},{"damage":13,"enemies":"Gremlin Gang","floor":4,"turns":8},{"damage":8,"enemies":"Looter","floor":7,"turns":4},{"damage":16,"enemies":"Exordium Thugs","floor":8,"turns":5},{"damage":1,"enemies":"Large Slime","floor":13,"turns":9},{"damage":6,"enemies":"3 Louse","floor":14,"turns":4},{"damage":14,"enemies":"The Guardian","floor":16,"turns":18},{"damage":33,"enemies":"Spheric Guardian","floor":18,"turns":11},{"damage":33,"enemies":"2 Thieves","floor":20,"turns":5},{"damage":25,"enemies":"Snake Plant","floor":21,"turns":7},{"damage":16,"enemies":"Centurion and Healer","floor":22,"turns":14},{"damage":37,"enemies":"Cultist and Chosen","floor":24,"turns":8}],"seed_played":"7198020868454286775","potions_obtained":[{"floor":2,"key":"FearPotion"},{"floor":3,"key":"Energy Potion"},{"floor":13,"key":"LiquidBronze"},{"floor":14,"key":"Swift Potion"},{"floor":20,"key":"Dexterity Potion"}],"is_trial":false,"path_per_floor":["M","M","M","M","?","R","M","M","T","$","?","?","M","M","R","B",null,"M","?","M","M","M","R","M"],"character_chosen":"IRONCLAD","items_purchased":[],"campfire_rested":1,"item_purchase_floors":[],"current_hp_per_floor":[76,80,80,73,57,57,55,45,45,45,45,38,43,43,43,35,80,57,57,34,19,13,37,0],"gold":133,"neow_bonus":"REMOVE_TWO","is_prod":false,"is_daily":false,"chose_seed":false,"campfire_upgraded":2,"win_rate":0,"timestamp":1556999139,"path_taken":["M","M","M","M","?","R","M","M","T","$","?","?","M","?","R","BOSS","M","?","M","M","M","R","M"],"build_version":"2019-01-23","purchased_purges":1,"victory":false,"max_hp_per_floor":[80,80,80,80,80,80,80,80,80,80,80,80,80,80,80,80,80,80,80,80,80,80,80,80],"card_choices":[{"not_picked":["Headbutt","Seeing Red"],"picked":"Metallicize","floor":1},{"not_picked":["Perfected Strike","Thunderclap","Anger"],"picked":"SKIP","floor":2},{"not_picked":["Perfected Strike","Thunderclap","Anger"],"picked":"SKIP","floor":2},{"not_picked":["Perfected Strike","Thunderclap","Anger"],"picked":"SKIP","floor":2},{"not_picked":["Anger","Dropkick"],"picked":"Entrench","floor":3},{"not_picked":["Anger","Flex"],"picked":"Flame Barrier","floor":4},{"not_picked":["Headbutt","Infernal Blade"],"picked":"Cleave","floor":7},{"not_picked":["Sword Boomerang","Flex"],"picked":"Shrug It Off","floor":8},{"not_picked":["Clash","Exhume","Rage"],"picked":"SKIP","floor":13},{"not_picked":["Heavy Blade","Flex","Anger"],"picked":"SKIP","floor":14},{"not_picked":["Juggernaut","Bludgeon"],"picked":"Offering","floor":16},{"not_picked":["Reckless Charge","Warcry"],"picked":"Twin Strike+1","floor":18},{"not_picked":["Anger","Shrug It Off","Warcry"],"picked":"SKIP","floor":20},{"not_picked":["Headbutt","Flex+1","Hemokinesis+1"],"picked":"SKIP","floor":21},{"not_picked":["Sever Soul","Headbutt","Warcry"],"picked":"SKIP","floor":22}],"player_experience":244213,"relics_obtained":[],"event_choices":[{"damage_healed":0,"gold_gain":0,"player_choice":"Entered Light","damage_taken":16,"max_hp_gain":0,"max_hp_loss":0,"event_name":"Shining Light","floor":5,"gold_loss":0,"cards_upgraded":["Flame Barrier","Defend_R"]},{"damage_healed":0,"gold_gain":0,"player_choice":"Ignored","damage_taken":0,"max_hp_gain":0,"max_hp_loss":0,"event_name":"Liars Game","floor":11,"gold_loss":0},{"cards_removed":["Strike_R"],"damage_healed":0,"gold_gain":0,"player_choice":"Card Removal","damage_taken":7,"max_hp_gain":0,"max_hp_loss":0,"event_name":"Golden Wing","floor":12,"gold_loss":0},{"cards_removed":["Strike_R"],"damage_healed":0,"gold_gain":0,"player_choice":"Upgrade and Remove","damage_taken":0,"max_hp_gain":0,"max_hp_loss":0,"event_name":"Designer","floor":19,"gold_loss":90,"cards_upgraded":["Shrug It Off"]}],"is_beta":false,"boss_relics":[{"not_picked":["Runic Dome","Snecko Eye"],"picked":"Black Blood"}],"items_purged_floors":[10],"is_endless":false,"potions_floor_spawned":[2,3,13,14,20],"killed_by":"Cultist and Chosen","ascension_level":2}