{"gold_per_floor":[114,129,144,159,234,264,264,279,304,334,334,134,164,111,111,211,211,226,241,12,27,27,27,57,72,147,207,207,167,182,197,197,297,297,312,327,342,357,357],"floor_reached":39,"playtime":3451,"items_purged":[],"score":545,"play_id":"cba470e8-e212-4ca1-a92c-f647e5d210fc","local_time":"20181228200606","daily_mods":["SealedDeck","Blue Cards","Elite Swarm"],"is_ascension_mode":false,"campfire_choices":[{"floor":7,"key":"REST"},{"floor":11,"key":"REST"},{"floor":15,"key":"REST"},{"data":"Reboot","floor":23,"key":"SMITH"},{"floor":32,"key":"REST"}],"neow_cost":"","seed_source_timestamp":95571491172811,"circlet_count":0,"master_deck":["Conserve Battery","Bloodletting","Turbo+1","Chaos","Doom and Gloom","Hologram","Hologram","Redo","Redo","Redo","Scrape","Steam Power","Reboot+1","Anger","Exhume","Steam Power+1","Scrape","Panache","Turbo","Darkness","Stack","Clumsy","Hologram","Beam Cell","Scrape","Loop+1","Recycle"],"special_seed":17894,"relics":["Burning Blood","Kunai","Juzu Bracelet","Mercury Hourglass","Strange Spoon","StoneCalendar","Cursed Key","Smiling Mask","Gremlin Horn","Tiny Chest","Fusion Hammer"],"potions_floor_usage":[6,13,16,31,33,33,39],"damage_taken":[{"damage":3,"enemies":"2 Louse","floor":1,"turns":2},{"damage":3,"enemies":"Cultist","floor":2,"turns":3},{"damage":3,"enemies":"Small Slimes","floor":3,"turns":2},{"damage":19,"enemies":"Looter","floor":4,"turns":5},{"damage":48,"enemies":"Gremlin Nob","floor":6,"turns":4},{"damage":1,"enemies":"3 Louse","floor":8,"turns":2},{"damage":31,"enemies":"Lagavulin","floor":10,"turns":4},{"damage":31,"enemies":"Gremlin Nob","floor":13,"turns":3},{"damage":38,"enemies":"Slime Boss","floor":16,"turns":7},{"damage":21,"enemies":"Shell Parasite","floor":18,"turns":5},{"damage":14,"enemies":"2 Thieves","floor":19,"turns":2},{"damage":1,"enemies":"Sentry and Sphere","floor":21,"turns":3},{"damage":19,"enemies":"Book of Stabbing","floor":24,"turns":3},{"damage":9,"enemies":"Chosen and Byrds","floor":25,"turns":2},{"damage":0,"enemies":"Slavers","floor":27,"turns":1},{"damage":24,"enemies":"Snake Plant","floor":30,"turns":3},{"damage":3,"enemies":"Shelled Parasite and Fungi","floor":31,"turns":1},{"damage":6,"enemies":"Collector","floor":33,"turns":6},{"damage":10,"enemies":"Orb Walker","floor":35,"turns":3},{"damage":3,"enemies":"3 Darklings","floor":36,"turns":1},{"damage":0,"enemies":"Jaw Worm Horde","floor":37,"turns":2},{"damage":24,"enemies":"Spire Growth","floor":38,"turns":3},{"damage":66,"enemies":"Writhing Mass","floor":39,"turns":4}],"seed_played":"-4967362321938783181","potions_obtained":[{"floor":1,"key":"FearPotion"},{"floor":8,"key":"FearPotion"},{"floor":10,"key":"FearPotion"},{"floor":24,"key":"PowerPotion"},{"floor":25,"key":"Explosive Potion"},{"floor":30,"key":"SneckoOil"},{"floor":37,"key":"Explosive Potion"}],"is_trial":false,"path_per_floor":["M","M","M","M","?","E","R","M","T","E","R","$","E","$","R","B",null,"M","M","$","M","?","R","E","M","T","E","?","?","M","M","R","B",null,"M","M","M","M","M"],"character_chosen":"IRONCLAD","items_purchased":["Strange Spoon","Anger","Panache","Turbo"],"campfire_rested":4,"item_purchase_floors":[12,14,20,20],"current_hp_per_floor":[80,80,80,67,59,17,41,46,46,21,45,45,20,20,44,12,80,65,57,57,62,62,62,49,46,46,52,52,52,34,37,61,61,80,76,79,80,62,0],"gold":357,"neow_bonus":"","is_prod":false,"is_daily":true,"chose_seed":false,"campfire_upgraded":1,"win_rate":0,"timestamp":1546056366,"path_taken":["M","M","M","M","?","E","R","?","T","E","R","$","E","?","R","BOSS","M","M","$","M","?","R","E","M","T","E","?","?","M","M","R","BOSS","M","M","M","M","M"],"build_version":"2018-12-20","purchased_purges":0,"victory":false,"max_hp_per_floor":[80,80,80,80,80,80,80,80,80,80,80,80,80,80,80,80,80,80,80,80,80,80,80,80,80,80,80,80,80,80,80,80,80,80,80,80,80,80,80],"card_choices":[{"not_picked":["Go for the Eyes","Thunderclap"],"picked":"Scrape","floor":1},{"not_picked":["Perfected Strike","Blood for Blood","Cold Snap"],"picked":"SKIP","floor":2},{"not_picked":["Barrage","Clothesline","Chill"],"picked":"SKIP","floor":3},{"not_picked":["Hologram","Doom and Gloom"],"picked":"Steam Power","floor":4},{"not_picked":["Reaper","Creative AI"],"picked":"Brutality","floor":6},{"not_picked":["Leap","Rampage","Carnage"],"picked":"SKIP","floor":8},{"not_picked":["Juggernaut","Bludgeon"],"picked":"Reboot","floor":10},{"not_picked":["Limit Break","Thunder Strike","Creative AI"],"picked":"SKIP","floor":13},{"not_picked":["Amplify","Dark Embrace"],"picked":"Exhume","floor":16},{"not_picked":["Barrage","Flame Barrier"],"picked":"Steam Power+1","floor":18},{"not_picked":["Pommel Strike","Rupture"],"picked":"Scrape","floor":19},{"not_picked":["Iron Wave","Clothesline"],"picked":"Darkness","floor":21},{"not_picked":["Creative AI","Machine Learning","Core Surge"],"picked":"SKIP","floor":24},{"not_picked":["Body Slam+1","Infernal Blade","Headbutt+1"],"picked":"SKIP","floor":25},{"not_picked":["Machine Learning","Juggernaut","Double Tap"],"picked":"SKIP","floor":27},{"not_picked":["Entrench","Heavy Blade"],"picked":"Beam Cell","floor":30},{"not_picked":["Storm","Shrug It Off","Blizzard+1"],"picked":"SKIP","floor":31},{"not_picked":["Carnage+1","Searing Blow+1"],"picked":"Scrape","floor":35},{"not_picked":["Entrench+1","Body Slam+1"],"picked":"Loop+1","floor":36},{"not_picked":["Fire Breathing","Ghostly Armor+1"],"picked":"Recycle","floor":37},{"not_picked":["Wild Strike","Clothesline","Sever Soul+1"],"picked":"SKIP","floor":38}],"player_experience":180833,"relics_obtained":[{"floor":6,"key":"Kunai"},{"floor":9,"key":"Juzu Bracelet"},{"floor":10,"key":"Mercury Hourglass"},{"floor":13,"key":"StoneCalendar"},{"floor":24,"key":"Smiling Mask"},{"floor":26,"key":"Gremlin Horn"},{"floor":27,"key":"Tiny Chest"}],"event_choices":[{"damage_healed":0,"gold_gain":75,"player_choice":"Touch","damage_taken":8,"max_hp_gain":0,"max_hp_loss":0,"event_name":"FaceTrader","floor":5,"gold_loss":0},{"damage_healed":0,"gold_gain":0,"cards_transformed":["Brutality"],"player_choice":"Transformed","damage_taken":0,"max_hp_gain":0,"max_hp_loss":0,"event_name":"Transmorgrifier","floor":22,"gold_loss":0,"cards_obtained":["Stack"]},{"damage_healed":0,"gold_gain":0,"player_choice":"Read","damage_taken":0,"max_hp_gain":0,"max_hp_loss":0,"event_name":"The Library","floor":28,"gold_loss":0,"cards_obtained":["Hologram"]},{"damage_healed":0,"gold_gain":0,"player_choice":"Upgrade","damage_taken":0,"max_hp_gain":0,"max_hp_loss":0,"event_name":"Designer","floor":29,"gold_loss":40,"cards_upgraded":["Turbo"]}],"is_beta":false,"boss_relics":[{"not_picked":["Busted Crown","Calling Bell"],"picked":"Cursed Key"},{"not_picked":["Mark of Pain","Snecko Eye"],"picked":"Fusion Hammer"}],"items_purged_floors":[],"is_endless":false,"potions_floor_spawned":[1,8,10,24,25,30,37],"killed_by":"Writhing Mass","ascension_level":0}