{"gold_per_floor":[115,132,207,172,191,191,18,18,18,18,36,36,65,76,76,172,172,137,137,25,25,43,43,58,58,134,148,148,148,148,161,161,266,266,278,278,91,106,88,88,88,123,177,177,194,194,56,73,73,73],"floor_reached":50,"playtime":2594,"items_purged":["Strike_B","Parasite"],"score":543,"play_id":"e5698788-02af-4537-89c0-9e0898aab3f1","local_time":"20190308235302","is_ascension_mode":false,"campfire_choices":[{"data":"Loop","floor":6,"key":"SMITH"},{"data":"Reinforced Body","floor":8,"key":"SMITH"},{"data":"Defragment","floor":15,"key":"SMITH"},{"data":"Fusion","floor":23,"key":"SMITH"},{"data":"Coolheaded","floor":25,"key":"SMITH"},{"floor":28,"key":"REST"},{"data":"Zap","floor":32,"key":"SMITH"},{"data":"Echo Form","floor":41,"key":"SMITH"},{"floor":44,"key":"REST"},{"floor":49,"key":"REST"}],"neow_cost":"NONE","seed_source_timestamp":264914695384642,"circlet_count":0,"master_deck":["Defend_B","Defend_B","Defend_B","Defend_B","Zap+1","Dualcast","Defragment+1","Loop+1","Melter","Coolheaded+1","Reinforced Body+1","Coolheaded","Conserve Battery","Thunder Strike+1","Sweeping Beam+1","Machine Learning","Reprogram+1","Bite+1","Bite+1","Bite+1","Bite+1","Sunder+1","Fusion+1","Zap","BootSequence","Doom and Gloom+1","Rebound+1","RitualDagger+1","Beam Cell+1","Echo Form+1","Barrage+1","Madness","Madness","Gash+1","Self Repair+1","Redo","Chill","Shame","Cold Snap+1","Discovery","Ball Lightning+1","Undo+1"],"relics":["Cracked Core","Orichalcum","Molten Egg 2","Blue Candle","Smiling Mask","Cursed Key","The Courier","Velvet Choker","DataDisk","Ice Cream","Bag of Marbles","Pen Nib"],"potions_floor_usage":[33,33,50,50,50],"damage_taken":[{"damage":6,"enemies":"Jaw Worm","floor":1,"turns":3},{"damage":2,"enemies":"Small Slimes","floor":2,"turns":4},{"damage":0,"enemies":"2 Louse","floor":5,"turns":3},{"damage":5,"enemies":"Blue Slaver","floor":11,"turns":5},{"damage":0,"enemies":"Lagavulin","floor":13,"turns":7},{"damage":0,"enemies":"Exordium Thugs","floor":14,"turns":6},{"damage":23,"enemies":"The Guardian","floor":16,"turns":13},{"damage":6,"enemies":"2 Thieves","floor":18,"turns":5},{"damage":3,"enemies":"Shell Parasite","floor":22,"turns":6},{"damage":14,"enemies":"Centurion and Healer","floor":24,"turns":4},{"damage":24,"enemies":"Snake Plant","floor":27,"turns":3},{"damage":0,"enemies":"Chosen and Byrds","floor":31,"turns":4},{"damage":38,"enemies":"Automaton","floor":33,"turns":11},{"damage":0,"enemies":"3 Shapes","floor":35,"turns":3},{"damage":20,"enemies":"3 Darklings","floor":38,"turns":6},{"damage":24,"enemies":"Reptomancer","floor":42,"turns":8},{"damage":0,"enemies":"Transient","floor":45,"turns":5},{"damage":16,"enemies":"Sphere and 2 Shapes","floor":48,"turns":4},{"damage":64,"enemies":"Time Eater","floor":50,"turns":9}],"seed_played":"-1270937228669128971","potions_obtained":[{"floor":5,"key":"Fire Potion"},{"floor":13,"key":"EssenceOfSteel"},{"floor":14,"key":"Block Potion"},{"floor":18,"key":"Regen Potion"},{"floor":35,"key":"PowerPotion"},{"floor":48,"key":"Weak Potion"}],"is_trial":false,"path_per_floor":["M","M","?","?","M","R","$","R","T","?","M","T","E","M","R","B",null,"M","?","$","?","M","R","M","R","T","M","R","?","?","M","R","B",null,"M","?","$","M","$","?","R","E","T","R","M","?","$","M","R","B"],"character_chosen":"DEFECT","items_purchased":["Reinforced Body","Coolheaded","Sunder+1","Fusion","DataDisk","Gash+1","Redo","Pen Nib","Ball Lightning+1"],"campfire_rested":3,"item_purchase_floors":[7,7,20,20,37,37,39,47,47],"current_hp_per_floor":[69,67,56,74,74,74,74,74,74,71,66,66,66,66,66,43,75,69,52,52,52,52,52,44,44,44,29,44,44,38,41,41,36,52,52,45,45,40,40,40,40,28,28,42,49,49,49,33,47,0],"gold":73,"neow_bonus":"TRANSFORM_CARD","is_prod":false,"is_daily":false,"chose_seed":false,"campfire_upgraded":7,"win_rate":0,"timestamp":1552117982,"path_taken":["M","M","?","?","M","R","$","R","T","?","?","?","E","M","R","BOSS","M","?","$","?","M","R","?","R","T","M","R","?","?","M","R","BOSS","M","?","$","M","$","?","R","E","T","R","M","?","?","M","R","BOSS"],"build_version":"2019-01-23","purchased_purges":2,"victory":false,"max_hp_per_floor":[75,75,75,75,75,75,75,75,75,75,75,75,75,75,75,75,75,75,52,52,52,52,52,52,52,52,52,52,52,52,52,52,52,52,52,52,49,49,49,49,49,49,49,49,49,49,49,49,49,49],"card_choices":[{"not_picked":["Streamline","Stack"],"picked":"Loop","floor":1},{"not_picked":["Undo","Go for the Eyes"],"picked":"Melter","floor":2},{"not_picked":["Leap","Melter"],"picked":"Coolheaded","floor":5},{"not_picked":["Turbo","Leap"],"picked":"Conserve Battery","floor":11},{"not_picked":["Coolheaded","Recycle"],"picked":"Thunder Strike+1","floor":13},{"not_picked":["Beam Cell+1","Fusion"],"picked":"Sweeping Beam+1","floor":14},{"not_picked":["Hyperbeam+1","Seek"],"picked":"Machine Learning","floor":16},{"not_picked":["Steam","Self Repair"],"picked":"Reprogram+1","floor":18},{"not_picked":["Redo","Reinforced Body"],"picked":"BootSequence","floor":22},{"not_picked":["Loop","Blizzard+1"],"picked":"Doom and Gloom+1","floor":24},{"not_picked":["Glacier","Rip and Tear+1"],"picked":"Rebound+1","floor":27},{"not_picked":["Barrage+1","Aggregate"],"picked":"Beam Cell+1","floor":31},{"not_picked":["Hyperbeam+1","Rainbow"],"picked":"Echo Form","floor":33},{"not_picked":["Streamline+1","Storm"],"picked":"Barrage+1","floor":35},{"not_picked":["Hello World","Skim+1"],"picked":"Self Repair+1","floor":38},{"not_picked":["Compile Driver+1","Double Energy+1"],"picked":"Chill","floor":42},{"not_picked":["Capacitor","Coolheaded"],"picked":"Cold Snap+1","floor":45},{"not_picked":["Secret Technique","Forethought"],"picked":"Discovery","floor":46},{"not_picked":["Barrage+1","Stack"],"picked":"Undo+1","floor":48}],"player_experience":285804,"relics_obtained":[{"floor":9,"key":"Orichalcum"},{"floor":12,"key":"Blue Candle"},{"floor":13,"key":"Smiling Mask"},{"floor":26,"key":"The Courier"},{"floor":42,"key":"Ice Cream"},{"floor":43,"key":"Bag of Marbles"}],"event_choices":[{"damage_healed":0,"gold_gain":75,"player_choice":"Gather Gold","damage_taken":11,"max_hp_gain":0,"max_hp_loss":0,"event_name":"World of Goop","floor":3,"gold_loss":0},{"damage_healed":18,"gold_gain":0,"player_choice":"Healed","damage_taken":0,"max_hp_gain":0,"max_hp_loss":0,"event_name":"The Cleric","floor":4,"gold_loss":35},{"damage_healed":0,"gold_gain":0,"player_choice":"Success","damage_taken":3,"relics_obtained":["Molten Egg 2"],"max_hp_gain":0,"max_hp_loss":0,"event_name":"Scrap Ooze","floor":10,"gold_loss":0},{"damage_healed":0,"gold_gain":0,"player_choice":"Became a vampire","damage_taken":0,"max_hp_gain":0,"max_hp_loss":23,"event_name":"Vampires","floor":19,"gold_loss":0,"cards_obtained":["Bite","Bite","Bite","Bite","Bite"]},{"damage_healed":0,"gold_gain":0,"player_choice":"1 cards matched","damage_taken":0,"max_hp_gain":0,"max_hp_loss":0,"event_name":"Match and Keep!","floor":21,"gold_loss":0,"cards_obtained":["Zap"]},{"damage_healed":0,"gold_gain":0,"player_choice":"Ignored","damage_taken":0,"max_hp_gain":0,"max_hp_loss":0,"event_name":"Ghosts","floor":29,"gold_loss":0},{"damage_healed":0,"gold_gain":0,"player_choice":"Joined the Cult","damage_taken":6,"max_hp_gain":0,"max_hp_loss":0,"event_name":"Nest","floor":30,"gold_loss":0,"cards_obtained":["RitualDagger"]},{"damage_healed":0,"gold_gain":0,"player_choice":"Embrace Madness","damage_taken":7,"max_hp_gain":0,"max_hp_loss":0,"event_name":"Winding Halls","floor":36,"gold_loss":0,"cards_obtained":["Madness","Madness"]},{"cards_removed":["Bite"],"damage_healed":0,"gold_gain":0,"player_choice":"Removed Attack","damage_taken":0,"max_hp_gain":0,"max_hp_loss":0,"event_name":"Falling","floor":40,"gold_loss":0},{"damage_healed":0,"gold_gain":0,"player_choice":"Memory 1","damage_taken":0,"max_hp_gain":0,"max_hp_loss":0,"event_name":"SensoryStone","floor":46,"gold_loss":0}],"is_beta":false,"boss_relics":[{"not_picked":["Astrolabe","Black Star"],"picked":"Cursed Key"},{"not_picked":["Coffee Dripper","Snecko Eye"],"picked":"Velvet Choker"}],"items_purged_floors":[7,37],"is_endless":false,"potions_floor_spawned":[5,13,14,18,35,48],"killed_by":"Time Eater","ascension_level":0}