{"gold_per_floor":[118,42,42,52,14,14,34,34,34,54,54,83,83,116,116,190,190,209,209,12,12,12,42,42,42,42,42,58,69,85,95,95,169,169,187,187,41,41,41],"floor_reached":39,"playtime":1305,"items_purged":[],"score":856,"play_id":"4e4222ce-e47d-4e34-8c15-a240b6ff7e16","local_time":"20190502215304","is_ascension_mode":true,"campfire_choices":[{"data":"Evolve","floor":6,"key":"SMITH"},{"data":"Sword Boomerang","floor":8,"key":"SMITH"},{"data":"Heavy Blade","floor":11,"key":"SMITH"},{"floor":15,"key":"REST"},{"floor":24,"key":"REST"},{"floor":27,"key":"REST"},{"data":"Demon Form","floor":32,"key":"SMITH"}],"neow_cost":"CURSE","seed_source_timestamp":1299117419900600,"circlet_count":0,"master_deck":["AscendersBane","Strike_R","Strike_R","Strike_R","Strike_R","Strike_R","Defend_R","Defend_R","Defend_R","Defend_R","Bash","Doubt","Flex+1","Evolve+1","Pain","Power Through","Sever Soul+1","Sword Boomerang+1","Heavy Blade+1","Burning Pact","Demon Form+1","Injury","Regret","Shame","Flex","Heavy Blade+1","Shame","Wild Strike+1","Reaper+1","Infernal Blade","Burning Pact","Pummel+1","Reaper+1","Pummel+1","Whirlwind+1","Sword Boomerang+1","Limit Break","Enlightenment","Double Tap"],"relics":["Burning Blood","Du-Vu Doll","WarpedTongs","FossilizedHelix","Red Skull","Prayer Wheel","Calling Bell","Blood Vial","Molten Egg 2","Turnip","Dream Catcher","Strange Spoon","MutagenicStrength","Boot","Strawberry","Blue Candle","Eternal Feather"],"potions_floor_usage":[12,18,23,29,33,39],"damage_taken":[{"damage":10,"enemies":"Cultist","floor":1,"turns":4},{"damage":13,"enemies":"2 Louse","floor":4,"turns":3},{"damage":2,"enemies":"Small Slimes","floor":7,"turns":2},{"damage":0,"enemies":"2 Fungi Beasts","floor":10,"turns":2},{"damage":9,"enemies":"Lagavulin","floor":12,"turns":5},{"damage":18,"enemies":"3 Sentries","floor":14,"turns":6},{"damage":26,"enemies":"Slime Boss","floor":16,"turns":6},{"damage":0,"enemies":"Chosen","floor":18,"turns":3},{"damage":50,"enemies":"Slavers","floor":23,"turns":4},{"damage":0,"enemies":"Shell Parasite","floor":28,"turns":2},{"damage":6,"enemies":"3 Cultists","floor":29,"turns":3},{"damage":0,"enemies":"Snecko","floor":30,"turns":1},{"damage":21,"enemies":"Centurion and Healer","floor":31,"turns":3},{"damage":57,"enemies":"Collector","floor":33,"turns":6},{"damage":0,"enemies":"Orb Walker","floor":35,"turns":1},{"damage":108,"enemies":"Awakened One","floor":39,"turns":5}],"seed_played":"5074508094879609876","potions_obtained":[{"floor":7,"key":"Weak Potion"},{"floor":10,"key":"Weak Potion"},{"floor":14,"key":"SkillPotion"},{"floor":23,"key":"PowerPotion"},{"floor":28,"key":"Explosive Potion"},{"floor":35,"key":"SkillPotion"}],"is_trial":false,"path_per_floor":["M","$","?","M","$","R","M","R","T","M","R","E","?","E","R","B",null,"M","?","$","?","?","E","R","?","T","R","M","M","M","M","R","B",null,"M","?","$","?","B"],"character_chosen":"IRONCLAD","items_purchased":["Evolve","Sever Soul","Strange Spoon","Double Tap"],"campfire_rested":3,"item_purchase_floors":[2,5,20,37],"current_hp_per_floor":[64,64,64,57,57,57,61,61,61,67,67,64,49,37,59,39,66,74,74,74,74,74,38,62,54,54,78,82,82,82,67,67,66,78,82,82,82,82,0],"gold":41,"neow_bonus":"ONE_RARE_RELIC","is_prod":false,"is_daily":false,"chose_seed":false,"campfire_upgraded":4,"win_rate":0,"timestamp":1556826784,"path_taken":["M","?","?","M","$","R","M","R","T","?","R","E","?","E","R","BOSS","M","?","$","?","?","E","R","?","T","R","M","?","M","M","R","BOSS","M","?","$","?","BOSS"],"build_version":"2019-01-23","purchased_purges":0,"victory":false,"max_hp_per_floor":[75,75,75,75,75,75,75,75,75,75,75,75,75,75,75,75,75,75,75,75,75,75,82,82,82,82,82,82,82,82,82,82,82,82,82,82,82,82,82],"card_choices":[{"not_picked":["Havoc","Pommel Strike"],"picked":"Flex","floor":1},{"not_picked":["Blood for Blood","Body Slam"],"picked":"Power Through","floor":4},{"not_picked":["Power Through","Flame Barrier"],"picked":"Sword Boomerang","floor":7},{"not_picked":["Havoc","Flex"],"picked":"Heavy Blade","floor":10},{"not_picked":["Evolve","Clash","Shockwave"],"picked":"SKIP","floor":12},{"not_picked":["Perfected Strike","Flex"],"picked":"Burning Pact","floor":14},{"not_picked":["Dark Embrace","Berserk"],"picked":"Demon Form","floor":16},{"not_picked":["Clothesline+1","Bloodletting"],"picked":"Flex","floor":18},{"not_picked":["Dual Wield","Wild Strike+1"],"picked":"Heavy Blade+1","floor":18},{"not_picked":["Spot Weakness","Clothesline+1"],"picked":"Wild Strike+1","floor":23},{"not_picked":["Body Slam+1","Pommel Strike+1"],"picked":"Reaper+1","floor":24},{"not_picked":["Shrug It Off","Shockwave"],"picked":"Infernal Blade","floor":27},{"not_picked":["Heavy Blade+1","Metallicize"],"picked":"Burning Pact","floor":28},{"not_picked":["Searing Blow+1","Disarm","Thunderclap+1"],"picked":"SKIP","floor":28},{"not_picked":["Twin Strike+1","Combust"],"picked":"Pummel+1","floor":29},{"not_picked":["Clothesline+1","Thunderclap+1"],"picked":"Reaper+1","floor":29},{"not_picked":["Twin Strike+1","Entrench+1"],"picked":"Pummel+1","floor":30},{"not_picked":["Clash+1","Body Slam+1"],"picked":"Whirlwind+1","floor":30},{"not_picked":["Body Slam+1","Dual Wield"],"picked":"Sword Boomerang+1","floor":31},{"not_picked":["Demon Form","Spot Weakness","Flex"],"picked":"SKIP","floor":31},{"not_picked":["Barricade","Juggernaut"],"picked":"Limit Break","floor":33},{"not_picked":["Warcry","Headbutt+1","True Grit"],"picked":"SKIP","floor":35},{"not_picked":["Fire Breathing","Body Slam+1","Armaments"],"picked":"SKIP","floor":35},{"not_picked":["Madness","Flash of Steel+1"],"picked":"Enlightenment","floor":36}],"player_experience":1790104,"relics_obtained":[{"floor":9,"key":"FossilizedHelix"},{"floor":12,"key":"Red Skull"},{"floor":14,"key":"Prayer Wheel"},{"floor":17,"key":"Blood Vial"},{"floor":17,"key":"Molten Egg 2"},{"floor":17,"key":"Turnip"},{"floor":23,"key":"Strawberry"},{"floor":26,"key":"Blue Candle"}],"event_choices":[{"damage_healed":0,"gold_gain":0,"player_choice":"Rummage","damage_taken":0,"relics_obtained":["WarpedTongs"],"max_hp_gain":0,"max_hp_loss":0,"event_name":"Accursed Blacksmith","floor":3,"gold_loss":0,"cards_obtained":["Pain"]},{"damage_healed":0,"gold_gain":0,"player_choice":"Entered Light","damage_taken":15,"max_hp_gain":0,"max_hp_loss":0,"event_name":"Shining Light","floor":13,"gold_loss":0,"cards_upgraded":["Sever Soul","Flex"]},{"damage_healed":0,"gold_gain":0,"player_choice":"Stole Relic","damage_taken":0,"relics_obtained":["Dream Catcher"],"max_hp_gain":0,"max_hp_loss":0,"event_name":"Addict","floor":19,"gold_loss":0,"cards_obtained":["Shame"]},{"damage_healed":0,"gold_gain":0,"player_choice":"Inject Mutagens","damage_taken":0,"relics_obtained":["MutagenicStrength"],"max_hp_gain":0,"max_hp_loss":0,"event_name":"Drug Dealer","floor":21,"gold_loss":0},{"damage_healed":0,"gold_gain":0,"player_choice":"Opened","damage_taken":0,"relics_obtained":["Boot"],"max_hp_gain":0,"max_hp_loss":0,"event_name":"The Mausoleum","floor":22,"gold_loss":0},{"damage_healed":0,"gold_gain":0,"player_choice":"","damage_taken":8,"max_hp_gain":0,"max_hp_loss":0,"event_name":"Knowing Skull","floor":25,"potions_obtained":[],"gold_loss":0,"cards_obtained":[]},{"damage_healed":0,"gold_gain":0,"player_choice":"Memory 1","damage_taken":0,"max_hp_gain":0,"max_hp_loss":0,"event_name":"SensoryStone","floor":36,"gold_loss":0},{"damage_healed":0,"gold_gain":0,"player_choice":"Took Portal","damage_taken":0,"max_hp_gain":0,"max_hp_loss":0,"event_name":"SecretPortal","floor":38,"gold_loss":0}],"is_beta":false,"boss_relics":[{"not_picked":["Velvet Choker","Ectoplasm"],"picked":"Calling Bell"},{"not_picked":["Sozu","Snecko Eye"],"picked":"Eternal Feather"}],"items_purged_floors":[],"is_endless":false,"potions_floor_spawned":[7,10,14,23,28,35],"killed_by":"Awakened One","ascension_level":14}