{"gold_per_floor":[113,127,127,16,30,30,60,88,88,88,13,13,33,53,53,148,148,166,72,72,83,83,83,97,97,97,113,113,130,130,148,148,244,244,263,282,1281,1335,1335,1335,1351,486,539,555,555,26,39,39],"floor_reached":48,"playtime":3099,"items_purged":["Strike_G","Normality"],"score":696,"play_id":"7389c440-9ff4-4ba0-a1df-50b8f684b130","local_time":"20181010193239","is_ascension_mode":true,"campfire_choices":[{"data":"Crippling Poison","floor":6,"key":"SMITH"},{"floor":10,"key":"REST"},{"floor":12,"key":"REST"},{"data":"Distraction","floor":15,"key":"SMITH"},{"data":"Glass Knife","floor":23,"key":"SMITH"},{"data":"Burst","floor":25,"key":"SMITH"},{"data":"Footwork","floor":32,"key":"SMITH"},{"floor":40,"key":"REST"}],"neow_cost":"","seed_source_timestamp":196036464626100,"circlet_count":0,"master_deck":["Defend_G","Defend_G","Defend_G","Defend_G","Strike_G","Strike_G","Survivor+1","Neutralize","Poisoned Stab","Poisoned Stab","Crippling Poison+1","Distraction+1","Flying Knee","Envenom","Crippling Poison","Deflect","Riddle With Holes","Burst+1","Footwork+1","Deadly Poison","Glass Knife+1","Deadly Poison","Noxious Fumes","Writhe","Blur","Corpse Explosion","Parasite","Shame","Clumsy","Tactician+1","Normality","Catalyst","Madness","Madness","Secret Technique","Jack Of All Trades","Bandage Up"],"relics":["Ring of the Snake","Odd Mushroom","Bird Faced Urn","Tough Bandages","HoveringKite","Question Card","Bronze Scales","Calling Bell","Orichalcum","Meat on the Bone","Girya","WingedGreaves","Calipers","Oddly Smooth Stone","Tiny Chest","Pen Nib","Incense Burner"],"potions_floor_usage":[21,29,33,35,38,45,48,48],"damage_taken":[{"damage":1,"enemies":"2 Louse","floor":1,"turns":3},{"damage":0,"enemies":"Jaw Worm","floor":2,"turns":5},{"damage":0,"enemies":"Cultist","floor":5,"turns":4},{"damage":19,"enemies":"The Mushroom Lair","floor":7,"turns":4},{"damage":23,"enemies":"Lagavulin","floor":8,"turns":7},{"damage":3,"enemies":"Looter","floor":13,"turns":4},{"damage":5,"enemies":"Gremlin Gang","floor":14,"turns":4},{"damage":53,"enemies":"The Guardian","floor":16,"turns":9},{"damage":6,"enemies":"2 Thieves","floor":18,"turns":3},{"damage":0,"enemies":"3 Byrds","floor":21,"turns":2},{"damage":3,"enemies":"Snecko","floor":24,"turns":5},{"damage":1,"enemies":"Shelled Parasite and Fungi","floor":27,"turns":3},{"damage":8,"enemies":"Snake Plant","floor":29,"turns":4},{"damage":4,"enemies":"Cultist and Chosen","floor":31,"turns":5},{"damage":63,"enemies":"Champ","floor":33,"turns":12},{"damage":3,"enemies":"3 Darklings","floor":35,"turns":2},{"damage":1,"enemies":"Orb Walker","floor":36,"turns":5},{"damage":49,"enemies":"Mysterious Sphere","floor":38,"turns":5},{"damage":0,"enemies":"Sphere and 2 Shapes","floor":41,"turns":3},{"damage":21,"enemies":"3 Darklings","floor":44,"turns":4},{"damage":0,"enemies":"4 Shapes","floor":45,"turns":1},{"damage":11,"enemies":"Maw","floor":47,"turns":7},{"damage":55,"enemies":"Giant Head","floor":48,"turns":7}],"seed_played":"8410628620894142641","potions_obtained":[{"floor":7,"key":"LiquidBronze"},{"floor":8,"key":"Block Potion"},{"floor":13,"key":"SmokeBomb"},{"floor":24,"key":"SpeedPotion"},{"floor":27,"key":"Regen Potion"},{"floor":29,"key":"Poison Potion"},{"floor":33,"key":"SteroidPotion"},{"floor":41,"key":"AttackPotion"},{"floor":47,"key":"Block Potion"}],"is_trial":false,"path_per_floor":["M","M","?","$","M","R","?","E","T","R","$","R","M","M","R","B",null,"M","$","?","M","?","R","M","R","T","M","?","M","?","M","R","B",null,"M","M","?","?","?","R","M","$","T","M","M","$","M"],"character_chosen":"THE_SILENT","items_purchased":["Crippling Poison","Distraction","Footwork","Deadly Poison","Calipers","Oddly Smooth Stone","Secret Technique","Jack Of All Trades","Pen Nib","Incense Burner","Bandage Up"],"campfire_rested":3,"item_purchase_floors":[4,4,19,19,42,42,42,42,46,46,46],"current_hp_per_floor":[69,69,69,69,69,69,50,27,27,48,48,69,66,61,61,10,70,64,64,64,66,66,66,67,67,67,68,68,64,64,66,66,9,70,67,69,69,37,28,49,51,51,51,46,46,46,43,0],"gold":39,"neow_bonus":"","is_prod":false,"is_daily":false,"chose_seed":false,"campfire_upgraded":5,"win_rate":0,"timestamp":1539192759,"path_taken":["M","M","?","$","M","R","?","E","T","R","$","R","?","?","R","BOSS","M","$","?","M","?","R","M","R","T","?","?","M","?","M","R","BOSS","M","M","?","?","?","R","M","?","T","?","M","$","?","E"],"build_version":"2018-10-04v2","purchased_purges":2,"victory":false,"max_hp_per_floor":[70,70,70,70,70,70,70,70,70,70,70,70,70,70,70,70,70,70,70,70,70,70,70,70,70,70,70,70,70,70,70,70,70,70,70,70,70,70,70,70,70,70,70,70,70,70,70,70],"card_choices":[{"not_picked":["Dagger Throw","PiercingWail"],"picked":"Poisoned Stab","floor":1},{"not_picked":["Eviscerate","Backflip"],"picked":"Poisoned Stab","floor":2},{"not_picked":["Leg Sweep","Deflect"],"picked":"Flying Knee","floor":5},{"not_picked":["Leg Sweep","Dagger Spray"],"picked":"Envenom","floor":7},{"not_picked":["Distraction","Dodge and Roll"],"picked":"Crippling Poison","floor":8},{"not_picked":["Outmaneuver","Accuracy"],"picked":"Deflect","floor":13},{"not_picked":["Escape Plan","Dash"],"picked":"Riddle With Holes","floor":14},{"not_picked":["Storm of Steel","Tools of the Trade"],"picked":"Burst","floor":16},{"not_picked":["Cloak And Dagger","Calculated Gamble","Deflect"],"picked":"SKIP","floor":18},{"not_picked":["Escape Plan","Underhanded Strike","Infinite Blades+1"],"picked":"SKIP","floor":21},{"not_picked":["Cloak And Dagger","Underhanded Strike"],"picked":"Noxious Fumes","floor":24},{"not_picked":["Quick Slash+1","Footwork","All Out Attack","Noxious Fumes"],"picked":"SKIP","floor":27},{"not_picked":["All Out Attack","Skewer+1","Dagger Spray","Crippling Poison"],"picked":"SKIP","floor":29},{"not_picked":["Quick Slash","Slice+1","Reflex"],"picked":"Blur","floor":31},{"not_picked":["Tools of the Trade","Bullet Time","Glass Knife"],"picked":"Corpse Explosion","floor":33},{"not_picked":["Blade Dance+1","Bane","Deflect+1"],"picked":"Tactician+1","floor":35},{"not_picked":["Cloak And Dagger+1","Infinite Blades+1","Sucker Punch+1","Noxious Fumes"],"picked":"SKIP","floor":36},{"not_picked":["Slice","Dagger Throw","Bouncing Flask+1"],"picked":"Catalyst","floor":38},{"not_picked":["Dagger Spray","Crippling Poison+1","Night Terror","Dodge and Roll"],"picked":"SKIP","floor":41},{"not_picked":["Infinite Blades+1","Distraction","Slice+1","Sucker Punch"],"picked":"SKIP","floor":44},{"not_picked":["Dagger Throw+1","Masterful Stab","Distraction","Flying Knee+1"],"picked":"SKIP","floor":47}],"player_experience":661398,"relics_obtained":[{"floor":7,"key":"Odd Mushroom"},{"floor":8,"key":"Bird Faced Urn"},{"floor":9,"key":"Tough Bandages"},{"floor":26,"key":"Question Card"},{"floor":34,"key":"Orichalcum"},{"floor":34,"key":"Meat on the Bone"},{"floor":34,"key":"Girya"},{"floor":38,"key":"WingedGreaves"},{"floor":43,"key":"Tiny Chest"}],"event_choices":[{"event_name":"Living Wall","player_choice":"Grow","floor":3,"damage_taken":0},{"event_name":"Mushrooms","player_choice":"Fought Mushrooms","floor":7,"damage_taken":0},{"event_name":"Bonfire Elementals","player_choice":"BASIC","floor":20,"damage_taken":0},{"event_name":"Drug Dealer","player_choice":"Became Test Subject","floor":22,"damage_taken":0},{"event_name":"Cursed Tome","player_choice":"Ignored","floor":28,"damage_taken":0},{"event_name":"The Mausoleum","player_choice":"Yes","floor":30,"damage_taken":0},{"event_name":"MindBloom","player_choice":"Gold","floor":37,"damage_taken":0},{"event_name":"Mysterious Sphere","player_choice":"Fight","floor":38,"damage_taken":0},{"event_name":"Winding Halls","player_choice":"Embrace Madness","floor":39,"damage_taken":0}],"is_beta":false,"boss_relics":[{"not_picked":["Black Star","WristBlade"],"picked":"HoveringKite"},{"not_picked":["Sozu","Lizard Tail"],"picked":"Calling Bell"}],"items_purged_floors":[11,42],"is_endless":false,"potions_floor_spawned":[7,8,13,14,16,24,27,29,33,41,45,47],"killed_by":"Giant Head","ascension_level":4}