{"gold_per_floor":[110,110,27,6,6,6,6,39,96,96,112,112,155,178,178,304,304,324,63,111,111,125,159,159],"floor_reached":24,"playtime":1294,"items_purged":[],"score":368,"play_id":"dc4af18f-6555-4410-8976-04f28f257ff4","local_time":"20190308222748","is_ascension_mode":true,"campfire_choices":[{"floor":6,"key":"REST"},{"data":"Discovery","floor":10,"key":"SMITH"},{"floor":15,"key":"REST"}],"neow_cost":"NONE","seed_source_timestamp":85845802805300,"circlet_count":0,"master_deck":["AscendersBane","Defend_G","Defend_G","Defend_G","Defend_G","Defend_G","Strike_G","Strike_G","Strike_G","Strike_G","Strike_G","Survivor","Neutralize","Underhanded Strike","Discovery+1","Terror","Sucker Punch","Riddle With Holes","Skewer","Burst+1","Terror+1","Malaise+1","Catalyst+1","Sadistic Nature","Noxious Fumes","Outmaneuver+1","Catalyst+1"],"relics":["Ring of the Snake","NeowsBlessing","Bloody Idol","Dream Catcher","Matryoshka","Kunai","Tiny Chest","Gremlin Horn","Toxic Egg 2","Snake Skull","Art of War","Bag of Preparation"],"potions_floor_usage":[13,16,23],"damage_taken":[{"damage":0,"enemies":"Jaw Worm","floor":1,"turns":1},{"damage":0,"enemies":"Lagavulin","floor":8,"turns":2},{"damage":0,"enemies":"Small Slimes","floor":11,"turns":1},{"damage":25,"enemies":"Gremlin Nob","floor":13,"turns":4},{"damage":0,"enemies":"2 Louse","floor":14,"turns":5},{"damage":12,"enemies":"Slime Boss","floor":16,"turns":8},{"damage":9,"enemies":"Chosen","floor":18,"turns":7},{"damage":10,"enemies":"Shell Parasite","floor":22,"turns":6},{"damage":12,"enemies":"Gremlin Leader","floor":23,"turns":7},{"damage":64,"enemies":"Snecko","floor":24,"turns":7}],"seed_played":"7630614762072176666","potions_obtained":[{"floor":1,"key":"Explosive Potion"},{"floor":11,"key":"SneckoOil"},{"floor":13,"key":"AttackPotion"},{"floor":18,"key":"LiquidBronze"},{"floor":22,"key":"SpeedPotion"}],"is_trial":false,"path_per_floor":["M","?","$","?","?","R","$","E","T","R","M","?","E","M","R","B",null,"M","$","T","?","M","E","M"],"character_chosen":"THE_SILENT","items_purchased":["Discovery","Sadistic Nature","Noxious Fumes"],"campfire_rested":2,"item_purchase_floors":[3,19,19],"current_hp_per_floor":[63,46,46,46,39,60,60,60,60,60,60,60,35,35,56,44,64,55,55,55,55,50,43,0],"gold":159,"neow_bonus":"THREE_ENEMY_KILL","is_prod":false,"is_daily":false,"chose_seed":false,"campfire_upgraded":1,"win_rate":0,"timestamp":1552080468,"path_taken":["M","?","$","?","?","R","$","E","T","R","?","?","E","?","R","BOSS","M","$","?","?","M","E","M"],"build_version":"2019-01-23","purchased_purges":0,"victory":false,"max_hp_per_floor":[70,70,70,70,70,70,70,70,70,70,70,70,70,70,70,70,70,70,70,70,70,70,70,70],"card_choices":[{"not_picked":["Dodge and Roll","Acrobatics"],"picked":"Underhanded Strike","floor":1},{"not_picked":["All Out Attack","Masterful Stab"],"picked":"Terror","floor":6},{"not_picked":["Slice","Masterful Stab"],"picked":"Sucker Punch","floor":8},{"not_picked":["Endless Agony","Quick Slash"],"picked":"Riddle With Holes","floor":11},{"not_picked":["Flying Knee","Dagger Throw"],"picked":"Skewer","floor":13},{"not_picked":["Poisoned Stab","Quick Slash"],"picked":"Burst+1","floor":14},{"not_picked":["All Out Attack","Catalyst+1"],"picked":"Terror+1","floor":15},{"not_picked":["Die Die Die","Grand Finale"],"picked":"Malaise+1","floor":16},{"not_picked":["Flying Knee+1","Escape Plan+1"],"picked":"Catalyst+1","floor":18},{"not_picked":["Predator","Sucker Punch"],"picked":"Outmaneuver+1","floor":22},{"not_picked":["Skewer","Corpse Explosion+1"],"picked":"Catalyst+1","floor":23}],"player_experience":1475795,"relics_obtained":[{"floor":8,"key":"Matryoshka"},{"floor":9,"key":"Kunai"},{"floor":9,"key":"Tiny Chest"},{"floor":13,"key":"Toxic Egg 2"},{"floor":20,"key":"Snake Skull"},{"floor":20,"key":"Art of War"},{"floor":23,"key":"Bag of Preparation"}],"event_choices":[{"damage_healed":0,"gold_gain":0,"player_choice":"Take Damage","damage_taken":17,"relics_obtained":["Golden Idol"],"max_hp_gain":0,"max_hp_loss":0,"event_name":"Golden Idol","floor":2,"gold_loss":0},{"damage_healed":0,"gold_gain":0,"player_choice":"Left Gold","damage_taken":0,"max_hp_gain":0,"max_hp_loss":0,"event_name":"World of Goop","floor":4,"gold_loss":21},{"damage_healed":0,"gold_gain":0,"player_choice":"Success","damage_taken":7,"relics_obtained":["Dream Catcher"],"max_hp_gain":0,"max_hp_loss":0,"event_name":"Scrap Ooze","floor":5,"gold_loss":0},{"damage_healed":0,"gold_gain":0,"player_choice":"Gave Potion","damage_taken":0,"relics_obtained":["Gremlin Horn"],"max_hp_gain":0,"max_hp_loss":0,"event_name":"WeMeetAgain","floor":12,"gold_loss":0},{"damage_healed":0,"gold_gain":0,"player_choice":"Gave Idol","damage_taken":0,"relics_obtained":["Bloody Idol"],"max_hp_gain":0,"max_hp_loss":0,"event_name":"Forgotten Altar","floor":21,"relics_lost":["Golden Idol"],"gold_loss":0}],"is_beta":false,"boss_relics":[{"not_picked":["Snecko Eye","Coffee Dripper","Runic Dome"]}],"items_purged_floors":[],"is_endless":false,"potions_floor_spawned":[1,11,13,18,22],"killed_by":"Snecko","ascension_level":10}