{"gold_per_floor":[117,2,18,18,18,72,109,141,141,141,172,172,172,142,142,259,259,247,41,52,18,18],"floor_reached":22,"playtime":1035,"items_purged":["Decay"],"score":276,"play_id":"bce916ce-f6df-454b-b973-e33854133da5","local_time":"20190225225353","is_ascension_mode":true,"campfire_choices":[{"floor":10,"key":"REST"},{"floor":12,"key":"REST"},{"floor":15,"key":"REST"}],"neow_cost":"CURSE","seed_source_timestamp":92381957492100,"circlet_count":0,"master_deck":["AscendersBane","Defend_G","Defend_G","Defend_G","Defend_G","Defend_G","Strike_G","Strike_G","Strike_G","Survivor","Neutralize","Sadistic Nature","HandOfGreed","Setup","Crippling Poison","Deadly Poison","Poisoned Stab","Poisoned Stab","Caltrops","A Thousand Cuts","Bandage Up","Footwork","Noxious Fumes"],"relics":["Ring of the Serpent","Torii","Dodecahedron","Tiny Chest"],"potions_floor_usage":[8,8,18,20],"damage_taken":[{"damage":7,"enemies":"Cultist","floor":1,"turns":4},{"damage":4,"enemies":"Small Slimes","floor":3,"turns":3},{"damage":37,"enemies":"Lagavulin","floor":6,"turns":7},{"damage":0,"enemies":"2 Louse","floor":7,"turns":2},{"damage":1,"enemies":"Exordium Wildlife","floor":8,"turns":4},{"damage":4,"enemies":"Lots of Slimes","floor":11,"turns":3},{"damage":1,"enemies":"Looter","floor":14,"turns":4},{"damage":40,"enemies":"The Guardian","floor":16,"turns":8},{"damage":24,"enemies":"2 Thieves","floor":18,"turns":4},{"damage":22,"enemies":"3 Byrds","floor":20,"turns":4},{"damage":22,"enemies":"3 Cultists","floor":22,"turns":4}],"seed_played":"-7750580440162156050","potions_obtained":[{"floor":6,"key":"Explosive Potion"},{"floor":7,"key":"Swift Potion"},{"floor":11,"key":"Energy Potion"},{"floor":18,"key":"EssenceOfSteel"}],"is_trial":false,"path_per_floor":["M","$","M","?","$","E","M","M","T","R","M","R","?","M","R","B",null,"M","$","M","$","M"],"character_chosen":"THE_SILENT","items_purchased":["Crippling Poison","Tiny Chest","Bandage Up","Noxious Fumes"],"campfire_rested":3,"item_purchase_floors":[2,19,19,21],"current_hp_per_floor":[56,56,52,52,52,15,15,14,14,35,31,52,52,51,70,30,60,36,36,18,18,0],"gold":18,"neow_bonus":"RANDOM_COLORLESS_2","is_prod":false,"is_daily":false,"chose_seed":false,"campfire_upgraded":0,"win_rate":0,"timestamp":1551131633,"path_taken":["M","$","?","?","?","E","M","M","T","R","M","R","?","M","R","BOSS","M","$","M","$","M"],"build_version":"2019-01-23","purchased_purges":1,"victory":false,"max_hp_per_floor":[70,70,70,70,70,70,70,70,70,70,70,70,70,70,70,70,70,70,70,70,70,70],"card_choices":[{"not_picked":["Backflip","Flying Knee"],"picked":"Setup","floor":1},{"not_picked":["Slice","Outmaneuver"],"picked":"Deadly Poison","floor":3},{"not_picked":["Deflect","Crippling Poison"],"picked":"Poisoned Stab","floor":6},{"not_picked":["Concentrate","Sucker Punch","Prepared"],"picked":"SKIP","floor":7},{"not_picked":["Bouncing Flask","Sucker Punch"],"picked":"Poisoned Stab","floor":8},{"not_picked":["Infinite Blades","Blade Dance"],"picked":"Caltrops","floor":11},{"not_picked":["Calculated Gamble","Deflect","Infinite Blades"],"picked":"SKIP","floor":14},{"not_picked":["Night Terror","Envenom"],"picked":"A Thousand Cuts","floor":16},{"not_picked":["Masterful Stab","Underhanded Strike","Accuracy+1"],"picked":"SKIP","floor":18},{"not_picked":["Deadly Poison","Dagger Throw"],"picked":"Footwork","floor":20}],"player_experience":1438303,"relics_obtained":[{"floor":6,"key":"Torii"},{"floor":9,"key":"Dodecahedron"}],"event_choices":[{"cards_removed":["Strike_G"],"damage_healed":0,"gold_gain":0,"player_choice":"Offered Basic","damage_taken":0,"max_hp_gain":0,"max_hp_loss":0,"event_name":"Bonfire Elementals","floor":4,"gold_loss":0},{"cards_removed":["Strike_G"],"damage_healed":0,"gold_gain":0,"player_choice":"Purged","damage_taken":0,"max_hp_gain":0,"max_hp_loss":0,"event_name":"Purifier","floor":13,"gold_loss":0}],"is_beta":false,"boss_relics":[{"not_picked":["Calling Bell","Snecko Eye"],"picked":"Ring of the Serpent"}],"items_purged_floors":[2],"is_endless":false,"potions_floor_spawned":[6,7,11,18],"killed_by":"3 Cultists","ascension_level":10}