{"gold_per_floor":[111,127,302,26,42,70,70,98,98,98,115,115,134,149,149,149],"floor_reached":16,"playtime":770,"items_purged":["Decay"],"score":179,"play_id":"0239be62-cff1-4ae6-bafa-1438d32f6565","local_time":"20190417000332","is_ascension_mode":true,"campfire_choices":[{"floor":7,"key":"REST"},{"floor":12,"key":"REST"},{"data":"Loop","floor":15,"key":"SMITH"}],"neow_cost":"CURSE","seed_source_timestamp":516284444541400,"circlet_count":0,"master_deck":["AscendersBane","Strike_B","Strike_B","Strike_B","Strike_B","Defend_B","Defend_B","Defend_B","Defend_B","Zap","Dualcast","Undo","Undo","Doubt","Conserve Battery","Melter","Heatsinks","Sunder","Parasite","Heatsinks","Loop+1","Self Repair","Capacitor"],"relics":["Cracked Core","Bird Faced Urn","Chemical X","Dream Catcher","FossilizedHelix","Pantograph"],"potions_floor_usage":[5,11,13,16],"damage_taken":[{"damage":4,"enemies":"Jaw Worm","floor":1,"turns":3},{"damage":0,"enemies":"2 Louse","floor":2,"turns":2},{"damage":0,"enemies":"Cultist","floor":5,"turns":4},{"damage":38,"enemies":"3 Sentries","floor":6,"turns":12},{"damage":49,"enemies":"Gremlin Nob","floor":8,"turns":6},{"damage":0,"enemies":"Red Slaver","floor":11,"turns":4},{"damage":11,"enemies":"Lots of Slimes","floor":13,"turns":6},{"damage":7,"enemies":"Exordium Wildlife","floor":14,"turns":6},{"damage":88,"enemies":"Hexaghost","floor":16,"turns":14}],"seed_played":"1623680957277877855","potions_obtained":[{"floor":2,"key":"AttackPotion"},{"floor":6,"key":"SpeedPotion"},{"floor":11,"key":"Dexterity Potion"},{"floor":14,"key":"GamblersBrew"}],"is_trial":false,"path_per_floor":["M","M","?","$","M","E","R","E","T","?","M","R","M","M","R","B"],"character_chosen":"DEFECT","items_purchased":["Chemical X"],"campfire_rested":2,"item_purchase_floors":[4],"current_hp_per_floor":[64,64,64,64,64,26,48,1,1,19,21,43,38,46,46,0],"gold":149,"neow_bonus":"ONE_RARE_RELIC","is_prod":false,"is_daily":false,"chose_seed":false,"campfire_upgraded":1,"win_rate":0,"timestamp":1555452212,"path_taken":["M","M","?","?","M","E","R","E","T","?","?","R","M","M","R","BOSS"],"build_version":"2019-01-23","purchased_purges":1,"victory":false,"max_hp_per_floor":[75,75,75,75,75,75,75,75,75,75,75,75,75,75,75,75],"card_choices":[{"not_picked":["Beam Cell","Hologram"],"picked":"Undo","floor":1},{"not_picked":["Gash","Melter"],"picked":"Undo","floor":2},{"not_picked":["Streamline","Steam"],"picked":"Conserve Battery","floor":5},{"not_picked":["Beam Cell","Cold Snap"],"picked":"Melter","floor":6},{"not_picked":["Sweeping Beam","Seek"],"picked":"Heatsinks","floor":7},{"not_picked":["Doom and Gloom","Chill"],"picked":"Sunder","floor":8},{"not_picked":["Rebound","Doom and Gloom"],"picked":"Heatsinks","floor":11},{"not_picked":["Conserve Battery","Steam"],"picked":"Loop","floor":12},{"not_picked":["Beam Cell","Redo"],"picked":"Self Repair","floor":13},{"not_picked":["Redo","Lockon"],"picked":"Capacitor","floor":14}],"player_experience":1725657,"relics_obtained":[{"floor":6,"key":"Dream Catcher"},{"floor":8,"key":"FossilizedHelix"},{"floor":9,"key":"Pantograph"}],"event_choices":[{"damage_healed":0,"gold_gain":175,"player_choice":"AGREE","damage_taken":0,"max_hp_gain":0,"max_hp_loss":0,"event_name":"Liars Game","floor":3,"gold_loss":0,"cards_obtained":["Doubt"]},{"damage_healed":18,"gold_gain":0,"player_choice":"Healed and dodged fight","damage_taken":0,"max_hp_gain":0,"max_hp_loss":0,"event_name":"Mushrooms","floor":10,"gold_loss":0,"cards_obtained":["Parasite"]}],"is_beta":false,"boss_relics":[],"items_purged_floors":[4],"is_endless":false,"potions_floor_spawned":[2,6,11,14],"killed_by":"Hexaghost","ascension_level":12}