{"gold_per_floor":[11,21,21,32,48,48,48,48,93,93,107,118,148,161,161,259,259,271,33,45,63,80,80,80,80,128,128,139,155,155,211,211,313,313,328,428,474,17,36,63,75,0,0,0,28,46,66,84,84,84],"floor_reached":51,"playtime":3168,"items_purged":["Strike_B","Defend_B"],"score":879,"play_id":"4addbecc-360f-4e57-95a4-29a22ed80007","local_time":"20181027233153","is_ascension_mode":true,"campfire_choices":[{"data":"Zap","floor":6,"key":"SMITH"},{"data":"Self Repair","floor":8,"key":"SMITH"},{"data":"Dualcast","floor":10,"key":"SMITH"},{"data":"Rainbow","floor":15,"key":"SMITH"},{"data":"Electrodynamics","floor":23,"key":"SMITH"},{"data":"Chill","floor":25,"key":"SMITH"},{"floor":30,"key":"REST"},{"data":"Turbo","floor":32,"key":"SMITH"},{"data":"Turbo","floor":44,"key":"SMITH"},{"data":"Meteor Strike","floor":49,"key":"SMITH"}],"neow_cost":"NO_GOLD","seed_source_timestamp":265891058326300,"circlet_count":0,"master_deck":["Defend_B","Defend_B","Defend_B","Zap+1","Dualcast+1","Conserve Battery","Turbo+1","Self Repair+1","Conserve Battery","Rainbow+1","Sunder","Electrodynamics+1","Chill+1","Mayhem","Static Discharge+1","Redo+1","Consume+1","Self Repair","Meteor Strike+1","Barrage","Chill+1","Hologram+1","Turbo+1","Self Repair","Lockon+1","Double Energy","Parasite","Melter"],"relics":["Cracked Core","Oddly Smooth Stone","Centennial Puzzle","Inserter","Ice Cream","Happy Flower","Enchiridion","Tiny Chest","Empty Cage","Ginger","Gambling Chip","PreservedInsect","OrangePellets","Ancient Tea Set","Red Mask","Pantograph","Sundial"],"potions_floor_usage":[11,12,20,22,33,35,37,40,50,50,50],"damage_taken":[{"damage":1,"enemies":"Cultist","floor":1,"turns":4},{"damage":0,"enemies":"Small Slimes","floor":2,"turns":3},{"damage":0,"enemies":"2 Louse","floor":4,"turns":2},{"damage":11,"enemies":"Blue Slaver","floor":5,"turns":4},{"damage":5,"enemies":"Exordium Thugs","floor":11,"turns":6},{"damage":4,"enemies":"Gremlin Gang","floor":12,"turns":7},{"damage":16,"enemies":"Lagavulin","floor":13,"turns":10},{"damage":0,"enemies":"3 Louse","floor":14,"turns":3},{"damage":38,"enemies":"The Guardian","floor":16,"turns":12},{"damage":12,"enemies":"Spheric Guardian","floor":18,"turns":5},{"damage":8,"enemies":"2 Thieves","floor":20,"turns":3},{"damage":4,"enemies":"Centurion and Healer","floor":21,"turns":6},{"damage":10,"enemies":"Snecko","floor":22,"turns":5},{"damage":15,"enemies":"Snake Plant","floor":28,"turns":3},{"damage":12,"enemies":"Cultist and Chosen","floor":29,"turns":6},{"damage":26,"enemies":"Book of Stabbing","floor":31,"turns":4},{"damage":27,"enemies":"Collector","floor":33,"turns":7},{"damage":11,"enemies":"Orb Walker","floor":35,"turns":4},{"damage":3,"enemies":"Mind Bloom Boss Battle","floor":36,"turns":6},{"damage":7,"enemies":"2 Orb Walkers","floor":37,"turns":3},{"damage":0,"enemies":"3 Shapes","floor":39,"turns":3},{"damage":17,"enemies":"Giant Head","floor":40,"turns":6},{"damage":15,"enemies":"3 Darklings","floor":41,"turns":4},{"damage":31,"enemies":"Reptomancer","floor":45,"turns":5},{"damage":34,"enemies":"4 Shapes","floor":46,"turns":4},{"damage":0,"enemies":"Jaw Worm Horde","floor":47,"turns":4},{"damage":26,"enemies":"Writhing Mass","floor":48,"turns":4},{"damage":47,"enemies":"Donu and Deca","floor":50,"turns":7}],"seed_played":"9068419699611347741","potions_obtained":[{"floor":2,"key":"EssenceOfSteel"},{"floor":4,"key":"Fire Potion"},{"floor":11,"key":"SpeedPotion"},{"floor":16,"key":"PowerPotion"},{"floor":21,"key":"Swift Potion"},{"floor":28,"key":"Dexterity Potion"},{"floor":29,"key":"FearPotion"},{"floor":31,"key":"Explosive Potion"},{"floor":33,"key":"Swift Potion"},{"floor":35,"key":"Explosive Potion"},{"floor":39,"key":"Ancient Potion"},{"floor":41,"key":"Strength Potion"},{"floor":48,"key":"Block Potion"}],"is_trial":false,"path_per_floor":["M","M","$","M","M","R","?","R","T","R","M","M","E","M","R","B",null,"M","$","M","M","M","R","?","R","T","?","M","M","R","E","R","B",null,"M","?","?","$","M","E","M","?","T","R","E","M","M","M","R","B"],"character_chosen":"DEFECT","items_purchased":["Mayhem","PreservedInsect","OrangePellets"],"campfire_rested":1,"item_purchase_floors":[19,38,38],"current_hp_per_floor":[74,74,74,74,70,70,70,70,70,70,75,75,69,75,75,47,68,66,66,68,74,74,74,74,74,74,58,53,51,73,64,64,54,70,75,75,75,75,75,75,75,75,75,75,68,58,75,73,73,52],"gold":84,"neow_bonus":"REMOVE_TWO","is_prod":false,"is_daily":false,"chose_seed":false,"campfire_upgraded":9,"win_rate":0,"timestamp":1540675913,"path_taken":["M","?","$","M","M","R","?","R","T","R","M","M","E","M","R","BOSS","M","$","M","M","M","R","?","R","T","?","?","M","R","E","R","BOSS","M","?","?","$","M","E","M","?","T","R","E","?","?","M","R","BOSS"],"build_version":"2018-10-25v2","purchased_purges":2,"victory":true,"max_hp_per_floor":[75,75,75,75,75,75,75,75,75,75,75,75,75,75,75,75,75,75,75,75,75,75,75,75,75,75,75,75,75,75,75,75,75,75,75,75,75,75,75,75,75,75,75,75,75,75,75,75,75,75],"card_choices":[{"not_picked":["Leap","Rebound"],"picked":"Conserve Battery","floor":1},{"not_picked":["Cold Snap","Genetic Algorithm"],"picked":"Turbo","floor":2},{"not_picked":["Chaos","Double Energy"],"picked":"Self Repair","floor":4},{"not_picked":["Coolheaded","Streamline","Stack"],"picked":"SKIP","floor":5},{"not_picked":["Gash","BootSequence"],"picked":"Conserve Battery","floor":11},{"not_picked":["Beam Cell","Skim","Barrage"],"picked":"SKIP","floor":12},{"not_picked":["Barrage","Storm"],"picked":"Rainbow","floor":13},{"not_picked":["Genetic Algorithm","Steam"],"picked":"Sunder","floor":14},{"not_picked":["Meteor Strike","All For One"],"picked":"Electrodynamics","floor":16},{"not_picked":["Rebound","Conserve Battery+1"],"picked":"Chill","floor":18},{"not_picked":["Redo","Skim"],"picked":"Static Discharge+1","floor":20},{"not_picked":["Doom and Gloom","Stack"],"picked":"Redo+1","floor":21},{"not_picked":["Blizzard","Force Field+1","Coolheaded"],"picked":"SKIP","floor":22},{"not_picked":["Compile Driver+1","Rebound"],"picked":"Consume+1","floor":28},{"not_picked":["Glacier+1","Static Discharge+1"],"picked":"Self Repair","floor":29},{"not_picked":["Thunder Strike","Auto Shields+1","Steam+1"],"picked":"SKIP","floor":31},{"not_picked":["Buffer","Hyperbeam"],"picked":"Meteor Strike","floor":33},{"not_picked":["Static Discharge+1","Ball Lightning+1"],"picked":"Barrage","floor":35},{"not_picked":["Rebound+1","Steam"],"picked":"Chill+1","floor":36},{"not_picked":["Steam+1","Ball Lightning+1"],"picked":"Hologram+1","floor":37},{"not_picked":["Barrage","Rainbow"],"picked":"Turbo","floor":39},{"not_picked":["Redo","Rebound+1"],"picked":"Self Repair","floor":40},{"not_picked":["Gash+1","Scrape","Rip and Tear"],"picked":"SKIP","floor":41},{"not_picked":["Cold Snap","Beam Cell+1"],"picked":"Lockon+1","floor":45},{"not_picked":["Consume+1","Skim+1"],"picked":"Double Energy","floor":46},{"not_picked":["Go for the Eyes+1","Stack+1","Coolheaded+1"],"picked":"SKIP","floor":47},{"not_picked":["Aggregate+1","Leap"],"picked":"Melter","floor":48}],"player_experience":790298,"relics_obtained":[{"floor":9,"key":"Oddly Smooth Stone"},{"floor":13,"key":"Centennial Puzzle"},{"floor":26,"key":"Happy Flower"},{"floor":27,"key":"Enchiridion"},{"floor":31,"key":"Tiny Chest"},{"floor":36,"key":"Ginger"},{"floor":37,"key":"Gambling Chip"},{"floor":40,"key":"Ancient Tea Set"},{"floor":43,"key":"Pantograph"},{"floor":45,"key":"Sundial"}],"event_choices":[{"damage_healed":0,"gold_gain":0,"player_choice":"Ignored","damage_taken":0,"max_hp_gain":0,"max_hp_loss":0,"event_name":"Liars Game","floor":7,"gold_loss":0},{"damage_healed":0,"gold_gain":0,"player_choice":"Opened","damage_taken":0,"relics_obtained":["Ice Cream"],"max_hp_gain":0,"max_hp_loss":0,"event_name":"The Mausoleum","floor":24,"gold_loss":0,"cards_obtained":["Writhe"]},{"damage_healed":0,"gold_gain":0,"player_choice":"Obtained Book","damage_taken":16,"max_hp_gain":0,"max_hp_loss":0,"event_name":"Cursed Tome","floor":27,"gold_loss":0},{"damage_healed":0,"gold_gain":0,"player_choice":"Fight","damage_taken":0,"max_hp_gain":0,"max_hp_loss":0,"event_name":"MindBloom","floor":36,"gold_loss":0},{"damage_healed":0,"gold_gain":0,"player_choice":"Fight","damage_taken":0,"max_hp_gain":0,"max_hp_loss":0,"event_name":"Mysterious Sphere","floor":37,"gold_loss":0},{"damage_healed":0,"gold_gain":0,"player_choice":"Paid","damage_taken":0,"relics_obtained":["Red Mask"],"max_hp_gain":0,"max_hp_loss":0,"event_name":"Tomb of Lord Red Mask","floor":42,"gold_loss":75}],"is_beta":false,"boss_relics":[{"not_picked":["Astrolabe","Philosopher\u0027s Stone"],"picked":"Inserter"},{"not_picked":["Sozu","Busted Crown"],"picked":"Empty Cage"}],"items_purged_floors":[19,38],"is_endless":false,"potions_floor_spawned":[2,4,11,16,21,28,29,31,33,35,39,41,46,47,48],"ascension_level":5}