{"gold_per_floor":[115,115,115,139,159,192,210,210,234,14,14],"floor_reached":11,"playtime":742,"items_purged":[],"score":128,"play_id":"d610c9ac-c734-4165-949f-579d38f91066","local_time":"20190503081942","is_ascension_mode":true,"campfire_choices":[],"neow_cost":"NONE","seed_source_timestamp":4751502711037,"circlet_count":0,"master_deck":["AscendersBane","Defend_G","Defend_G","Defend_G","Defend_G","Defend_G","Strike_G","Strike_G","Strike_G","Strike_G","Strike_G","Survivor","Neutralize","Bouncing Flask+1","Footwork","Dodge and Roll","Flechettes","Footwork","Shame","Pain","Noxious Fumes"],"relics":["Cursed Key","Golden Idol","Question Card","Meat on the Bone","Juzu Bracelet","Snake Skull"],"potions_floor_usage":[7,7,11],"damage_taken":[{"damage":1,"enemies":"Small Slimes","floor":1,"turns":5},{"damage":0,"enemies":"Jaw Worm","floor":4,"turns":3},{"damage":4,"enemies":"Cultist","floor":5,"turns":4},{"damage":8,"enemies":"Lagavulin","floor":6,"turns":6},{"damage":13,"enemies":"Gremlin Gang","floor":7,"turns":6},{"damage":10,"enemies":"Exordium Wildlife","floor":11,"turns":2}],"seed_played":"-8498009818132409698","potions_obtained":[{"floor":4,"key":"SteroidPotion"},{"floor":5,"key":"GamblersBrew"},{"floor":7,"key":"AttackPotion"}],"is_trial":false,"path_per_floor":["M","?","?","M","M","E","M","T","T","$","M"],"character_chosen":"THE_SILENT","items_purchased":["Snake Skull","Noxious Fumes"],"campfire_rested":0,"item_purchase_floors":[10,10],"current_hp_per_floor":[58,35,35,35,31,23,10,10,10,10,0],"gold":14,"neow_bonus":"BOSS_RELIC","is_prod":false,"is_daily":false,"chose_seed":false,"campfire_upgraded":0,"win_rate":0,"timestamp":1556896782,"path_taken":["M","?","?","?","?","E","M","?","T","$","M"],"build_version":"2019-01-23","purchased_purges":0,"victory":false,"max_hp_per_floor":[66,66,66,66,66,66,66,66,66,66,66],"card_choices":[{"not_picked":["Poisoned Stab","Acrobatics"],"picked":"Bouncing Flask","floor":1},{"not_picked":["Underhanded Strike","Riddle With Holes"],"picked":"Footwork","floor":4},{"not_picked":["Masterful Stab","Accuracy"],"picked":"Dodge and Roll","floor":5},{"not_picked":["Deflect","Dagger Throw"],"picked":"Flechettes","floor":6},{"not_picked":["Dodge and Roll","Prepared","Skewer"],"picked":"Footwork","floor":7}],"player_experience":1574994,"relics_obtained":[{"floor":6,"key":"Question Card"},{"floor":8,"key":"Meat on the Bone"},{"floor":9,"key":"Juzu Bracelet"}],"event_choices":[{"damage_healed":0,"gold_gain":0,"player_choice":"Take Damage","damage_taken":23,"relics_obtained":["Golden Idol"],"max_hp_gain":0,"max_hp_loss":0,"event_name":"Golden Idol","floor":2,"gold_loss":0},{"damage_healed":0,"gold_gain":0,"player_choice":"Upgraded","damage_taken":0,"max_hp_gain":0,"max_hp_loss":0,"event_name":"Upgrade Shrine","floor":3,"gold_loss":0,"cards_upgraded":["Bouncing Flask"]}],"is_beta":false,"boss_relics":[],"items_purged_floors":[],"is_endless":false,"potions_floor_spawned":[4,5,7],"killed_by":"Exordium Wildlife","ascension_level":15}