{"gold_per_floor":[362,322,335,65,120,120,133,51,75,103,119,16,50,64,64,160,160,172,191,191,191],"floor_reached":21,"playtime":1093,"items_purged":["Decay"],"score":284,"play_id":"18f53e16-d223-41fe-bf2e-f56201b60e2b","local_time":"20190310230119","is_ascension_mode":true,"campfire_choices":[{"data":"Bash","floor":6,"key":"SMITH"},{"floor":15,"key":"REST"}],"neow_cost":"CURSE","seed_source_timestamp":99497805251200,"circlet_count":0,"master_deck":["AscendersBane","Strike_R","Strike_R","Strike_R","Defend_R","Defend_R","Defend_R","Defend_R","Bash+1","Searing Blow","Disarm","Demon Form","Bludgeon","Heavy Blade","True Grit","Fiend Fire","Flame Barrier+1","Flex","Fiend Fire"],"relics":["Burning Blood","Strange Spoon","Tiny Chest","Bag of Marbles","Du-Vu Doll","Vajra","Empty Cage"],"potions_floor_usage":[7,10,11,11,11,13,13,19],"damage_taken":[{"damage":7,"enemies":"Jaw Worm","floor":1,"turns":5},{"damage":3,"enemies":"Cultist","floor":3,"turns":3},{"damage":8,"enemies":"2 Louse","floor":7,"turns":2},{"damage":37,"enemies":"3 Sentries","floor":10,"turns":11},{"damage":18,"enemies":"Gremlin Gang","floor":11,"turns":5},{"damage":23,"enemies":"Lagavulin","floor":13,"turns":6},{"damage":0,"enemies":"Large Slime","floor":14,"turns":2},{"damage":37,"enemies":"The Guardian","floor":16,"turns":9},{"damage":37,"enemies":"Shell Parasite","floor":18,"turns":13},{"damage":9,"enemies":"Chosen","floor":19,"turns":4},{"damage":35,"enemies":"Centurion and Healer","floor":21,"turns":3}],"seed_played":"3313627894696359917","potions_obtained":[{"floor":2,"key":"SteroidPotion"},{"floor":2,"key":"AttackPotion"},{"floor":2,"key":"SpeedPotion"},{"floor":7,"key":"FearPotion"},{"floor":10,"key":"LiquidBronze"},{"floor":18,"key":"AttackPotion"}],"is_trial":false,"path_per_floor":["M","?","M","$","T","R","M","$","T","E","M","$","E","M","R","B",null,"M","M","?","M"],"character_chosen":"IRONCLAD","items_purchased":["Strange Spoon","Demon Form","AttackPotion","Block Potion"],"campfire_rested":1,"item_purchase_floors":[4,8,12,12],"current_hp_per_floor":[71,71,74,74,74,74,72,72,72,41,29,29,12,18,42,11,63,32,29,29,0],"gold":191,"neow_bonus":"TWO_FIFTY_GOLD","is_prod":false,"is_daily":false,"chose_seed":false,"campfire_upgraded":1,"win_rate":0,"timestamp":1552255279,"path_taken":["M","?","?","?","?","R","M","$","T","E","M","$","E","M","R","BOSS","M","M","?","M"],"build_version":"2019-01-23","purchased_purges":1,"victory":false,"max_hp_per_floor":[80,80,80,80,80,80,80,80,80,80,80,80,80,80,80,80,80,80,80,80,80],"card_choices":[{"not_picked":["Burning Pact","Havoc"],"picked":"Searing Blow","floor":1},{"not_picked":["Shrug It Off","Havoc"],"picked":"Disarm","floor":3},{"not_picked":["Sever Soul","Havoc","Armaments"],"picked":"SKIP","floor":7},{"not_picked":["Sword Boomerang","Perfected Strike"],"picked":"Bludgeon","floor":10},{"not_picked":["Iron Wave","Clothesline"],"picked":"Heavy Blade","floor":11},{"not_picked":["Warcry","Clothesline"],"picked":"True Grit","floor":13},{"not_picked":["Body Slam","Searing Blow","Havoc"],"picked":"SKIP","floor":14},{"not_picked":["Juggernaut","Berserk"],"picked":"Fiend Fire","floor":16},{"not_picked":["Perfected Strike+1","Fire Breathing"],"picked":"Flame Barrier+1","floor":18},{"not_picked":["Thunderclap","Intimidate+1"],"picked":"Flex","floor":19}],"player_experience":1489447,"relics_obtained":[{"floor":5,"key":"Tiny Chest"},{"floor":9,"key":"Bag of Marbles"},{"floor":10,"key":"Du-Vu Doll"},{"floor":13,"key":"Vajra"}],"event_choices":[{"damage_healed":0,"gold_gain":0,"player_choice":"Bought 3 Potions","damage_taken":0,"max_hp_gain":0,"max_hp_loss":0,"event_name":"The Woman in Blue","floor":2,"gold_loss":0},{"damage_healed":0,"gold_gain":0,"player_choice":"Copied","damage_taken":0,"max_hp_gain":0,"max_hp_loss":0,"event_name":"Duplicator","floor":20,"gold_loss":0,"cards_obtained":["Fiend Fire"]}],"is_beta":false,"boss_relics":[{"not_picked":["Snecko Eye","Runic Cube"],"picked":"Empty Cage"}],"items_purged_floors":[4],"is_endless":false,"potions_floor_spawned":[3,7,10,18],"killed_by":"Centurion and Healer","ascension_level":10}