{"gold_per_floor":[115,115,115,125,144,170,170,196,222,233,260,16,16,33,33,110,110,123,123,133,145,161,187,187,102,184,196,196,212,212,241,241,315,315,325,325,325,342,420,446,458,486,486,120,147,147,180,199,199,199,199,199,199,19,52,52],"floor_reached":57,"playtime":4852,"items_purged":["Strike_B","Strike_B"],"score":3065,"play_id":"90e2746d-3798-4e2f-b73a-17a489b96544","local_time":"20190505021714","is_ascension_mode":true,"campfire_choices":[{"floor":13.0,"key":"REST"},{"data":"Loop","floor":15.0,"key":"SMITH"},{"floor":24.0,"key":"REST"},{"data":"Seek","floor":28.0,"key":"SMITH"},{"data":"Coolheaded","floor":30.0,"key":"SMITH"},{"data":"Biased Cognition","floor":32.0,"key":"SMITH"},{"floor":49.0,"key":"RECALL"},{"data":"Capacitor","floor":53.0,"key":"SMITH"}],"neow_cost":"TEN_PERCENT_HP_LOSS","seed_source_timestamp":674010269801464,"circlet_count":0,"master_deck":["AscendersBane","Defend_B+1","Defend_B","Defend_B","Zap","Dualcast","Sweeping Beam","Electrodynamics","Coolheaded+1","Compile Driver","Core Surge+1","Biased Cognition+1","Loop+1","Ball Lightning","Chill","Biased Cognition","Blizzard+1","White Noise","Seek+1","Cold Snap+1","Conserve Battery+1","Force Field","Machine Learning","Fission","Cold Snap","Apotheosis","Coolheaded","Conserve Battery","Melter","Loop","Tempest","Capacitor+1","Recycle","Coolheaded+1","Loop","Defragment"],"special_seed":0,"relics":["Cracked Core","Omamori","Blood Vial","Pear","Pen Nib","Odd Mushroom","PreservedInsect","Black Star","Incense Burner","Lantern","Bird Faced Urn","Ornamental Fan","Centennial Puzzle","Orichalcum","Velvet Choker","Vajra","Dream Catcher","Ice Cream","Potion Belt","Dodecahedron","Chemical X","Torii","The Courier","Question Card","Ginger","Oddly Smooth Stone","DataDisk"],"potions_floor_usage":[56],"damage_taken":[{"damage":2.0,"enemies":"Jaw Worm","floor":1.0,"turns":3.0},{"damage":3.0,"enemies":"Small Slimes","floor":4.0,"turns":3.0},{"damage":8.0,"enemies":"2 Louse","floor":5.0,"turns":2.0},{"damage":10.0,"enemies":"3 Sentries","floor":6.0,"turns":2.0},{"damage":10.0,"enemies":"Gremlin Nob","floor":8.0,"turns":4.0},{"damage":1.0,"enemies":"2 Fungi Beasts","floor":10.0,"turns":3.0},{"damage":12.0,"enemies":"The Mushroom Lair","floor":11.0,"turns":2.0},{"damage":3.0,"enemies":"Looter","floor":14.0,"turns":3.0},{"damage":0.0,"enemies":"The Guardian","floor":16.0,"turns":10.0},{"damage":10.0,"enemies":"2 Thieves","floor":18.0,"turns":4.0},{"damage":15.0,"enemies":"3 Byrds","floor":20.0,"turns":3.0},{"damage":3.0,"enemies":"Snake Plant","floor":21.0,"turns":3.0},{"damage":10.0,"enemies":"3 Cultists","floor":22.0,"turns":3.0},{"damage":18.0,"enemies":"Book of Stabbing","floor":23.0,"turns":4.0},{"damage":3.0,"enemies":"Centurion and Healer","floor":27.0,"turns":4.0},{"damage":0.0,"enemies":"Snecko","floor":29.0,"turns":6.0},{"damage":11.0,"enemies":"Gremlin Leader","floor":31.0,"turns":5.0},{"damage":20.0,"enemies":"Automaton","floor":33.0,"turns":8.0},{"damage":0.0,"enemies":"3 Shapes","floor":35.0,"turns":3.0},{"damage":0.0,"enemies":"Orb Walker","floor":38.0,"turns":4.0},{"damage":0.0,"enemies":"Reptomancer","floor":40.0,"turns":3.0},{"damage":7.0,"enemies":"Spire Growth","floor":41.0,"turns":6.0},{"damage":0.0,"enemies":"Nemesis","floor":42.0,"turns":7.0},{"damage":0.0,"enemies":"Giant Head","floor":45.0,"turns":5.0},{"damage":1.0,"enemies":"Nemesis","floor":47.0,"turns":7.0},{"damage":0.0,"enemies":"Maw","floor":48.0,"turns":5.0},{"damage":19.0,"enemies":"Time Eater","floor":50.0,"turns":6.0},{"damage":8.0,"enemies":"Donu and Deca","floor":51.0,"turns":6.0},{"damage":39.0,"enemies":"Shield and Spear","floor":55.0,"turns":5.0},{"damage":54,"enemies":"The Heart","floor":56,"turns":10}],"seed_played":"-309994681573046844","potions_obtained":[{"floor":6.0,"key":"Weak Potion"},{"floor":8.0,"key":"Weak Potion"},{"floor":10.0,"key":"LiquidBronze"},{"floor":14.0,"key":"Strength Potion"},{"floor":18.0,"key":"Regen Potion"},{"floor":21.0,"key":"Strength Potion"},{"floor":22.0,"key":"Poison Potion"},{"floor":27.0,"key":"AttackPotion"},{"floor":38.0,"key":"PowerPotion"},{"floor":41.0,"key":"Swift Potion"},{"floor":42.0,"key":"FearPotion"},{"floor":48.0,"key":"Block Potion"},{"floor":55.0,"key":"Strength Potion"}],"is_trial":false,"path_per_floor":["M","?","?","M","M","E","?","E","T","M","?","$","R","M","R","B",null,"M","?","M","M","M","E","R","?","T","M","R","M","R","E","R","B",null,"M","?","?","M","T","E","M","E","T","$","E","?","E","M","R","B","B",null,"R","$","E","B",null],"character_chosen":"DEFECT","items_purchased":["PreservedInsect","Tempest","Chemical X","Loop","SkillPotion","Defragment","SteroidPotion"],"campfire_rested":2,"item_purchase_floors":[12,44,44,54,54,54,54],"current_hp_per_floor":[62,62,51,48,40,30,11,13,13,14,4,4,26,25,25,27,62,54,54,41,40,32,25,47,47,47,56,56,66,66,65,65,58,70,74,64,64,74,74,74,73,74,74,74,74,70,70,70,70,65,70,70,70,70,43,23],"gold":52,"neow_bonus":"REMOVE_TWO","is_prod":false,"is_daily":false,"chose_seed":false,"campfire_upgraded":5,"win_rate":0,"timestamp":1557037034,"path_taken":["M","?","?","M","M","E","?","E","T","M","?","$","R","M","R","BOSS","M","?","M","M","M","E","R","?","T","M","R","M","R","E","R","BOSS","M","?","?","M","?","E","?","E","T","$","E","?","E","M","R","BOSS","BOSS","R","$","E","BOSS"],"build_version":"2019-01-23","purchased_purges":2,"victory":true,"max_hp_per_floor":[64,64,64,64,64,64,64,74,74,74,74,74,74,74,74,74,74,74,74,74,74,74,74,74,74,74,74,74,74,74,74,74,74,74,74,74,74,74,74,74,74,74,74,74,74,70,70,70,70,70,70,70,70,70,70,70],"card_choices":[{"not_picked":["Stack","Undo"],"picked":"Sweeping Beam","floor":1.0},{"not_picked":["Reprogram","Rip and Tear"],"picked":"Coolheaded","floor":4.0},{"not_picked":["Beam Cell","Turbo"],"picked":"Compile Driver","floor":5.0},{"not_picked":["Barrage","Blizzard"],"picked":"Core Surge","floor":6.0},{"not_picked":["Auto Shields","Multi-Cast"],"picked":"Biased Cognition","floor":8.0},{"not_picked":["Self Repair","Steam"],"picked":"Loop","floor":10.0},{"not_picked":["Storm","Heatsinks"],"picked":"Ball Lightning","floor":11.0},{"not_picked":["Compile Driver","Ball Lightning"],"picked":"Chill","floor":14.0},{"not_picked":["Multi-Cast","Fission"],"picked":"Biased Cognition","floor":16.0},{"not_picked":["Streamline","Barrage"],"picked":"Blizzard+1","floor":18.0},{"not_picked":["Steam","Turbo"],"picked":"White Noise","floor":20.0},{"not_picked":["Ball Lightning","Hologram"],"picked":"Seek","floor":21.0},{"not_picked":["Redo","Lockon"],"picked":"Cold Snap+1","floor":22.0},{"not_picked":["Darkness","FTL","Go for the Eyes"],"picked":"SKIP","floor":23.0},{"not_picked":["Gash","Stack"],"picked":"Conserve Battery+1","floor":27.0},{"not_picked":["Double Energy","Rebound"],"picked":"Force Field","floor":29.0},{"not_picked":["Self Repair","Steam"],"picked":"Machine Learning","floor":31.0},{"not_picked":["Thunder Strike","Hyperbeam"],"picked":"Fission","floor":33.0},{"not_picked":["Hello World","Sweeping Beam"],"picked":"Cold Snap","floor":35.0},{"not_picked":["Violence","Madness"],"picked":"Apotheosis","floor":36.0},{"not_picked":["Redo","Barrage"],"picked":"Coolheaded","floor":38.0},{"not_picked":["Lockon","Sweeping Beam"],"picked":"Conserve Battery","floor":40.0},{"not_picked":["Steam+1","Turbo"],"picked":"Melter","floor":41.0},{"not_picked":["Beam Cell","Amplify"],"picked":"Loop","floor":42.0},{"not_picked":["Heatsinks","Self Repair+1"],"picked":"Capacitor","floor":45.0},{"not_picked":["Melter","Scrape"],"picked":"Recycle","floor":47.0},{"not_picked":["Chaos","Auto Shields","Rip and Tear"],"picked":"Coolheaded+1","floor":48.0},{"not_picked":["Redo","Beam Cell","Conserve Battery","Melter+1"],"picked":"SKIP","floor":55.0}],"player_experience":868832,"relics_obtained":[{"floor":6.0,"key":"Blood Vial"},{"floor":8.0,"key":"Pear"},{"floor":9.0,"key":"Pen Nib"},{"floor":11.0,"key":"Odd Mushroom"},{"floor":23.0,"key":"Incense Burner"},{"floor":23.0,"key":"Lantern"},{"floor":26.0,"key":"Ornamental Fan"},{"floor":31.0,"key":"Centennial Puzzle"},{"floor":31.0,"key":"Orichalcum"},{"floor":40.0,"key":"Vajra"},{"floor":40.0,"key":"Dream Catcher"},{"floor":42.0,"key":"Ice Cream"},{"floor":42.0,"key":"Potion Belt"},{"floor":43.0,"key":"Dodecahedron"},{"floor":45.0,"key":"Torii"},{"floor":45.0,"key":"The Courier"},{"floor":47.0,"key":"Question Card"},{"floor":47.0,"key":"Ginger"},{"floor":55.0,"key":"Oddly Smooth Stone"},{"floor":55.0,"key":"DataDisk"}],"event_choices":[{"damage_healed":0.0,"max_hp_gain":0.0,"max_hp_loss":0.0,"gold_gain":0.0,"cards_transformed":["Strike_B"],"event_name":"Living Wall","player_choice":"Change","floor":2.0,"gold_loss":0.0,"damage_taken":0.0,"cards_obtained":["Electrodynamics"]},{"damage_healed":0.0,"max_hp_gain":0.0,"max_hp_loss":0.0,"gold_gain":0.0,"event_name":"Scrap Ooze","player_choice":"Success","floor":3.0,"gold_loss":0.0,"damage_taken":11.0,"relics_obtained":["Omamori"]},{"damage_healed":0.0,"max_hp_gain":0.0,"max_hp_loss":0.0,"gold_gain":0.0,"event_name":"Shining Light","player_choice":"Entered Light","floor":7.0,"gold_loss":0.0,"damage_taken":19.0,"cards_upgraded":["Defend_B","Core Surge"]},{"damage_healed":0.0,"max_hp_gain":0.0,"max_hp_loss":0.0,"gold_gain":0.0,"event_name":"Mushrooms","player_choice":"Fought Mushrooms","floor":11.0,"gold_loss":0.0,"damage_taken":0.0},{"damage_healed":0.0,"max_hp_gain":0.0,"max_hp_loss":0.0,"gold_gain":0.0,"event_name":"Vampires","player_choice":"Ignored","floor":19.0,"gold_loss":0.0,"damage_taken":0.0},{"damage_healed":0.0,"max_hp_gain":0.0,"max_hp_loss":0.0,"gold_gain":0.0,"event_name":"Addict","player_choice":"Obtained Relic","floor":25.0,"gold_loss":85.0,"damage_taken":0.0,"relics_obtained":["Bird Faced Urn"]},{"damage_healed":0.0,"max_hp_gain":0.0,"max_hp_loss":0.0,"gold_gain":0.0,"event_name":"SensoryStone","player_choice":"Memory 3","floor":36.0,"gold_loss":0.0,"damage_taken":10.0},{"damage_healed":0.0,"max_hp_gain":0.0,"max_hp_loss":0.0,"gold_gain":0.0,"event_name":"Tomb of Lord Red Mask","player_choice":"Ignored","floor":37.0,"gold_loss":0.0,"damage_taken":0.0},{"damage_healed":0.0,"max_hp_gain":0.0,"max_hp_loss":4.0,"gold_gain":0.0,"event_name":"Winding Halls","player_choice":"Max HP","floor":46.0,"gold_loss":0.0,"damage_taken":0.0}],"is_beta":false,"boss_relics":[{"not_picked":["Snecko Eye","Runic Pyramid"],"picked":"Black Star"},{"not_picked":["White Beast Statue","Tiny House"],"picked":"Velvet Choker"}],"items_purged_floors":[12,44],"is_endless":false,"potions_floor_spawned":[6,8,10,11,14,18,21,22,27,38,41,42,48,55],"ascension_level":20}