{"gold_per_floor":[112,112,18,32,32,62,75,75,375,375,409,409,426,456,456,527,527,542,592,611,89,89,115,115,115,115,141,141,174,185,203,203,280,280,296,296,296,309,59,92,92,127,152,152,177,187,204,31,31,31,31],"floor_reached":52,"playtime":1855,"items_purged":[],"score":2253,"play_id":"afbf807e-093b-4a90-907e-c71f7a0fa724","local_time":"20190417105024","is_ascension_mode":true,"campfire_choices":[{"data":"Flex","floor":8.0,"key":"SMITH"},{"data":"Rampage","floor":10.0,"key":"SMITH"},{"data":"Havoc","floor":12.0,"key":"SMITH"},{"data":"Sword Boomerang","floor":15.0,"key":"SMITH"},{"floor":24.0,"key":"REST"},{"floor":32.0,"key":"REST"},{"data":"Master of Strategy","floor":41.0,"key":"SMITH"},{"floor":44.0,"key":"REST"},{"data":"Demon Form","floor":49.0,"key":"SMITH"}],"neow_cost":"NONE","seed_source_timestamp":0,"circlet_count":0,"master_deck":["AscendersBane","Bash","Flex+1","Flex+1","Rampage+1","Inflame","Dropkick","Sword Boomerang+1","Havoc+1","Corruption","Impervious","Flex","Immolate+1","Inflame","Demon Form+1","Hemokinesis","Metallicize","Metallicize","Shockwave","Offering","Whirlwind","RitualDagger","Heavy Blade+1","Sentinel","Limit Break","Feel No Pain","Master of Strategy+1","Headbutt+1","Impervious","Bloodletting+1"],"special_seed":0,"relics":["Burning Blood","NeowsBlessing","FossilizedHelix","Orichalcum","Old Coin","Pen Nib","Smiling Mask","Pandora\u0027s Box","Incense Burner","Lantern","Gremlin Horn","Bronze Scales","Pear","Regal Pillow","Thread and Needle","Empty Cage","Letter Opener","Boot","Whetstone","Ornamental Fan","Red Skull"],"potions_floor_usage":[],"damage_taken":[{"damage":0.0,"enemies":"Jaw Worm","floor":1.0,"turns":1.0},{"damage":0.0,"enemies":"Cultist","floor":4.0,"turns":1.0},{"damage":0.0,"enemies":"Lagavulin","floor":6.0,"turns":1.0},{"damage":0.0,"enemies":"Small Slimes","floor":7.0,"turns":2.0},{"damage":0.0,"enemies":"Gremlin Nob","floor":11.0,"turns":2.0},{"damage":9.0,"enemies":"Exordium Wildlife","floor":13.0,"turns":5.0},{"damage":0.0,"enemies":"Lagavulin","floor":14.0,"turns":4.0},{"damage":12.0,"enemies":"Slime Boss","floor":16.0,"turns":7.0},{"damage":0.0,"enemies":"2 Thieves","floor":18.0,"turns":2.0},{"damage":3.0,"enemies":"Spheric Guardian","floor":20.0,"turns":5.0},{"damage":40.0,"enemies":"Book of Stabbing","floor":23.0,"turns":4.0},{"damage":11.0,"enemies":"Gremlin Leader","floor":27.0,"turns":3.0},{"damage":22.0,"enemies":"Slavers","floor":29.0,"turns":2.0},{"damage":3.0,"enemies":"Centurion and Healer","floor":30.0,"turns":3.0},{"damage":14.0,"enemies":"Shelled Parasite and Fungi","floor":31.0,"turns":3.0},{"damage":26.0,"enemies":"Champ","floor":33.0,"turns":7.0},{"damage":1.0,"enemies":"3 Shapes","floor":35.0,"turns":5.0},{"damage":3.0,"enemies":"3 Darklings","floor":38.0,"turns":2.0},{"damage":41.0,"enemies":"Nemesis","floor":40.0,"turns":5.0},{"damage":14.0,"enemies":"Giant Head","floor":42.0,"turns":5.0},{"damage":0.0,"enemies":"Reptomancer","floor":45.0,"turns":2.0},{"damage":0.0,"enemies":"Jaw Worm Horde","floor":46.0,"turns":2.0},{"damage":24.0,"enemies":"Spire Growth","floor":47.0,"turns":3.0},{"damage":40.0,"enemies":"Donu and Deca","floor":50.0,"turns":7.0},{"damage":15,"enemies":"Time Eater","floor":51,"turns":8}],"seed_played":"7374226223603812652","potions_obtained":[{"floor":1.0,"key":"SteroidPotion"},{"floor":11.0,"key":"Strength Potion"},{"floor":13.0,"key":"Dexterity Potion"},{"floor":20.0,"key":"FearPotion"},{"floor":23.0,"key":"PowerPotion"},{"floor":30.0,"key":"Dexterity Potion"},{"floor":40.0,"key":"Poison Potion"},{"floor":46.0,"key":"SpeedPotion"},{"floor":47.0,"key":"Block Potion"}],"is_trial":false,"path_per_floor":["M","?","$","M","?","E","M","R","T","R","E","R","M","E","R","B",null,"M","?","M","$","?","E","R","T","T","E","?","E","M","M","R","B",null,"M","?","?","M","$","E","R","E","T","R","E","M","M","$","R","B","B",null],"character_chosen":"IRONCLAD","items_purchased":["Flex","Rampage","Incense Burner","Offering","Whirlwind","Feel No Pain","Master of Strategy","Red Skull"],"campfire_rested":3,"item_purchase_floors":[3,3,21,21,21,39,39,48],"current_hp_per_floor":[74,74,74,75,57,63,69,69,69,69,75,75,72,75,75,69,74,75,68,71,71,65,31,53,53,53,58,58,42,45,37,77,57,78,83,83,83,85,85,50,50,42,42,82,85,85,67,67,67,33,24],"gold":31,"neow_bonus":"THREE_ENEMY_KILL","is_prod":false,"is_daily":false,"chose_seed":false,"campfire_upgraded":6,"win_rate":0,"timestamp":1555512624,"path_taken":["M","?","$","M","?","E","M","R","T","R","E","R","?","E","R","BOSS","M","?","?","$","?","E","R","?","T","E","?","E","M","?","R","BOSS","M","?","?","M","$","E","R","E","T","R","E","M","M","$","R","BOSS","BOSS"],"build_version":"2019-01-23","purchased_purges":0,"victory":true,"max_hp_per_floor":[75,75,75,75,75,75,75,75,75,75,75,75,75,75,75,75,75,75,75,75,75,75,75,75,75,75,85,85,85,85,85,85,85,85,85,85,85,85,85,85,85,85,85,85,85,85,85,85,85,85,85],"card_choices":[{"not_picked":["Combust","True Grit"],"picked":"Flex","floor":1.0},{"not_picked":["Sever Soul","Hemokinesis"],"picked":"Inflame","floor":4.0},{"not_picked":["Rampage","Warcry"],"picked":"Dropkick","floor":6.0},{"not_picked":["Warcry","Ghostly Armor"],"picked":"Sword Boomerang","floor":7.0},{"not_picked":["Armaments","Perfected Strike"],"picked":"Havoc","floor":11.0},{"not_picked":["Entrench","Ghostly Armor","Bludgeon"],"picked":"SKIP","floor":13.0},{"not_picked":["Clothesline","Bloodletting"],"picked":"Corruption","floor":14.0},{"not_picked":["Double Tap","Immolate"],"picked":"Impervious","floor":16.0},{"not_picked":["True Grit","Metallicize","Warcry"],"picked":"SKIP","floor":18.0},{"not_picked":["Rage","Evolve","Iron Wave"],"picked":"SKIP","floor":20.0},{"not_picked":["Warcry","Metallicize"],"picked":"Heavy Blade+1","floor":23.0},{"not_picked":["Pommel Strike","Shockwave"],"picked":"Sentinel","floor":27.0},{"not_picked":["Immolate","Perfected Strike+1","Body Slam"],"picked":"SKIP","floor":29.0},{"not_picked":["Ghostly Armor","Combust","Metallicize"],"picked":"SKIP","floor":30.0},{"not_picked":["Shrug It Off","Hemokinesis","Warcry"],"picked":"SKIP","floor":31.0},{"not_picked":["Impervious","Brutality"],"picked":"Limit Break","floor":33.0},{"not_picked":["Flex","Armaments","Perfected Strike+1"],"picked":"SKIP","floor":35.0},{"not_picked":["Flex","Headbutt","Heavy Blade"],"picked":"SKIP","floor":38.0},{"not_picked":["Havoc","Rage"],"picked":"Headbutt","floor":40.0},{"not_picked":["Warcry","Inflame"],"picked":"Impervious","floor":42.0},{"not_picked":["Blood for Blood+1","Uppercut","Anger+1"],"picked":"SKIP","floor":45.0},{"not_picked":["Headbutt","Inflame","Entrench"],"picked":"SKIP","floor":46.0},{"not_picked":["Perfected Strike","Wild Strike"],"picked":"Bloodletting+1","floor":47.0}],"player_experience":905356,"relics_obtained":[{"floor":6.0,"key":"Orichalcum"},{"floor":9.0,"key":"Old Coin"},{"floor":11.0,"key":"Pen Nib"},{"floor":14.0,"key":"Smiling Mask"},{"floor":23.0,"key":"Lantern"},{"floor":25.0,"key":"Gremlin Horn"},{"floor":26.0,"key":"Bronze Scales"},{"floor":27.0,"key":"Pear"},{"floor":29.0,"key":"Thread and Needle"},{"floor":40.0,"key":"Letter Opener"},{"floor":42.0,"key":"Boot"},{"floor":43.0,"key":"Whetstone"},{"floor":45.0,"key":"Ornamental Fan"}],"event_choices":[{"damage_healed":0.0,"max_hp_gain":0.0,"max_hp_loss":0.0,"gold_gain":0.0,"event_name":"Living Wall","player_choice":"Grow","floor":2.0,"gold_loss":0.0,"damage_taken":0.0,"cards_upgraded":["Flex"]},{"damage_healed":0.0,"max_hp_gain":0.0,"max_hp_loss":0.0,"gold_gain":0.0,"event_name":"Scrap Ooze","player_choice":"Success","floor":5.0,"gold_loss":0.0,"damage_taken":18.0,"relics_obtained":["FossilizedHelix"]},{"damage_healed":0.0,"max_hp_gain":0.0,"max_hp_loss":0.0,"gold_gain":50.0,"event_name":"FaceTrader","player_choice":"Touch","floor":19.0,"gold_loss":0.0,"damage_taken":7.0},{"damage_healed":0.0,"max_hp_gain":0.0,"max_hp_loss":0.0,"gold_gain":0.0,"event_name":"Nest","player_choice":"Joined the Cult","floor":22.0,"gold_loss":0.0,"damage_taken":6.0,"cards_obtained":["RitualDagger"]},{"damage_healed":0.0,"max_hp_gain":0.0,"max_hp_loss":0.0,"gold_gain":0.0,"event_name":"The Mausoleum","player_choice":"Opened","floor":28.0,"gold_loss":0.0,"damage_taken":0.0,"relics_obtained":["Regal Pillow"],"cards_obtained":["Writhe"]},{"damage_healed":0.0,"max_hp_gain":0.0,"max_hp_loss":0.0,"gold_gain":0.0,"event_name":"SensoryStone","player_choice":"Memory 1","floor":36.0,"gold_loss":0.0,"damage_taken":0.0},{"damage_healed":0.0,"max_hp_gain":0.0,"max_hp_loss":0.0,"gold_gain":0.0,"event_name":"Tomb of Lord Red Mask","player_choice":"Ignored","floor":37.0,"gold_loss":0.0,"damage_taken":0.0}],"is_beta":false,"boss_relics":[{"not_picked":["Runic Cube","Cursed Key"],"picked":"Pandora\u0027s Box"},{"not_picked":["Philosopher\u0027s Stone","Busted Crown"],"picked":"Empty Cage"}],"items_purged_floors":[],"is_endless":false,"potions_floor_spawned":[1,11,13,20,23,30,40,46,47],"ascension_level":20}