{"gold_per_floor":[119,119,139,64,80,80,92,116,116,116,116,16,30,15,15,15],"floor_reached":16,"playtime":288,"items_purged":["Defend_R","Defend_R"],"score":92,"play_id":"546dbb9f-cf27-4df9-a449-528cca2836da","local_time":"20180731144347","is_ascension_mode":false,"campfire_choices":[{"data":"Bash","floor":6,"key":"SMITH"},{"data":"Defend_R","floor":15,"key":"SMITH"}],"neow_cost":"NONE","seed_source_timestamp":70332382342564,"circlet_count":0,"master_deck":["Strike_R","Strike_R","Strike_R","Strike_R","Defend_R+1","Defend_R","Bash+1","True Grit+1","Dropkick","Second Wind"],"relics":["Snecko Eye","Odd Mushroom","FaceOfCleric"],"potions_floor_usage":[7,14],"damage_taken":[{"damage":0,"enemies":"Cultist","floor":1,"turns":2},{"damage":11,"enemies":"Jaw Worm","floor":3,"turns":3},{"damage":8,"enemies":"Small Slimes","floor":5,"turns":3},{"damage":8,"enemies":"3 Louse","floor":7,"turns":2},{"damage":0,"floor":8,"turns":3},{"damage":0,"enemies":"Looter","floor":13,"turns":2},{"damage":4,"enemies":"Exordium Thugs","floor":14,"turns":2},{"damage":0,"enemies":"The Guardian","floor":16,"turns":1}],"seed_played":"-6440035026671414812","potions_obtained":[{"floor":5,"key":"Explosive Potion"},{"floor":7,"key":"LiquidBronze"},{"floor":8,"key":"SmokeBomb"}],"is_trial":false,"path_per_floor":["M","?","M","$","M","R","M","?","T","?","?","$","M","M","R"],"character_chosen":"IRONCLAD","items_purchased":[],"campfire_rested":0,"item_purchase_floors":[],"current_hp_per_floor":[80,80,69,69,61,61,53,53,53,53,53,53,54,51,51,51],"gold":15,"neow_bonus":"BOSS_RELIC","is_prod":false,"is_daily":false,"chose_seed":false,"campfire_upgraded":2,"win_rate":0,"timestamp":1533019427,"path_taken":["M","?","M","$","M","R","M","?","T","?","?","$","?","M","R","BOSS"],"build_version":"2018-07-26","purchased_purges":2,"victory":false,"max_hp_per_floor":[80,80,80,80,80,80,80,80,80,80,80,80,81,82,82,82],"card_choices":[{"not_picked":["Whirlwind","Heavy Blade"],"picked":"True Grit","floor":1},{"not_picked":["Iron Wave","Wild Strike","Body Slam"],"picked":"SKIP","floor":3},{"not_picked":["Iron Wave","Warcry","Inflame"],"picked":"SKIP","floor":5},{"not_picked":["Wild Strike","Clash"],"picked":"Dropkick","floor":7},{"not_picked":["Shrug It Off","Fiend Fire","True Grit"],"picked":"SKIP","floor":13}],"player_experience":327380,"relics_obtained":[{"floor":8,"key":"Odd Mushroom"}],"event_choices":[{"event_name":"Accursed Blacksmith","player_choice":"Forge","floor":2,"damage_taken":0},{"event_name":"Mushrooms","player_choice":"Fought Mushrooms","floor":8,"damage_taken":0},{"event_name":"Transmorgrifier","player_choice":"Transform","floor":10,"damage_taken":0},{"event_name":"FaceTrader","player_choice":"Trade","floor":11,"damage_taken":0}],"is_beta":false,"boss_relics":[],"items_purged_floors":[4,12],"is_endless":false,"potions_floor_spawned":[5,7,8],"killed_by":"The Guardian","ascension_level":0}