{"gold_per_floor":[112,36,111,76,19,51,51,82,82,82,99,99,131,406,406,406],"floor_reached":16,"playtime":493,"items_purged":[],"score":228,"play_id":"5f8b2ccb-e375-4f3c-a3bf-52a6e209c1fc","local_time":"20181127112642","is_ascension_mode":true,"campfire_choices":[{"floor":7,"key":"REST"},{"floor":10,"key":"REST"},{"floor":15,"key":"REST"}],"neow_cost":"TEN_PERCENT_HP_LOSS","seed_source_timestamp":942459027635823,"circlet_count":0,"master_deck":["AscendersBane","Strike_B","Strike_B","Strike_B","Strike_B","Defend_B","Defend_B","Defend_B","Defend_B","Zap","Dualcast","Ball Lightning","Loop","Steam","Chill","Hologram","Compile Driver","Capacitor","Regret"],"relics":["Cracked Core","Emotion Chip","Blood Vial","Strawberry","Bag of Marbles","Question Card"],"potions_floor_usage":[],"damage_taken":[{"damage":7,"enemies":"Small Slimes","floor":1,"turns":3},{"damage":59,"enemies":"3 Sentries","floor":6,"turns":10},{"damage":18,"enemies":"Lagavulin","floor":8,"turns":6},{"damage":9,"enemies":"2 Louse","floor":11,"turns":4},{"damage":11,"enemies":"3 Sentries","floor":13,"turns":9},{"damage":41,"enemies":"Hexaghost","floor":16,"turns":9}],"seed_played":"-5432660481207455240","potions_obtained":[{"floor":6,"key":"Energy Potion"},{"floor":13,"key":"Strength Potion"}],"is_trial":false,"path_per_floor":["M","$","?","?","$","E","R","E","T","R","M","$","E","?","R","B"],"character_chosen":"DEFECT","items_purchased":["Loop","Steam"],"campfire_rested":3,"item_purchase_floors":[2,5],"current_hp_per_floor":[57,57,46,62,62,3,22,13,13,34,27,27,18,18,39,0],"gold":406,"neow_bonus":"ONE_RARE_RELIC","is_prod":false,"is_daily":false,"chose_seed":false,"campfire_upgraded":0,"win_rate":0,"timestamp":1543336002,"path_taken":["M","$","?","?","?","E","R","E","T","R","M","$","E","?","R","BOSS"],"build_version":"2018-11-15","purchased_purges":0,"victory":false,"max_hp_per_floor":[64,64,64,64,64,64,64,71,71,71,71,71,71,71,71,71],"card_choices":[{"not_picked":["Cold Snap","Reinforced Body"],"picked":"Ball Lightning","floor":1},{"not_picked":["Reinforced Body","Coolheaded"],"picked":"Chill","floor":6},{"not_picked":["Streamline","Sweeping Beam"],"picked":"Hologram","floor":8},{"not_picked":["Auto Shields","Fusion"],"picked":"Compile Driver","floor":11},{"not_picked":["Sunder","Beam Cell"],"picked":"Capacitor","floor":13}],"player_experience":775903,"relics_obtained":[{"floor":6,"key":"Blood Vial"},{"floor":8,"key":"Strawberry"},{"floor":9,"key":"Bag of Marbles"},{"floor":13,"key":"Question Card"}],"event_choices":[{"damage_healed":0,"gold_gain":75,"player_choice":"Gather Gold","damage_taken":11,"max_hp_gain":0,"max_hp_loss":0,"event_name":"World of Goop","floor":3,"gold_loss":0},{"damage_healed":16,"gold_gain":0,"player_choice":"Healed","damage_taken":0,"max_hp_gain":0,"max_hp_loss":0,"event_name":"The Cleric","floor":4,"gold_loss":35},{"damage_healed":0,"gold_gain":275,"player_choice":"Desecrate","damage_taken":0,"max_hp_gain":0,"max_hp_loss":0,"event_name":"Golden Shrine","floor":14,"gold_loss":0,"cards_obtained":["Regret"]}],"is_beta":false,"boss_relics":[],"items_purged_floors":[],"is_endless":false,"potions_floor_spawned":[6,13],"killed_by":"Hexaghost","ascension_level":20}