{"gold_per_floor":[111,7,21,21,34,62,62,73,124,158,433,468,33,53,53,151,151,168,182,107,206,1,1,15,44,44,60,85,85,118,137,137,239,239,252,252,252,252,102,136,136,156,232,248,248],"floor_reached":45,"playtime":2834,"items_purged":["Regret","Shame"],"score":673,"play_id":"10ef18a8-6602-456a-8f7d-abcd28f511b4","local_time":"20190323210831","is_ascension_mode":true,"campfire_choices":[{"floor":7,"key":"REST"},{"floor":15,"key":"REST"},{"data":"Static Discharge","floor":23,"key":"SMITH"},{"floor":29,"key":"REST"},{"floor":32,"key":"REST"},{"data":"Storm","floor":41,"key":"SMITH"}],"neow_cost":"NONE","seed_source_timestamp":0,"circlet_count":0,"master_deck":["Strike_B","Strike_B","Strike_B+1","Defend_B","Defend_B","Defend_B","Zap","Dualcast","Ball Lightning","Static Discharge+1","Steam","Sunder+1","Turbo","Go for the Eyes","Tempest","Leap","Redo","Multi-Cast","Darkness","Amplify","Self Repair","Stack","Reinforced Body","Electrodynamics","Reinforced Body","Loop+1","Coolheaded+1","Genetic Algorithm","Creative AI","Injury","Injury","Gash","Madness","Madness","Panache","Madness","Discovery","Storm+1","Stack+1","Chill+1"],"special_seed":0,"relics":["Cracked Core","NeowsBlessing","Darkstone Periapt","Whetstone","Incense Burner","Chemical X","Inserter","ClockworkSouvenir","Du-Vu Doll","Question Card","Lantern","Peace Pipe","Calling Bell","Ancient Tea Set","Pear","Turnip","Bag of Marbles","Shuriken"],"potions_floor_usage":[16,18,19,27,27,30,40,45,45,45],"damage_taken":[{"damage":0.0,"enemies":"Cultist","floor":1.0,"turns":1.0},{"damage":0,"enemies":"Small Slimes","floor":3,"turns":1},{"damage":0,"enemies":"2 Louse","floor":5,"turns":1},{"damage":48,"enemies":"3 Sentries","floor":6,"turns":7},{"damage":2,"enemies":"2 Fungi Beasts","floor":8,"turns":3},{"damage":15,"enemies":"Lagavulin","floor":10,"turns":5},{"damage":23,"enemies":"3 Sentries","floor":12,"turns":6},{"damage":0,"enemies":"Blue Slaver","floor":14,"turns":1},{"damage":23,"enemies":"The Guardian","floor":16,"turns":7},{"damage":12,"enemies":"Chosen","floor":18,"turns":4},{"damage":22,"enemies":"2 Thieves","floor":19,"turns":2},{"damage":12,"enemies":"Shelled Parasite and Fungi","floor":24,"turns":5},{"damage":45,"enemies":"Slavers","floor":25,"turns":6},{"damage":6,"enemies":"Snake Plant","floor":27,"turns":4},{"damage":3,"enemies":"Gremlin Leader","floor":28,"turns":6},{"damage":29,"enemies":"Book of Stabbing","floor":30,"turns":5},{"damage":0,"enemies":"Centurion and Healer","floor":31,"turns":3},{"damage":46,"enemies":"Champ","floor":33,"turns":15},{"damage":11,"enemies":"3 Shapes","floor":35,"turns":5},{"damage":30,"enemies":"Reptomancer","floor":40,"turns":7},{"damage":14,"enemies":"3 Darklings","floor":42,"turns":3},{"damage":25,"enemies":"Sphere and 2 Shapes","floor":44,"turns":6},{"damage":35,"enemies":"Nemesis","floor":45,"turns":2}],"seed_played":"623529116096626142","potions_obtained":[{"floor":6,"key":"FearPotion"},{"floor":10,"key":"Energy Potion"},{"floor":12,"key":"SpeedPotion"},{"floor":16,"key":"Fruit Juice"},{"floor":19,"key":"Weak Potion"},{"floor":25,"key":"Block Potion"},{"floor":31,"key":"Energy Potion"},{"floor":40,"key":"Block Potion"},{"floor":44,"key":"Ancient Potion"}],"is_trial":false,"path_per_floor":["M","$","M","$","M","E","R","M","T","E","?","E","$","M","R","B",null,"M","M","?","?","$","R","M","E","T","M","E","R","E","M","R","B",null,"M","?","?","?","$","E","R","M","T","M","E"],"character_chosen":"DEFECT","items_purchased":["Static Discharge","Steam","Chemical X","Multi-Cast","ClockworkSouvenir","SpeedPotion"],"campfire_rested":4,"item_purchase_floors":[2,2,13,13,22,39],"current_hp_per_floor":[75,75,75,75,75,27,49,47,47,32,38,15,15,15,39,16,81,74,52,52,52,52,52,47,9,9,17,21,46,24,24,49,10,114,110,110,96,86,86,63,63,49,49,24,0],"gold":248,"neow_bonus":"THREE_ENEMY_KILL","is_prod":false,"is_daily":false,"chose_seed":false,"campfire_upgraded":2,"win_rate":0,"timestamp":1553400511,"path_taken":["M","$","M","$","?","E","R","M","T","E","?","E","$","M","R","BOSS","M","?","?","?","$","R","M","E","T","M","E","R","E","M","R","BOSS","M","?","?","?","?","E","R","?","T","M","E"],"build_version":"2019-01-23","purchased_purges":2,"victory":false,"max_hp_per_floor":[75,75,75,75,75,75,75,75,75,75,81,81,81,81,81,81,81,86,86,86,86,86,86,86,86,86,86,86,86,86,86,86,86,114,114,114,114,114,114,114,114,114,114,114,114],"card_choices":[{"not_picked":["Go for the Eyes","Consume"],"picked":"Ball Lightning","floor":1.0},{"not_picked":["Doom and Gloom","Defragment"],"picked":"Sunder","floor":3},{"not_picked":["Cold Snap","Blizzard"],"picked":"Turbo","floor":5},{"not_picked":["Reprogram","Compile Driver"],"picked":"Go for the Eyes","floor":6},{"not_picked":["Glacier","Stack"],"picked":"Tempest","floor":8},{"not_picked":["Reprogram","Hologram"],"picked":"Leap","floor":10},{"not_picked":["Coolheaded","Cold Snap"],"picked":"Redo","floor":12},{"not_picked":["Go for the Eyes","Seek"],"picked":"Darkness","floor":14},{"not_picked":["Reboot","Buffer"],"picked":"Amplify","floor":16},{"not_picked":["Double Energy","Coolheaded"],"picked":"Self Repair","floor":18},{"not_picked":["Steam","Chill"],"picked":"Stack","floor":19},{"not_picked":["Double Energy","Stack"],"picked":"Reinforced Body","floor":24},{"not_picked":["Rebound+1","Streamline+1"],"picked":"Electrodynamics","floor":25},{"not_picked":["Ball Lightning","Steam","Hello World"],"picked":"Reinforced Body","floor":27},{"not_picked":["Heatsinks","Auto Shields+1","Undo"],"picked":"Loop+1","floor":28},{"not_picked":["Storm","Stack+1","Gash"],"picked":"Coolheaded+1","floor":30},{"not_picked":["Compile Driver","Streamline+1","Conserve Battery"],"picked":"Genetic Algorithm","floor":31},{"not_picked":["Amplify","Core Surge","Meteor Strike"],"picked":"Creative AI","floor":33},{"not_picked":["Steam","Blizzard+1","Glacier"],"picked":"Gash","floor":35},{"not_picked":["Jack Of All Trades","Good Instincts","Trip"],"picked":"Panache","floor":38},{"not_picked":["Dark Shackles","Blind","Trip"],"picked":"Madness","floor":38},{"not_picked":["Swift Strike","Jack Of All Trades","PanicButton"],"picked":"Discovery","floor":38},{"not_picked":["FTL","Steam+1","Leap+1"],"picked":"Storm","floor":40},{"not_picked":["Sweeping Beam+1","Melter","Coolheaded"],"picked":"Stack+1","floor":42},{"not_picked":["Chaos","Capacitor+1","Conserve Battery"],"picked":"Chill+1","floor":44}],"player_experience":398089,"relics_obtained":[{"floor":6,"key":"Darkstone Periapt"},{"floor":10,"key":"Whetstone"},{"floor":12,"key":"Incense Burner"},{"floor":25,"key":"Du-Vu Doll"},{"floor":26,"key":"Question Card"},{"floor":28,"key":"Lantern"},{"floor":30,"key":"Peace Pipe"},{"floor":34,"key":"Ancient Tea Set"},{"floor":34,"key":"Pear"},{"floor":34,"key":"Turnip"},{"floor":40,"key":"Bag of Marbles"},{"floor":43,"key":"Shuriken"}],"event_choices":[{"damage_healed":0,"gold_gain":275,"player_choice":"Desecrate","damage_taken":0,"max_hp_gain":0,"max_hp_loss":0,"event_name":"Golden Shrine","floor":11,"gold_loss":0,"cards_obtained":["Regret"]},{"cards_removed":["Strike_B"],"damage_healed":0,"gold_gain":0,"player_choice":"Gave Gold","damage_taken":0,"max_hp_gain":0,"max_hp_loss":0,"event_name":"Beggar","floor":20,"gold_loss":75},{"damage_healed":0,"gold_gain":99,"player_choice":"Stole From Cult","damage_taken":0,"max_hp_gain":0,"max_hp_loss":0,"event_name":"Nest","floor":21,"gold_loss":0},{"cards_removed":["Defend_B"],"damage_healed":0,"gold_gain":0,"player_choice":"Removed Skill","damage_taken":0,"max_hp_gain":0,"max_hp_loss":0,"event_name":"Falling","floor":36,"gold_loss":0},{"damage_healed":0,"gold_gain":0,"player_choice":"Embrace Madness","damage_taken":14,"max_hp_gain":0,"max_hp_loss":0,"event_name":"Winding Halls","floor":37,"gold_loss":0,"cards_obtained":["Madness","Madness"]},{"damage_healed":0,"gold_gain":0,"player_choice":"Memory 3","damage_taken":10,"max_hp_gain":0,"max_hp_loss":0,"event_name":"SensoryStone","floor":38,"gold_loss":0}],"is_beta":false,"boss_relics":[{"not_picked":["Runic Dome","Velvet Choker"],"picked":"Inserter"},{"not_picked":["Lizard Tail","Busted Crown"],"picked":"Calling Bell"}],"items_purged_floors":[13,39],"is_endless":false,"potions_floor_spawned":[6,10,12,16,19,25,31,40,44],"killed_by":"Nemesis","ascension_level":2}