{"gold_per_floor":[109,109,121,46,57,57,67,67,91,107,382,100,100,126,126,198,198,210,210,224,224,55,55],"floor_reached":23,"playtime":737,"items_purged":["Regret","Strike_G"],"score":331,"play_id":"8771d6f2-4971-4e7a-a0a8-01d535692b7b","local_time":"20190303171646","is_ascension_mode":true,"campfire_choices":[{"floor":6,"key":"REST"},{"data":"Neutralize","floor":13,"key":"SMITH"},{"data":"Acrobatics","floor":15,"key":"SMITH"}],"neow_cost":"CURSE","seed_source_timestamp":80596520798730,"circlet_count":0,"master_deck":["AscendersBane","Defend_G","Defend_G","Defend_G","Defend_G","Defend_G","Strike_G","Strike_G","Strike_G","Strike_G","Survivor","Neutralize+1","Grand Finale","Acrobatics+1","Backflip","Corpse Explosion","Dash","PiercingWail","Adrenaline","Escape Plan","Expertise"],"relics":["Ring of the Snake","Frozen Egg 2","Orichalcum","Lee\u0027s Waffle","Happy Flower","Coffee Dripper"],"potions_floor_usage":[16,18],"damage_taken":[{"damage":10,"enemies":"Small Slimes","floor":1,"turns":4},{"damage":15,"enemies":"Jaw Worm","floor":3,"turns":7},{"damage":2,"enemies":"2 Louse","floor":5,"turns":5},{"damage":15,"enemies":"Exordium Thugs","floor":7,"turns":7},{"damage":9,"enemies":"Looter","floor":10,"turns":4},{"damage":51,"enemies":"Gremlin Nob","floor":14,"turns":6},{"damage":8,"enemies":"The Guardian","floor":16,"turns":15},{"damage":19,"enemies":"3 Byrds","floor":18,"turns":7},{"damage":3,"enemies":"Spheric Guardian","floor":20,"turns":5},{"damage":37,"enemies":"Book of Stabbing","floor":23,"turns":7}],"seed_played":"7709944486381130924","potions_obtained":[{"floor":1,"key":"Strength Potion"},{"floor":5,"key":"SteroidPotion"},{"floor":7,"key":"GhostInAJar"},{"floor":14,"key":"SkillPotion"},{"floor":20,"key":"Strength Potion"}],"is_trial":false,"path_per_floor":["M","?","M","?","M","R","M","T","T","M","?","$","R","E","R","B",null,"M","?","M","?","$","E"],"character_chosen":"THE_SILENT","items_purchased":["Lee\u0027s Waffle","Expertise"],"campfire_rested":1,"item_purchase_floors":[12,22],"current_hp_per_floor":[49,23,8,8,6,25,10,10,10,1,1,73,73,22,22,14,58,39,39,36,36,36,0],"gold":55,"neow_bonus":"THREE_RARE_CARDS","is_prod":false,"is_daily":false,"chose_seed":false,"campfire_upgraded":2,"win_rate":0,"timestamp":1551604606,"path_taken":["M","?","M","?","M","R","?","?","T","M","?","$","R","E","R","BOSS","M","?","M","?","$","E"],"build_version":"2019-01-23","purchased_purges":2,"victory":false,"max_hp_per_floor":[66,66,66,66,66,66,66,66,66,66,66,73,73,73,73,73,73,73,73,73,73,73,73],"card_choices":[{"not_picked":["Die Die Die","Bullet Time"],"picked":"Grand Finale","floor":0},{"not_picked":["Leg Sweep","Prepared"],"picked":"Acrobatics","floor":1},{"not_picked":["Underhanded Strike","Flying Knee"],"picked":"Backflip","floor":3},{"not_picked":["Blade Dance","Catalyst"],"picked":"Corpse Explosion","floor":5},{"not_picked":["Blade Dance","Accuracy+1"],"picked":"Dash","floor":7},{"not_picked":["Deflect","Quick Slash"],"picked":"PiercingWail","floor":10},{"not_picked":["Infinite Blades+1","Quick Slash","Setup"],"picked":"SKIP","floor":14},{"not_picked":["Bullet Time","Storm of Steel"],"picked":"Adrenaline","floor":16},{"not_picked":["Slice","Accuracy+1","Blur"],"picked":"SKIP","floor":18},{"not_picked":["Slice","Riddle With Holes"],"picked":"Escape Plan","floor":20}],"player_experience":1082853,"relics_obtained":[{"floor":9,"key":"Orichalcum"},{"floor":14,"key":"Happy Flower"}],"event_choices":[{"damage_healed":0,"gold_gain":0,"player_choice":"Success","damage_taken":26,"relics_obtained":["Frozen Egg 2"],"max_hp_gain":0,"max_hp_loss":0,"event_name":"Scrap Ooze","floor":2,"gold_loss":0},{"cards_removed":["Normality"],"damage_healed":0,"gold_gain":0,"player_choice":"Card Removal","damage_taken":0,"max_hp_gain":0,"max_hp_loss":0,"event_name":"The Cleric","floor":4,"gold_loss":75},{"damage_healed":0,"gold_gain":275,"player_choice":"Desecrate","damage_taken":0,"max_hp_gain":0,"max_hp_loss":0,"event_name":"Golden Shrine","floor":11,"gold_loss":0,"cards_obtained":["Regret"]},{"damage_healed":0,"gold_gain":0,"player_choice":"Ignored","damage_taken":0,"max_hp_gain":0,"max_hp_loss":0,"event_name":"Ghosts","floor":19,"gold_loss":0},{"damage_healed":0,"gold_gain":0,"player_choice":"Ignored","damage_taken":0,"max_hp_gain":0,"max_hp_loss":0,"event_name":"The Mausoleum","floor":21,"gold_loss":0}],"is_beta":false,"boss_relics":[{"not_picked":["Ring of the Serpent","Tiny House"],"picked":"Coffee Dripper"}],"items_purged_floors":[12,22],"is_endless":false,"potions_floor_spawned":[1,5,7,14,20],"killed_by":"Book of Stabbing","ascension_level":15}