{"gold_per_floor":[117,64,74,74,349,378,390,406,406,5,17,27,39,49,49,122,122,139,151,7,7,7,7,7,36,36,60,60],"floor_reached":28,"playtime":858,"items_purged":["Regret","Sucker Punch"],"score":534,"play_id":"612386d6-92c4-43a4-a935-179c7d3e6101","local_time":"20190222152051","is_ascension_mode":true,"campfire_choices":[{"floor":15.0,"key":"REST"},{"data":"Footwork","floor":23.0,"key":"SMITH"}],"neow_cost":"NONE","seed_source_timestamp":0,"circlet_count":0,"master_deck":["AscendersBane","Defend_G","Defend_G","Defend_G","Defend_G","Defend_G","Strike_G","Strike_G","Strike_G","Strike_G","Strike_G","Survivor","Neutralize","Blade Dance","Blade Dance","Finisher","Choke","Finisher+1","Slice+1","Dagger Spray+1","Glass Knife+1","A Thousand Cuts","Cloak And Dagger","Accuracy","Footwork+1"],"special_seed":0,"relics":["Ring of the Snake","NeowsBlessing","Potion Belt","Bag of Marbles","Molten Egg 2","WristBlade","Frozen Egg 2","Orichalcum","Vajra"],"potions_floor_usage":[24],"damage_taken":[{"damage":0.0,"enemies":"Small Slimes","floor":1.0,"turns":2.0},{"damage":0.0,"enemies":"2 Louse","floor":3.0,"turns":1.0},{"damage":0.0,"enemies":"Lagavulin","floor":6.0,"turns":2.0},{"damage":0.0,"enemies":"Cultist","floor":7.0,"turns":3.0},{"damage":20.0,"enemies":"Exordium Wildlife","floor":8.0,"turns":5.0},{"damage":7.0,"enemies":"3 Louse","floor":11.0,"turns":5.0},{"damage":8.0,"enemies":"Blue Slaver","floor":12.0,"turns":2.0},{"damage":14.0,"enemies":"Lots of Slimes","floor":13.0,"turns":4.0},{"damage":0.0,"enemies":"2 Fungi Beasts","floor":14.0,"turns":1.0},{"damage":18.0,"enemies":"Slime Boss","floor":16.0,"turns":5.0},{"damage":0.0,"enemies":"Chosen","floor":18.0,"turns":2.0},{"damage":0.0,"enemies":"Shell Parasite","floor":19.0,"turns":1.0},{"damage":0,"enemies":"Shelled Parasite and Fungi","floor":24,"turns":1},{"damage":28,"enemies":"Slavers","floor":25,"turns":5},{"damage":12,"enemies":"3 Cultists","floor":28,"turns":3}],"seed_played":"132060354500777213","potions_obtained":[{"floor":3.0,"key":"SmokeBomb"},{"floor":11.0,"key":"SkillPotion"},{"floor":12.0,"key":"Fruit Juice"},{"floor":14.0,"key":"EssenceOfSteel"},{"floor":16.0,"key":"Energy Potion"},{"floor":18.0,"key":"AttackPotion"},{"floor":25,"key":"Dexterity Potion"}],"is_trial":false,"path_per_floor":["M","$","M","?","?","E","M","M","T","$","M","M","M","M","R","B",null,"M","M","$","?","?","R","M","E","T","T","M"],"character_chosen":"THE_SILENT","items_purchased":["Blade Dance","Molten Egg 2","Finisher+1","Accuracy"],"campfire_rested":1,"item_purchase_floors":[2,10,10,20],"current_hp_per_floor":[59,59,59,59,59,59,59,39,39,39,32,29,15,15,36,18,58,58,58,58,58,38,38,38,10,10,10,0],"gold":60,"neow_bonus":"THREE_ENEMY_KILL","is_prod":false,"is_daily":false,"chose_seed":false,"campfire_upgraded":1,"win_rate":0,"timestamp":1550866851,"path_taken":["M","$","M","?","?","E","M","M","T","$","?","M","M","M","R","BOSS","M","M","$","?","?","R","M","E","T","?","M"],"build_version":"2019-01-23","purchased_purges":2,"victory":false,"max_hp_per_floor":[66,66,66,66,66,66,66,66,66,66,66,71,71,71,71,71,71,71,71,71,71,76,76,76,76,76,76,76],"card_choices":[{"not_picked":["Escape Plan","Backflip"],"picked":"Sucker Punch","floor":1.0},{"not_picked":["PiercingWail","Calculated Gamble"],"picked":"Blade Dance","floor":3.0},{"not_picked":["Setup","Skewer"],"picked":"Finisher","floor":6.0},{"not_picked":["Heel Hook","Flying Knee"],"picked":"Choke","floor":7.0},{"not_picked":["Finisher","Underhanded Strike","Reflex"],"picked":"SKIP","floor":8.0},{"not_picked":["Bane+1","Dodge and Roll"],"picked":"Slice+1","floor":11.0},{"not_picked":["Escape Plan","Dagger Spray+1","Deadly Poison"],"picked":"SKIP","floor":12.0},{"not_picked":["Slice+1","Flechettes+1"],"picked":"Dagger Spray+1","floor":13.0},{"not_picked":["Poisoned Stab+1","Dagger Throw+1"],"picked":"Glass Knife+1","floor":14.0},{"not_picked":["Night Terror","Grand Finale+1"],"picked":"A Thousand Cuts","floor":16.0},{"not_picked":["PiercingWail","Underhanded Strike+1"],"picked":"Cloak And Dagger","floor":18.0},{"not_picked":["Sucker Punch+1","Reflex","Outmaneuver"],"picked":"SKIP","floor":19.0},{"not_picked":["Setup","Bane+1","Heel Hook+1"],"picked":"SKIP","floor":25}],"player_experience":838152,"relics_obtained":[{"floor":6.0,"key":"Potion Belt"},{"floor":9.0,"key":"Bag of Marbles"},{"floor":25,"key":"Frozen Egg 2"},{"floor":26,"key":"Orichalcum"},{"floor":27,"key":"Vajra"}],"event_choices":[{"damage_healed":0.0,"max_hp_gain":0.0,"max_hp_loss":0.0,"gold_gain":0.0,"event_name":"Shining Light","player_choice":"Ignored","floor":4.0,"gold_loss":0.0,"damage_taken":0.0},{"damage_healed":0.0,"max_hp_gain":0.0,"max_hp_loss":0.0,"gold_gain":275.0,"event_name":"Golden Shrine","player_choice":"Desecrate","floor":5.0,"gold_loss":0.0,"damage_taken":0.0,"cards_obtained":["Regret"]},{"damage_healed":0.0,"max_hp_gain":0.0,"max_hp_loss":0.0,"gold_gain":0.0,"event_name":"The Library","player_choice":"Read","floor":21.0,"gold_loss":0.0,"damage_taken":0.0,"cards_obtained":["Footwork"]},{"damage_healed":0.0,"max_hp_gain":5.0,"max_hp_loss":0.0,"gold_gain":0.0,"event_name":"Forgotten Altar","player_choice":"Shed Blood","floor":22.0,"gold_loss":0.0,"damage_taken":25.0}],"is_beta":false,"boss_relics":[{"not_picked":["Lizard Tail","Busted Crown"],"picked":"WristBlade"}],"items_purged_floors":[10,20],"is_endless":false,"potions_floor_spawned":[3,11,12,14,16,18,24,25],"killed_by":"3 Cultists","ascension_level":20}