{"gold_per_floor":[119,138,154,154,173,173,40,40,65,124,124,141,166,184,184,263,263,280,123,138,138,138,138,167,167],"floor_reached":25,"playtime":745,"items_purged":["Strike_R","Clumsy"],"score":416,"play_id":"5f55af7a-5f01-4d28-90b7-15320554b83c","local_time":"20190502203111","is_ascension_mode":true,"campfire_choices":[{"data":"Whirlwind","floor":6,"key":"SMITH"},{"data":"Flex","floor":8,"key":"SMITH"},{"data":"Bash","floor":15,"key":"SMITH"},{"data":"Flex","floor":23,"key":"SMITH"}],"neow_cost":"NONE","seed_source_timestamp":210095475875800,"circlet_count":0,"master_deck":["AscendersBane","Strike_R","Strike_R","Strike_R","Defend_R","Defend_R","Defend_R","Defend_R","Bash+1","Pummel","Whirlwind+1","Offering","Intimidate","Flex+1","Offering","Inflame+1","Flex+1","Inflame+1"],"relics":["Burning Blood","NeowsBlessing","Regal Pillow","Tiny Chest","Omamori","Calling Bell","Juzu Bracelet","Frozen Egg 2","Thread and Needle","Pen Nib"],"potions_floor_usage":[5,10,13,16,20,24],"damage_taken":[{"damage":0,"enemies":"Jaw Worm","floor":1,"turns":1},{"damage":0,"enemies":"Cultist","floor":2,"turns":1},{"damage":0,"enemies":"Small Slimes","floor":3,"turns":1},{"damage":18,"enemies":"Exordium Wildlife","floor":5,"turns":3},{"damage":5,"enemies":"3 Sentries","floor":10,"turns":2},{"damage":17,"enemies":"Blue Slaver","floor":12,"turns":3},{"damage":26,"enemies":"Lagavulin","floor":13,"turns":3},{"damage":4,"enemies":"Looter","floor":14,"turns":3},{"damage":21,"enemies":"Slime Boss","floor":16,"turns":5},{"damage":6,"enemies":"3 Byrds","floor":18,"turns":4},{"damage":20,"enemies":"Chosen","floor":20,"turns":3},{"damage":40,"enemies":"Book of Stabbing","floor":24,"turns":4},{"damage":14,"enemies":"Snake Plant","floor":25,"turns":2}],"seed_played":"3050499105040833624","potions_obtained":[{"floor":2,"key":"Strength Potion"},{"floor":3,"key":"FearPotion"},{"floor":5,"key":"SteroidPotion"},{"floor":12,"key":"AttackPotion"},{"floor":16,"key":"Energy Potion"},{"floor":18,"key":"Poison Potion"}],"is_trial":false,"path_per_floor":["M","M","M","?","M","R","$","R","T","E","?","M","E","M","R","B",null,"M","$","M","?","?","R","E","M"],"character_chosen":"IRONCLAD","items_purchased":["Flex","Flex"],"campfire_rested":0,"item_purchase_floors":[7,19],"current_hp_per_floor":[74,75,75,75,63,63,63,63,63,64,64,53,33,35,35,20,61,61,61,47,47,47,47,13,0],"gold":167,"neow_bonus":"THREE_ENEMY_KILL","is_prod":false,"is_daily":false,"chose_seed":false,"campfire_upgraded":4,"win_rate":0,"timestamp":1556800271,"path_taken":["M","M","M","?","?","R","$","R","T","E","?","M","E","M","R","BOSS","M","$","M","?","?","R","E","M"],"build_version":"2019-01-23","purchased_purges":2,"victory":false,"max_hp_per_floor":[75,75,75,75,75,75,75,75,75,75,75,75,75,75,75,75,75,75,75,75,75,75,75,75,75],"card_choices":[{"not_picked":["Iron Wave","Ghostly Armor"],"picked":"Pummel","floor":1},{"not_picked":["Evolve","Cleave"],"picked":"Whirlwind","floor":2},{"not_picked":["Cleave","Ghostly Armor"],"picked":"Offering","floor":3},{"not_picked":["Second Wind","Cleave","Entrench"],"picked":"SKIP","floor":5},{"not_picked":["Iron Wave","Havoc","Clothesline"],"picked":"SKIP","floor":10},{"not_picked":["Clothesline","Iron Wave","Anger"],"picked":"SKIP","floor":12},{"not_picked":["Body Slam","Havoc","Infernal Blade"],"picked":"SKIP","floor":13},{"not_picked":["Armaments","Whirlwind","Clash"],"picked":"SKIP","floor":14},{"not_picked":["Exhume","Bludgeon"],"picked":"Offering","floor":16},{"not_picked":["Havoc","Reckless Charge+1"],"picked":"Inflame+1","floor":18},{"not_picked":["True Grit","Body Slam","Clothesline"],"picked":"SKIP","floor":20},{"not_picked":["Armaments","Intimidate+1"],"picked":"Inflame+1","floor":24}],"player_experience":572848,"relics_obtained":[{"floor":9,"key":"Regal Pillow"},{"floor":10,"key":"Tiny Chest"},{"floor":13,"key":"Omamori"},{"floor":17,"key":"Juzu Bracelet"},{"floor":17,"key":"Frozen Egg 2"},{"floor":17,"key":"Thread and Needle"},{"floor":24,"key":"Pen Nib"}],"event_choices":[{"damage_healed":0,"gold_gain":0,"cards_transformed":["Strike_R"],"player_choice":"Transformed","damage_taken":0,"max_hp_gain":0,"max_hp_loss":0,"event_name":"Transmorgrifier","floor":4,"gold_loss":0,"cards_obtained":["Intimidate"]},{"damage_healed":0,"gold_gain":0,"player_choice":"Searched \u00271\u0027 times","damage_taken":0,"max_hp_gain":0,"max_hp_loss":0,"event_name":"Dead Adventurer","floor":11,"gold_loss":0},{"damage_healed":0,"gold_gain":0,"player_choice":"Ignored","damage_taken":0,"max_hp_gain":0,"max_hp_loss":0,"event_name":"Ghosts","floor":21,"gold_loss":0},{"damage_healed":0,"gold_gain":0,"player_choice":"Ignored","damage_taken":0,"max_hp_gain":0,"max_hp_loss":0,"event_name":"Cursed Tome","floor":22,"gold_loss":0}],"is_beta":false,"boss_relics":[{"not_picked":["Runic Pyramid","Snecko Eye"],"picked":"Calling Bell"}],"items_purged_floors":[7,19],"is_endless":false,"potions_floor_spawned":[2,3,5,12,16,18],"killed_by":"Snake Plant","ascension_level":16}