{"gold_per_floor":[118,138,148,148,20,20,51,16,43,43,97,117,136,169,169,295,295,319,319,20,40,40,40,40,74,127,52,52,64,64,76,76,180,180,190,190,65,65,76,76,76,103,130,142,155,155,70,81,81,81],"floor_reached":50,"playtime":2604,"items_purged":["Defend_B+1"],"score":573,"play_id":"4aab11d6-103b-4f81-9276-fd0d6aad10e3","local_time":"20190412112145","is_ascension_mode":false,"campfire_choices":[{"data":"Dualcast","floor":6,"key":"SMITH"},{"floor":10,"key":"RECALL"},{"data":"Sunder","floor":15,"key":"SMITH"},{"data":"Hologram","floor":23,"key":"SMITH"},{"data":"Seek","floor":28,"key":"SMITH"},{"data":"Glacier","floor":32,"key":"SMITH"},{"floor":40,"key":"REST"},{"floor":49,"key":"REST"}],"neow_cost":"NONE","seed_source_timestamp":94998579429700,"circlet_count":0,"master_deck":["Strike_B+1","Strike_B+1","Strike_B+1","Strike_B+1","Defend_B+1","Defend_B+1","Defend_B+1","Zap+1","Dualcast+1","Glacier+1","Stack","Sunder+1","Ball Lightning","Double Energy","Stack","FTL","Seek+1","Stack","Hologram+1","Stack","Tempest","Melter+1","Core Surge","Meteor Strike","Defragment","Impatience","Compile Driver","Self Repair","Mind Blast","Skim","Madness","Madness","Buffer","Ball Lightning+1","Cold Snap+1","Glacier","Static Discharge+1"],"relics":["Cracked Core","Bloody Idol","Strawberry","Centennial Puzzle","Sundial","Cursed Key","Blue Candle","Enchiridion","Gremlin Horn","Orichalcum","Lantern","Fusion Hammer","PreservedInsect","Smiling Mask"],"potions_floor_usage":[14,14,33,42,50,50],"damage_taken":[{"damage":2,"enemies":"2 Louse","floor":1,"turns":2},{"damage":0,"enemies":"Jaw Worm","floor":2,"turns":4},{"damage":2,"enemies":"Cultist","floor":3,"turns":3},{"damage":9,"enemies":"3 Sentries","floor":7,"turns":8},{"damage":9,"enemies":"2 Fungi Beasts","floor":12,"turns":2},{"damage":6,"enemies":"Blue Slaver","floor":13,"turns":2},{"damage":22,"enemies":"Gremlin Nob","floor":14,"turns":5},{"damage":26,"enemies":"Hexaghost","floor":16,"turns":11},{"damage":13,"enemies":"2 Thieves","floor":18,"turns":3},{"damage":0,"enemies":"Spheric Guardian","floor":21,"turns":3},{"damage":8,"enemies":"Gremlin Leader","floor":25,"turns":9},{"damage":15,"enemies":"3 Cultists","floor":29,"turns":4},{"damage":1,"enemies":"Cultist and Chosen","floor":31,"turns":4},{"damage":12,"enemies":"Collector","floor":33,"turns":7},{"damage":1,"enemies":"Orb Walker","floor":35,"turns":3},{"damage":13,"enemies":"3 Darklings","floor":39,"turns":3},{"damage":10,"enemies":"Reptomancer","floor":42,"turns":7},{"damage":3,"enemies":"Spire Growth","floor":44,"turns":4},{"damage":70,"enemies":"Writhing Mass","floor":45,"turns":6},{"damage":8,"enemies":"Jaw Worm Horde","floor":48,"turns":3},{"damage":55,"enemies":"Donu and Deca","floor":50,"turns":6}],"seed_played":"5344849314965687470","potions_obtained":[{"floor":2,"key":"Swift Potion"},{"floor":3,"key":"SteroidPotion"},{"floor":7,"key":"SpeedPotion"},{"floor":21,"key":"Explosive Potion"},{"floor":25,"key":"FearPotion"},{"floor":33,"key":"Ancient Potion"},{"floor":42,"key":"SpeedPotion"}],"is_trial":false,"path_per_floor":["M","M","M","?","$","R","E","?","T","R","T","M","M","E","R","B",null,"M","?","$","M","?","R","?","E","T","?","R","M","?","M","R","B",null,"M","?","$","?","M","R","?","E","T","M","M","?","$","M","R","B"],"character_chosen":"DEFECT","items_purchased":["Sunder","Ball Lightning","Blue Candle","Hologram","Compile Driver","Self Repair","Glacier"],"campfire_rested":2,"item_purchase_floors":[5,5,20,20,37,37,47],"current_hp_per_floor":[73,73,71,53,53,53,51,71,71,71,71,62,56,34,34,8,82,69,69,69,69,69,69,53,50,55,55,55,45,45,49,49,42,82,82,82,82,82,81,82,72,67,72,81,23,23,23,27,51,0],"gold":81,"neow_bonus":"UPGRADE_CARD","is_prod":false,"is_daily":false,"chose_seed":false,"campfire_upgraded":5,"win_rate":0,"timestamp":1555039305,"path_taken":["M","M","M","?","$","R","E","?","T","R","?","?","M","E","R","BOSS","M","?","$","M","?","R","?","E","T","?","R","?","?","M","R","BOSS","M","?","$","?","?","R","?","E","T","M","M","?","$","M","R","BOSS"],"build_version":"2019-01-23","purchased_purges":1,"victory":false,"max_hp_per_floor":[75,75,75,75,75,75,82,82,82,82,82,82,82,82,82,82,82,82,82,82,82,82,82,82,82,82,82,82,82,82,82,82,82,82,82,82,82,82,82,82,82,82,82,82,82,82,82,82,82,82],"card_choices":[{"not_picked":["Steam","Reprogram"],"picked":"Glacier","floor":1},{"not_picked":["Redo","Coolheaded","Rebound"],"picked":"SKIP","floor":2},{"not_picked":["White Noise","Beam Cell"],"picked":"Stack","floor":3},{"not_picked":["Tempest","Auto Shields"],"picked":"Double Energy","floor":7},{"not_picked":["Go for the Eyes","Sunder"],"picked":"Stack","floor":12},{"not_picked":["Beam Cell","Stack"],"picked":"FTL","floor":13},{"not_picked":["Leap","Rainbow","Redo"],"picked":"SKIP","floor":14},{"not_picked":["Reboot","Fission"],"picked":"Seek","floor":16},{"not_picked":["Rip and Tear","Auto Shields","Stack"],"picked":"SKIP","floor":18},{"not_picked":["Rip and Tear","Auto Shields"],"picked":"Stack","floor":18},{"not_picked":["Beam Cell","Go for the Eyes"],"picked":"Stack","floor":21},{"not_picked":["Rainbow","Barrage"],"picked":"Tempest","floor":25},{"not_picked":["Fusion","Leap"],"picked":"Melter+1","floor":29},{"not_picked":["Compile Driver","Leap"],"picked":"Core Surge","floor":31},{"not_picked":["Fission","Amplify"],"picked":"Meteor Strike","floor":33},{"not_picked":["Lockon","Steam"],"picked":"Defragment","floor":35},{"not_picked":["Trip","Flash of Steel"],"picked":"Impatience","floor":36},{"not_picked":["Aggregate+1","Conserve Battery"],"picked":"Skim","floor":39},{"not_picked":["Beam Cell","Stack+1"],"picked":"Buffer","floor":42},{"not_picked":["Chaos+1","Beam Cell+1"],"picked":"Ball Lightning+1","floor":44},{"not_picked":["Streamline+1","Lockon+1"],"picked":"Cold Snap+1","floor":45},{"not_picked":["Compile Driver","Beam Cell+1"],"picked":"Static Discharge+1","floor":48}],"player_experience":468631,"relics_obtained":[{"floor":7,"key":"Strawberry"},{"floor":11,"key":"Centennial Puzzle"},{"floor":14,"key":"Sundial"},{"floor":24,"key":"Enchiridion"},{"floor":25,"key":"Gremlin Horn"},{"floor":26,"key":"Orichalcum"},{"floor":42,"key":"PreservedInsect"},{"floor":43,"key":"Smiling Mask"}],"event_choices":[{"damage_healed":0,"gold_gain":0,"player_choice":"Take Damage","damage_taken":18,"relics_obtained":["Golden Idol"],"max_hp_gain":0,"max_hp_loss":0,"event_name":"Golden Idol","floor":4,"gold_loss":0},{"damage_healed":20,"gold_gain":0,"player_choice":"Healed","damage_taken":0,"max_hp_gain":0,"max_hp_loss":0,"event_name":"The Cleric","floor":8,"gold_loss":35},{"damage_healed":0,"gold_gain":0,"player_choice":"Simplicity","damage_taken":0,"max_hp_gain":0,"max_hp_loss":0,"event_name":"Back to Basics","floor":19,"gold_loss":0,"cards_upgraded":["Strike_B","Strike_B","Strike_B","Strike_B","Defend_B","Defend_B","Defend_B","Defend_B"]},{"damage_healed":0,"gold_gain":0,"player_choice":"Gave Idol","damage_taken":0,"relics_obtained":["Bloody Idol"],"max_hp_gain":0,"max_hp_loss":0,"event_name":"Forgotten Altar","floor":22,"relics_lost":["Golden Idol"],"gold_loss":0},{"damage_healed":0,"gold_gain":0,"player_choice":"Obtained Book","damage_taken":16,"max_hp_gain":0,"max_hp_loss":0,"event_name":"Cursed Tome","floor":24,"gold_loss":0},{"cards_removed":["Decay"],"damage_healed":0,"gold_gain":0,"player_choice":"Gave Gold","damage_taken":0,"max_hp_gain":0,"max_hp_loss":0,"event_name":"Beggar","floor":27,"gold_loss":75},{"damage_healed":0,"gold_gain":0,"player_choice":"Opened","damage_taken":0,"relics_obtained":["Lantern"],"max_hp_gain":0,"max_hp_loss":0,"event_name":"The Mausoleum","floor":30,"gold_loss":0,"cards_obtained":["Writhe"]},{"damage_healed":0,"gold_gain":0,"player_choice":"Memory 1","damage_taken":0,"max_hp_gain":0,"max_hp_loss":0,"event_name":"SensoryStone","floor":36,"gold_loss":0},{"damage_healed":0,"gold_gain":0,"player_choice":"1 cards matched","damage_taken":0,"max_hp_gain":0,"max_hp_loss":0,"event_name":"Match and Keep!","floor":38,"gold_loss":0,"cards_obtained":["Mind Blast"]},{"damage_healed":0,"gold_gain":0,"player_choice":"Embrace Madness","damage_taken":10,"max_hp_gain":0,"max_hp_loss":0,"event_name":"Winding Halls","floor":41,"gold_loss":0,"cards_obtained":["Madness","Madness"]},{"cards_removed":["Clumsy","Writhe"],"damage_healed":0,"gold_gain":0,"player_choice":"Removed Curses","damage_taken":0,"max_hp_gain":0,"max_hp_loss":0,"event_name":"Fountain of Cleansing","floor":46,"gold_loss":0}],"is_beta":false,"boss_relics":[{"not_picked":["Velvet Choker","Runic Dome"],"picked":"Cursed Key"},{"not_picked":["Tiny House","Astrolabe"],"picked":"Fusion Hammer"}],"items_purged_floors":[47],"is_endless":false,"potions_floor_spawned":[2,3,7,12,21,25,33,39,42,48],"killed_by":"Donu and Deca","ascension_level":0}