{"gold_per_floor":[114,124,137,137,152,152,203,215,240,114,175,189,189,189,189,293,293,308,318,337,337,25,25],"floor_reached":23,"playtime":1119,"items_purged":["Strike_B"],"score":218,"play_id":"72408057-5fc8-4ed7-b0ea-597739777740","local_time":"20190429220737","is_ascension_mode":false,"campfire_choices":[{"data":"Zap","floor":6,"key":"SMITH"},{"data":"Creative AI","floor":13,"key":"SMITH"},{"floor":15,"key":"REST"}],"neow_cost":"NONE","seed_source_timestamp":519154747052400,"circlet_count":0,"master_deck":["Defend_B","Defend_B","Defend_B","Defend_B","Zap+1","Dualcast","Conserve Battery","Doom and Gloom","Streamline","Sweeping Beam+1","Reboot","Creative AI+1","Ball Lightning","Echo Form","Coolheaded","Stack","Bite","Bite","Bite","Bite","Bite","Auto Shields"],"relics":["Eternal Feather","Ancient Tea Set","Tiny Chest","Cursed Key","Pantograph"],"potions_floor_usage":[11,16,19,23,23],"damage_taken":[{"damage":2,"enemies":"2 Louse","floor":1,"turns":3},{"damage":0,"enemies":"Small Slimes","floor":2,"turns":4},{"damage":2,"enemies":"Jaw Worm","floor":3,"turns":4},{"damage":8,"enemies":"2 Fungi Beasts","floor":5,"turns":3},{"damage":10,"enemies":"Looter","floor":8,"turns":3},{"damage":18,"enemies":"3 Sentries","floor":11,"turns":4},{"damage":11,"enemies":"Large Slime","floor":12,"turns":4},{"damage":15,"enemies":"The Guardian","floor":16,"turns":8},{"damage":26,"enemies":"3 Byrds","floor":18,"turns":4},{"damage":11,"enemies":"2 Thieves","floor":19,"turns":3},{"damage":26,"enemies":"Snake Plant","floor":20,"turns":5},{"damage":18,"enemies":"Slavers","floor":23,"turns":2}],"seed_played":"-8487886223983907941","potions_obtained":[{"floor":5,"key":"EssenceOfSteel"},{"floor":8,"key":"FocusPotion"},{"floor":19,"key":"Explosive Potion"},{"floor":20,"key":"SkillPotion"}],"is_trial":false,"path_per_floor":["M","M","M","?","M","R","?","M","T","$","E","M","R","?","R","B",null,"M","M","M","?","$","E"],"character_chosen":"DEFECT","items_purchased":["Strength Potion","Auto Shields","Pantograph"],"campfire_rested":1,"item_purchase_floors":[10,22,22],"current_hp_per_floor":[73,73,71,71,63,69,69,59,59,59,41,30,39,24,55,40,75,49,38,12,12,12,0],"gold":25,"neow_bonus":"BOSS_RELIC","is_prod":false,"is_daily":false,"chose_seed":false,"campfire_upgraded":2,"win_rate":0,"timestamp":1556590057,"path_taken":["M","M","M","?","M","R","?","?","T","$","E","M","R","?","R","BOSS","M","M","M","?","$","E"],"build_version":"2019-01-23","purchased_purges":1,"victory":false,"max_hp_per_floor":[75,75,75,75,75,75,75,75,75,75,75,75,75,75,75,75,75,75,75,75,52,52,52],"card_choices":[{"not_picked":["Redo","Gash"],"picked":"Conserve Battery","floor":1},{"not_picked":["Rebound","Hologram"],"picked":"Doom and Gloom","floor":2},{"not_picked":["Sunder","Turbo"],"picked":"Streamline","floor":3},{"not_picked":["Barrage","Force Field"],"picked":"Sweeping Beam","floor":5},{"not_picked":["Rebound","Turbo"],"picked":"Reboot","floor":8},{"not_picked":["Compile Driver","Steam"],"picked":"Creative AI","floor":11},{"not_picked":["Gash","Auto Shields"],"picked":"Ball Lightning","floor":12},{"not_picked":["Electrodynamics","Buffer"],"picked":"Echo Form","floor":16},{"not_picked":["Recycle","Rebound"],"picked":"Coolheaded","floor":18},{"not_picked":["Beam Cell+1","Reprogram","Rebound+1"],"picked":"SKIP","floor":19},{"not_picked":["Compile Driver","Chill"],"picked":"Stack","floor":20}],"player_experience":397020,"relics_obtained":[{"floor":9,"key":"Ancient Tea Set"},{"floor":11,"key":"Tiny Chest"}],"event_choices":[{"damage_healed":0,"gold_gain":0,"player_choice":"Ignored","damage_taken":0,"max_hp_gain":0,"max_hp_loss":0,"event_name":"Liars Game","floor":4,"gold_loss":0},{"damage_healed":0,"gold_gain":51,"player_choice":"Gained Gold","damage_taken":0,"max_hp_gain":0,"max_hp_loss":0,"event_name":"Golden Wing","floor":7,"gold_loss":0},{"damage_healed":0,"gold_gain":0,"player_choice":"Entered Light","damage_taken":15,"max_hp_gain":0,"max_hp_loss":0,"event_name":"Shining Light","floor":14,"gold_loss":0,"cards_upgraded":["Strike_B","Sweeping Beam"]},{"damage_healed":0,"gold_gain":0,"player_choice":"Became a vampire","damage_taken":0,"max_hp_gain":0,"max_hp_loss":23,"event_name":"Vampires","floor":21,"gold_loss":0,"cards_obtained":["Bite","Bite","Bite","Bite","Bite"]}],"is_beta":false,"boss_relics":[{"not_picked":["Runic Dome","Empty Cage"],"picked":"Cursed Key"}],"items_purged_floors":[10],"is_endless":false,"potions_floor_spawned":[5,8,19,20],"killed_by":"Slavers","ascension_level":0}