{"gold_per_floor":[116,116,116,128,146,146,177,177,203,203,234,234,83,93,93,197,197,214,214,214,244,244,244,274,274,274,308,327,107,120,120],"floor_reached":31,"playtime":3877,"items_purged":[],"score":446,"play_id":"1e5e3906-7849-44d3-b903-79555c40ee30","local_time":"20190424155001","is_ascension_mode":true,"campfire_choices":[{"data":"Leap","floor":6.0,"key":"SMITH"},{"data":"Steam","floor":8.0,"key":"SMITH"},{"data":"Zap","floor":10.0,"key":"SMITH"},{"data":"Loop","floor":12.0,"key":"SMITH"},{"data":"Glacier","floor":15.0,"key":"SMITH"},{"floor":23,"key":"REST"},{"floor":25,"key":"REST"}],"neow_cost":"NONE","seed_source_timestamp":355844110870900,"circlet_count":0,"master_deck":["AscendersBane","Zap+1","Dualcast","Steam+1","Coolheaded","Leap+1","Seek","Loop+1","Glacier+1","Amplify","BootSequence","Storm","Coolheaded","Fission","Creative AI","Aggregate","Double Energy","Cold Snap","Doom and Gloom","Redo","RitualDagger","Genetic Algorithm","Conserve Battery+1","FTL"],"special_seed":0,"relics":["Cracked Core","Bag of Preparation","Potion Belt","Art of War","Question Card","DataDisk","Pandora\u0027s Box","Red Mask","Shovel","Sundial","Frozen Egg 2","Vajra"],"potions_floor_usage":[21,21,27,31],"damage_taken":[{"damage":0.0,"enemies":"Small Slimes","floor":1.0,"turns":3.0},{"damage":0.0,"enemies":"2 Louse","floor":4.0,"turns":4.0},{"damage":0.0,"enemies":"Cultist","floor":5.0,"turns":5.0},{"damage":26.0,"enemies":"3 Sentries","floor":7.0,"turns":13.0},{"damage":15.0,"enemies":"Lagavulin","floor":11.0,"turns":8.0},{"damage":1.0,"enemies":"2 Fungi Beasts","floor":14.0,"turns":3.0},{"damage":28.0,"enemies":"Hexaghost","floor":16.0,"turns":18.0},{"damage":16,"enemies":"3 Byrds","floor":18,"turns":5},{"damage":22,"enemies":"Masked Bandits","floor":21,"turns":6},{"damage":21,"enemies":"Book of Stabbing","floor":24,"turns":6},{"damage":27,"enemies":"Slavers","floor":27,"turns":7},{"damage":4,"enemies":"2 Thieves","floor":28,"turns":4},{"damage":7,"enemies":"Centurion and Healer","floor":30,"turns":7},{"damage":14,"enemies":"Gremlin Leader","floor":31,"turns":1}],"seed_played":"2735115095245111697","potions_obtained":[{"floor":4.0,"key":"EntropicBrew"},{"floor":5.0,"key":"PowerPotion"},{"floor":14.0,"key":"Swift Potion"},{"floor":16.0,"key":"SkillPotion"},{"floor":18,"key":"Regen Potion"},{"floor":24,"key":"PowerPotion"},{"floor":28,"key":"PowerPotion"}],"is_trial":false,"path_per_floor":["M","?","?","M","M","R","E","R","T","R","E","R","$","M","R","B",null,"M","?","?","?","?","R","E","R","T","E","M","$","M","E"],"character_chosen":"DEFECT","items_purchased":["DataDisk","Vajra","LiquidBronze"],"campfire_rested":2,"item_purchase_floors":[13,29,29],"current_hp_per_floor":[68,68,75,75,75,75,49,49,49,49,34,34,34,33,33,5,58,42,42,42,35,29,51,30,52,52,25,21,21,14,0],"gold":120,"neow_bonus":"RANDOM_COMMON_RELIC","is_prod":false,"is_daily":false,"chose_seed":false,"campfire_upgraded":5,"win_rate":0,"timestamp":1556113801,"path_taken":["M","?","?","M","?","R","E","R","T","R","E","R","$","M","R","BOSS","M","?","?","?","?","R","E","R","T","E","M","$","M","E"],"build_version":"2019-01-23","purchased_purges":0,"victory":false,"max_hp_per_floor":[75,75,75,75,75,75,75,75,75,75,75,75,75,75,75,75,75,75,75,75,75,75,75,75,75,75,75,75,75,75,75],"card_choices":[{"not_picked":["Sweeping Beam","Recycle"],"picked":"Steam","floor":1.0},{"not_picked":["Scrape","Barrage"],"picked":"Coolheaded","floor":4.0},{"not_picked":["Ball Lightning","Scrape"],"picked":"Leap","floor":5.0},{"not_picked":["Turbo","Reinforced Body"],"picked":"Seek","floor":7.0},{"not_picked":["Cold Snap","Glacier"],"picked":"Loop","floor":11.0},{"not_picked":["Sweeping Beam","Hologram","Go for the Eyes"],"picked":"Glacier","floor":14.0},{"not_picked":["Multi-Cast","All For One","Hyperbeam"],"picked":"Amplify","floor":16.0},{"not_picked":["Rebound","Gash","Sweeping Beam"],"picked":"Doom and Gloom","floor":18},{"not_picked":["Leap","Rebound","Beam Cell"],"picked":"Redo","floor":21},{"not_picked":["Aggregate","Machine Learning","Compile Driver","Beam Cell+1"],"picked":"SKIP","floor":24},{"not_picked":["Rebound","Compile Driver","Redo"],"picked":"Genetic Algorithm","floor":27},{"not_picked":["Streamline","Auto Shields","Heatsinks+1"],"picked":"Conserve Battery+1","floor":28},{"not_picked":["Go for the Eyes","Redo+1","Steam"],"picked":"FTL","floor":30}],"player_experience":705295,"relics_obtained":[{"floor":7.0,"key":"Potion Belt"},{"floor":9.0,"key":"Art of War"},{"floor":11.0,"key":"Question Card"},{"floor":21,"key":"Red Mask"},{"floor":24,"key":"Shovel"},{"floor":26,"key":"Sundial"},{"floor":27,"key":"Frozen Egg 2"}],"event_choices":[{"damage_healed":0.0,"max_hp_gain":0.0,"max_hp_loss":0.0,"gold_gain":0.0,"event_name":"Liars Game","player_choice":"Ignored","floor":2.0,"gold_loss":0.0,"damage_taken":0.0},{"damage_healed":7.0,"max_hp_gain":0.0,"max_hp_loss":0.0,"gold_gain":0.0,"event_name":"Wheel of Change","player_choice":"Full Heal","floor":3.0,"gold_loss":0.0,"damage_taken":0.0},{"damage_healed":0,"gold_gain":0,"player_choice":"Smashed Altar","damage_taken":0,"max_hp_gain":0,"max_hp_loss":0,"event_name":"Forgotten Altar","floor":19,"gold_loss":0,"cards_obtained":["Decay"]},{"cards_removed":["Decay"],"damage_healed":0,"gold_gain":0,"player_choice":"Elegance","damage_taken":0,"max_hp_gain":0,"max_hp_loss":0,"event_name":"Back to Basics","floor":20,"gold_loss":0},{"damage_healed":0,"gold_gain":0,"player_choice":"Fought Bandits","damage_taken":0,"max_hp_gain":0,"max_hp_loss":0,"event_name":"Masked Bandits","floor":21,"gold_loss":0},{"damage_healed":0,"gold_gain":0,"player_choice":"Joined the Cult","damage_taken":6,"max_hp_gain":0,"max_hp_loss":0,"event_name":"Nest","floor":22,"gold_loss":0,"cards_obtained":["RitualDagger"]}],"is_beta":false,"boss_relics":[{"not_picked":["Orrery","Cursed Key"],"picked":"Pandora\u0027s Box"}],"items_purged_floors":[],"is_endless":false,"potions_floor_spawned":[4,5,14,16,18,24,28],"killed_by":"Gremlin Leader","ascension_level":12}