{"gold_per_floor":[111,123,48,65,79,104,104,138,138,138,163,163,163,183,183,283,283,300,310,310,310,225,225,225],"floor_reached":24,"playtime":739,"items_purged":["Defend_B"],"score":275,"play_id":"c1acc7fe-0617-461f-832b-38108f5c3173","local_time":"20180711094025","is_ascension_mode":true,"campfire_choices":[{"floor":7,"key":"REST"},{"data":"Hologram","floor":10,"key":"SMITH"},{"floor":12,"key":"REST"},{"floor":15,"key":"REST"},{"data":"Dualcast","floor":23,"key":"SMITH"}],"neow_cost":"NONE","seed_source_timestamp":255176872952615,"circlet_count":0,"master_deck":["Defend_B","Defend_B","Zap","Dualcast+1","Hologram+1","Echo Form","Self Repair","Rip and Tear+1","Electrodynamics","Chill+1","Scrape+1"],"relics":["Cracked Core","Molten Egg 2","Smiling Mask","Pen Nib","Astrolabe","Nloth\u0027s Gift","Toxic Egg 2"],"potions_floor_usage":[16,16,16],"damage_taken":[{"damage":1,"enemies":"Cultist","floor":1,"turns":3},{"damage":0,"enemies":"Small Slimes","floor":2,"turns":3},{"damage":0,"enemies":"2 Louse","floor":4,"turns":3},{"damage":9,"enemies":"2 Fungi Beasts","floor":5,"turns":3},{"damage":38,"enemies":"Gremlin Nob","floor":6,"turns":4},{"damage":25,"enemies":"Lagavulin","floor":8,"turns":6},{"damage":20,"enemies":"Large Slime","floor":14,"turns":6},{"damage":22,"enemies":"The Guardian","floor":16,"turns":10},{"damage":35,"enemies":"2 Thieves","floor":18,"turns":4},{"damage":0,"enemies":"3 Byrds","floor":19,"turns":2},{"damage":43,"enemies":"Snake Plant","floor":24,"turns":4}],"seed_played":"-3966555285797352837","potions_obtained":[{"floor":4,"key":"SpeedPotion"},{"floor":5,"key":"SmokeBomb"},{"floor":8,"key":"Energy Potion"},{"floor":14,"key":"LiquidBronze"}],"is_trial":false,"path_per_floor":["M","M","$","M","M","E","R","E","T","R","T","R","?","M","R","B",null,"M","M","?","?","?","R"],"character_chosen":"DEFECT","items_purchased":[],"campfire_rested":3,"item_purchase_floors":[],"current_hp_per_floor":[67,67,67,67,58,20,42,17,17,17,17,39,32,19,41,33,65,37,37,37,37,37,37,0],"gold":225,"neow_bonus":"REMOVE_CARD","is_prod":false,"is_daily":false,"chose_seed":false,"campfire_upgraded":2,"win_rate":0,"timestamp":1531273225,"path_taken":["M","M","$","M","M","E","R","E","T","R","?","R","?","M","R","BOSS","M","M","?","?","?","R","M"],"build_version":"2018-07-05","purchased_purges":1,"victory":false,"max_hp_per_floor":[75,75,75,75,75,75,75,75,75,75,75,75,75,75,75,75,75,75,75,75,75,75,75,75],"card_choices":[{"not_picked":["Auto Shields","Redo"],"picked":"Hologram","floor":1},{"not_picked":["Melter","Leap","Genetic Algorithm"],"picked":"SKIP","floor":2},{"not_picked":["Reprogram","Cold Snap","Hologram"],"picked":"SKIP","floor":4},{"not_picked":["Turbo","Stack","Consume"],"picked":"SKIP","floor":5},{"not_picked":["Steam","Rebound"],"picked":"Echo Form","floor":6},{"not_picked":["Beam Cell","FTL"],"picked":"Self Repair","floor":8},{"not_picked":["Go for the Eyes+1","Gash+1"],"picked":"Rip and Tear+1","floor":14},{"not_picked":["Multi-Cast","Seek"],"picked":"Electrodynamics","floor":16},{"not_picked":["Aggregate","Reinforced Body+1","Beam Cell+1"],"picked":"SKIP","floor":18},{"not_picked":["Hologram","Barrage+1","Conserve Battery"],"picked":"SKIP","floor":19}],"player_experience":286831,"relics_obtained":[{"floor":6,"key":"Dodecahedron"},{"floor":8,"key":"Molten Egg 2"},{"floor":9,"key":"Smiling Mask"},{"floor":11,"key":"Pen Nib"}],"event_choices":[{"event_name":"Golden Wing","player_choice":"Card Removal","floor":13,"damage_taken":0},{"event_name":"Back to Basics","player_choice":"Elegance","floor":20,"damage_taken":0},{"event_name":"N\u0027loth","player_choice":"Traded a Dodecahedron","floor":21,"damage_taken":0},{"event_name":"Addict","player_choice":"Obtained Relic","floor":22,"damage_taken":0}],"boss_relics":[{"not_picked":["Cursed Key","Runic Dome"],"picked":"Astrolabe"}],"items_purged_floors":[3],"is_endless":false,"potions_floor_spawned":[4,5,8,14],"killed_by":"Snake Plant","ascension_level":7}