{"gold_per_floor":[109,121,121,138,150,182,197,197,197,297,323,341,416,416,416,416],"floor_reached":16,"playtime":1048,"items_purged":[],"score":137,"play_id":"d7b980c2-ff39-49f9-b76b-7c1e182e9a59","local_time":"20190429155646","is_ascension_mode":false,"campfire_choices":[{"data":"Stack","floor":8,"key":"SMITH"},{"floor":15,"key":"RECALL"}],"neow_cost":"NONE","seed_source_timestamp":1617723657062136,"circlet_count":0,"master_deck":["Strike_B","Strike_B","Strike_B","Defend_B","Defend_B","Defend_B","Defend_B","Zap","Dualcast","Coolheaded","Cold Snap","Leap","Capacitor","Stack+1","Aggregate","FTL","Gash","Blizzard","Regret"],"relics":["Cracked Core","Anchor","Ginger","Turnip","Thread and Needle"],"potions_floor_usage":[6,11,16],"damage_taken":[{"damage":1,"enemies":"Cultist","floor":1,"turns":5},{"damage":4,"enemies":"Jaw Worm","floor":2,"turns":3},{"damage":5,"enemies":"Small Slimes","floor":4,"turns":3},{"damage":8,"enemies":"Looter","floor":5,"turns":4},{"damage":32,"enemies":"Gremlin Nob","floor":6,"turns":5},{"damage":1,"enemies":"2 Fungi Beasts","floor":7,"turns":5},{"damage":0,"enemies":"3 Sentries","floor":11,"turns":3},{"damage":0,"enemies":"Red Slaver","floor":12,"turns":3},{"damage":18,"enemies":"Hexaghost","floor":16,"turns":14}],"seed_played":"4597982523140458504","potions_obtained":[{"floor":2,"key":"Block Potion"},{"floor":6,"key":"Strength Potion"},{"floor":7,"key":"AttackPotion"},{"floor":11,"key":"Explosive Potion"}],"is_trial":false,"path_per_floor":["M","M","$","M","M","E","M","R","T","?","E","M","?","?","R","B"],"character_chosen":"DEFECT","items_purchased":[],"campfire_rested":0,"item_purchase_floors":[],"current_hp_per_floor":[74,70,70,65,57,25,24,24,24,24,24,24,13,13,13,0],"gold":416,"neow_bonus":"TRANSFORM_CARD","is_prod":false,"is_daily":false,"chose_seed":false,"campfire_upgraded":1,"win_rate":0,"timestamp":1556571406,"path_taken":["M","M","$","?","M","E","M","R","T","?","E","?","?","?","R","BOSS"],"build_version":"2019-01-23","purchased_purges":0,"victory":false,"max_hp_per_floor":[75,75,75,75,75,75,75,75,75,75,75,75,75,75,75,75],"card_choices":[{"not_picked":["Scrape","Beam Cell"],"picked":"Cold Snap","floor":1},{"not_picked":["Hello World","Turbo"],"picked":"Leap","floor":2},{"not_picked":["Barrage","Streamline"],"picked":"Capacitor","floor":4},{"not_picked":["Ball Lightning","Steam"],"picked":"Stack","floor":5},{"not_picked":["Compile Driver","Meteor Strike"],"picked":"Aggregate","floor":6},{"not_picked":["Storm","Steam"],"picked":"FTL","floor":7},{"not_picked":["Turbo","Undo"],"picked":"Gash","floor":11},{"not_picked":["Ball Lightning","Scrape"],"picked":"Blizzard","floor":12}],"player_experience":245931,"relics_obtained":[{"floor":6,"key":"Anchor"},{"floor":9,"key":"Ginger"},{"floor":11,"key":"Turnip"}],"event_choices":[{"damage_healed":0,"gold_gain":100,"player_choice":"Pray","damage_taken":0,"max_hp_gain":0,"max_hp_loss":0,"event_name":"Golden Shrine","floor":10,"gold_loss":0},{"damage_healed":0,"gold_gain":75,"player_choice":"Gather Gold","damage_taken":11,"max_hp_gain":0,"max_hp_loss":0,"event_name":"World of Goop","floor":13,"gold_loss":0},{"damage_healed":0,"gold_gain":0,"player_choice":"Box","damage_taken":0,"relics_obtained":["Thread and Needle"],"max_hp_gain":0,"max_hp_loss":0,"event_name":"Big Fish","floor":14,"gold_loss":0,"cards_obtained":["Regret"]}],"is_beta":false,"boss_relics":[],"items_purged_floors":[],"is_endless":false,"potions_floor_spawned":[2,6,7,11],"killed_by":"Hexaghost","ascension_level":0}