{"gold_per_floor":[15,34,34,34,34,34,54,54,54,89,105,126,157,172,172,291,291,307,307,320,100,118,162,162,175,175,175,31,31,110,131,131,262,262,278,294,294,318,318],"floor_reached":39,"playtime":1486,"items_purged":[],"score":586,"play_id":"4b1aa380-8228-46dd-8b05-268e0541ce4a","local_time":"20190410223542","is_ascension_mode":true,"campfire_choices":[{"data":"Zap","floor":6,"key":"SMITH"},{"data":"Dualcast","floor":8,"key":"SMITH"},{"data":"Genetic Algorithm","floor":15,"key":"SMITH"},{"floor":24,"key":"REST"},{"floor":27,"key":"REST"},{"floor":32,"key":"REST"}],"neow_cost":"NO_GOLD","seed_source_timestamp":6785730310117,"circlet_count":0,"master_deck":["Strike_B","Strike_B","Strike_B","Strike_B","Defend_B","Defend_B","Defend_B","Defend_B","Zap+1","Dualcast+1","Rebound","Sweeping Beam","Rip and Tear","Genetic Algorithm+1","Ball Lightning","Steam","Leap","Rainbow","Turbo+1","Rebound+1","Capacitor","Barrage","White Noise","Defragment","Self Repair","Sunder","Hello World+1","Echo Form+1","Hologram+1","Static Discharge+1","Madness","Madness"],"relics":["Cracked Core","Golden Idol","The Courier","Kunai","Odd Mushroom","Fusion Hammer","DataDisk","Lee\u0027s Waffle","Shovel","Juzu Bracelet","Frozen Egg 2","Inserter","Omamori"],"potions_floor_usage":[16,16,16,31,33,35,36,39],"damage_taken":[{"damage":0,"enemies":"Small Slimes","floor":1,"turns":2},{"damage":0,"enemies":"2 Louse","floor":2,"turns":3},{"damage":0,"enemies":"Cultist","floor":7,"turns":2},{"damage":20,"enemies":"3 Sentries","floor":10,"turns":6},{"damage":1,"enemies":"Looter","floor":11,"turns":2},{"damage":15,"enemies":"Blue Slaver","floor":12,"turns":3},{"damage":23,"enemies":"The Mushroom Lair","floor":13,"turns":3},{"damage":4,"enemies":"Red Slaver","floor":14,"turns":3},{"damage":17,"enemies":"Hexaghost","floor":16,"turns":9},{"damage":15,"enemies":"Spheric Guardian","floor":18,"turns":4},{"damage":18,"enemies":"3 Byrds","floor":20,"turns":4},{"damage":34,"enemies":"Centurion and Healer","floor":22,"turns":6},{"damage":59,"enemies":"Slavers","floor":23,"turns":6},{"damage":13,"enemies":"Sentry and Sphere","floor":25,"turns":4},{"damage":18,"enemies":"Chosen and Byrds","floor":31,"turns":6},{"damage":65,"enemies":"Automaton","floor":33,"turns":9},{"damage":0,"enemies":"3 Shapes","floor":35,"turns":4},{"damage":23,"enemies":"3 Darklings","floor":36,"turns":6},{"damage":79,"enemies":"2 Orb Walkers","floor":39,"turns":3}],"seed_played":"-5744315470888520312","potions_obtained":[{"floor":2,"key":"GamblersBrew"},{"floor":11,"key":"LiquidBronze"},{"floor":13,"key":"Block Potion"},{"floor":16,"key":"SpeedPotion"},{"floor":23,"key":"FearPotion"},{"floor":25,"key":"FearPotion"},{"floor":33,"key":"Regen Potion"},{"floor":36,"key":"Regen Potion"}],"is_trial":false,"path_per_floor":["M","M","?","?","?","R","M","R","T","E","M","M","?","M","R","B",null,"M","?","M","$","M","E","R","M","T","R","$","?","T","M","R","B",null,"M","M","?","T","?"],"character_chosen":"DEFECT","items_purchased":["Lee\u0027s Waffle","Capacitor","Fruit Juice","Self Repair"],"campfire_rested":3,"item_purchase_floors":[21,21,28,28],"current_hp_per_floor":[82,82,82,82,82,82,82,82,82,62,61,46,23,19,19,2,67,52,52,34,96,62,3,31,18,18,46,46,46,46,40,70,12,79,79,71,58,58,0],"gold":318,"neow_bonus":"TWENTY_PERCENT_HP_BONUS","is_prod":false,"is_daily":false,"chose_seed":false,"campfire_upgraded":3,"win_rate":0,"timestamp":1554960942,"path_taken":["M","M","?","?","?","R","M","R","T","E","M","?","?","M","R","BOSS","M","?","M","$","M","E","R","?","T","R","?","?","?","M","R","BOSS","M","M","?","?","?"],"build_version":"2019-01-23","purchased_purges":0,"victory":false,"max_hp_per_floor":[89,89,89,89,89,89,89,89,89,89,89,89,89,89,89,89,89,89,89,89,96,96,96,96,96,96,96,96,96,96,101,101,101,101,101,101,101,101,101],"card_choices":[{"not_picked":["Beam Cell","Barrage"],"picked":"Rebound","floor":1},{"not_picked":["Reinforced Body","Redo"],"picked":"Sweeping Beam","floor":2},{"not_picked":["Coolheaded","Go for the Eyes"],"picked":"Rip and Tear","floor":7},{"not_picked":["Leap","Compile Driver"],"picked":"Genetic Algorithm","floor":10},{"not_picked":["Leap","Steam Power"],"picked":"Amplify","floor":11},{"not_picked":["Double Energy","Conserve Battery"],"picked":"Ball Lightning","floor":12},{"not_picked":["Sweeping Beam","Compile Driver"],"picked":"Steam","floor":13},{"not_picked":["Turbo","Gash"],"picked":"Leap","floor":14},{"not_picked":["Amplify","Reboot"],"picked":"Rainbow","floor":16},{"not_picked":["Go for the Eyes","Skim"],"picked":"Turbo+1","floor":18},{"not_picked":["Hologram","Cold Snap"],"picked":"Rebound+1","floor":20},{"not_picked":["Ball Lightning","Beam Cell"],"picked":"Barrage","floor":22},{"not_picked":["Coolheaded","Double Energy"],"picked":"White Noise","floor":23},{"not_picked":["Scrape","Leap+1"],"picked":"Defragment","floor":25},{"not_picked":["Coolheaded","Beam Cell+1"],"picked":"Hello World+1","floor":31},{"not_picked":["Core Surge","Meteor Strike"],"picked":"Echo Form+1","floor":33},{"not_picked":["Compile Driver","Coolheaded"],"picked":"Hologram+1","floor":35},{"not_picked":["Rebound+1","Defragment+1"],"picked":"Static Discharge+1","floor":36}],"player_experience":553667,"relics_obtained":[{"floor":9,"key":"The Courier"},{"floor":10,"key":"Kunai"},{"floor":13,"key":"Odd Mushroom"},{"floor":23,"key":"Shovel"},{"floor":26,"key":"Juzu Bracelet"},{"floor":30,"key":"Frozen Egg 2"},{"floor":38,"key":"Omamori"}],"event_choices":[{"damage_healed":0,"gold_gain":0,"player_choice":"Take Wound","damage_taken":0,"relics_obtained":["Golden Idol"],"max_hp_gain":0,"max_hp_loss":0,"event_name":"Golden Idol","floor":3,"gold_loss":0,"cards_obtained":["Injury"]},{"damage_healed":0,"gold_gain":0,"player_choice":"Leave","damage_taken":0,"max_hp_gain":0,"max_hp_loss":0,"event_name":"The Cleric","floor":4,"gold_loss":0},{"cards_removed":["Injury"],"damage_healed":0,"gold_gain":0,"player_choice":"Removed Curses","damage_taken":0,"max_hp_gain":0,"max_hp_loss":0,"event_name":"Fountain of Cleansing","floor":5,"gold_loss":0},{"damage_healed":0,"gold_gain":0,"player_choice":"Fought Mushrooms","damage_taken":0,"max_hp_gain":0,"max_hp_loss":0,"event_name":"Mushrooms","floor":13,"gold_loss":0},{"cards_removed":["Amplify"],"damage_healed":0,"gold_gain":0,"player_choice":"Gave Card","damage_taken":0,"relics_obtained":["DataDisk"],"max_hp_gain":0,"max_hp_loss":0,"event_name":"WeMeetAgain","floor":19,"gold_loss":0},{"damage_healed":0,"gold_gain":0,"player_choice":"Read","damage_taken":0,"max_hp_gain":0,"max_hp_loss":0,"event_name":"The Library","floor":29,"gold_loss":0,"cards_obtained":["Sunder"]},{"damage_healed":0,"gold_gain":0,"player_choice":"Embrace Madness","damage_taken":13,"max_hp_gain":0,"max_hp_loss":0,"event_name":"Winding Halls","floor":37,"gold_loss":0,"cards_obtained":["Madness","Madness"]},{"damage_healed":0,"gold_gain":0,"player_choice":"Fight","damage_taken":0,"max_hp_gain":0,"max_hp_loss":0,"event_name":"Mysterious Sphere","floor":39,"gold_loss":0}],"is_beta":false,"boss_relics":[{"not_picked":["Eternal Feather","Runic Pyramid"],"picked":"Fusion Hammer"},{"not_picked":["FrozenCore","Lizard Tail"],"picked":"Inserter"}],"items_purged_floors":[],"is_endless":false,"potions_floor_spawned":[2,11,13,16,23,25,33,36],"killed_by":"2 Orb Walkers","ascension_level":8}