{"gold_per_floor":[110,80,92,110,110,110,137,156,156,172,191,252,252,252,252,351,351,368,261,279,279,85,116,42,42],"floor_reached":25,"playtime":1676,"items_purged":[],"score":246,"play_id":"f2e05040-1252-4840-bae4-8da7d8092b48","local_time":"20190217121712","is_ascension_mode":false,"campfire_choices":[{"data":"Static Discharge","floor":6,"key":"SMITH"},{"data":"Defragment","floor":15,"key":"SMITH"}],"neow_cost":"NONE","seed_source_timestamp":64054433147295,"circlet_count":0,"master_deck":["Strike_B","Strike_B","Strike_B","Strike_B","Defend_B","Defend_B","Defend_B","Defend_B","Zap","Dualcast","Conserve Battery","Cold Snap","Static Discharge+1","Storm","White Noise","Reprogram","Ball Lightning","Defragment+1","Amplify","Ball Lightning","Loop","Conserve Battery","Capacitor","Apotheosis","Hologram","Capacitor"],"relics":["Strawberry","Boot","Question Card","Mango","Nuclear Battery","Nloth\u0027s Gift","Anchor"],"potions_floor_usage":[3,10,23],"damage_taken":[{"damage":4,"enemies":"Small Slimes","floor":1,"turns":3},{"damage":1,"enemies":"Cultist","floor":3,"turns":3},{"damage":0,"enemies":"2 Louse","floor":4,"turns":3},{"damage":23,"enemies":"Lagavulin","floor":7,"turns":6},{"damage":14,"enemies":"Blue Slaver","floor":8,"turns":4},{"damage":4,"enemies":"Large Slime","floor":10,"turns":5},{"damage":17,"enemies":"Lots of Slimes","floor":11,"turns":4},{"damage":10,"enemies":"Gremlin Nob","floor":12,"turns":3},{"damage":13,"enemies":"Slime Boss","floor":16,"turns":7},{"damage":6,"enemies":"Spheric Guardian","floor":18,"turns":3},{"damage":6,"enemies":"3 Byrds","floor":20,"turns":2},{"damage":29,"enemies":"Book of Stabbing","floor":23,"turns":4},{"damage":62,"enemies":"Gremlin Leader","floor":25,"turns":5}],"seed_played":"1401343245864777766","potions_obtained":[{"floor":2,"key":"Ancient Potion"},{"floor":2,"key":"AttackPotion"},{"floor":3,"key":"Swift Potion"},{"floor":7,"key":"Regen Potion"},{"floor":8,"key":"SkillPotion"},{"floor":10,"key":"Strength Potion"},{"floor":16,"key":"LiquidBronze"}],"is_trial":false,"path_per_floor":["M","?","M","M","$","R","E","M","T","M","M","?","?","?","R","B",null,"M","$","M","?","$","E","$","E"],"character_chosen":"DEFECT","items_purchased":["Loop","Conserve Battery","Apotheosis","Capacitor"],"campfire_rested":0,"item_purchase_floors":[19,19,22,24],"current_hp_per_floor":[78,78,77,77,77,77,61,47,47,57,40,30,30,44,44,31,103,97,97,91,91,91,62,62,0],"gold":42,"neow_bonus":"TEN_PERCENT_HP_BONUS","is_prod":false,"is_daily":false,"chose_seed":false,"campfire_upgraded":2,"win_rate":0.0,"timestamp":1550427432,"path_taken":["M","?","M","M","?","R","E","?","T","?","M","?","?","?","R","BOSS","M","?","?","?","?","E","$","E"],"build_version":"2019-01-23","purchased_purges":0,"victory":false,"max_hp_per_floor":[82,82,82,82,82,82,89,89,89,89,89,89,89,103,103,103,103,103,103,103,103,103,103,103,103],"card_choices":[{"not_picked":["Barrage","Lockon"],"picked":"Conserve Battery","floor":1},{"not_picked":["Rebound","Beam Cell"],"picked":"Cold Snap","floor":3},{"not_picked":["Beam Cell","Cold Snap"],"picked":"Static Discharge","floor":4},{"not_picked":["Sweeping Beam","Leap"],"picked":"Storm","floor":7},{"not_picked":["Go for the Eyes","Multi-Cast"],"picked":"White Noise","floor":8},{"not_picked":["Rebound","Aggregate"],"picked":"Reprogram","floor":10},{"not_picked":["Barrage","Coolheaded"],"picked":"Ball Lightning","floor":11},{"not_picked":["Cold Snap","Consume"],"picked":"Defragment","floor":12},{"not_picked":["Thunder Strike","Biased Cognition","Rainbow"],"picked":"Amplify","floor":16},{"not_picked":["Glacier","Coolheaded","Stack"],"picked":"Ball Lightning","floor":18},{"not_picked":["Stack","Coolheaded+1","Skim"],"picked":"Capacitor","floor":20},{"not_picked":["Cold Snap","Fission","Coolheaded"],"picked":"Hologram","floor":23}],"player_experience":7998,"relics_obtained":[{"floor":7,"key":"Strawberry"},{"floor":9,"key":"Boot"},{"floor":12,"key":"Question Card"},{"floor":23,"key":"Anchor"}],"event_choices":[{"damage_healed":0,"gold_gain":0,"player_choice":"Bought 2 Potions","damage_taken":0,"max_hp_gain":0,"max_hp_loss":0,"event_name":"The Woman in Blue","floor":2,"gold_loss":0},{"damage_healed":0,"gold_gain":0,"player_choice":"Searched \u00272\u0027 times","damage_taken":0,"max_hp_gain":0,"max_hp_loss":0,"event_name":"Dead Adventurer","floor":12,"gold_loss":0},{"damage_healed":0,"gold_gain":0,"player_choice":"Ignored","damage_taken":0,"max_hp_gain":0,"max_hp_loss":0,"event_name":"Golden Wing","floor":13,"gold_loss":0},{"damage_healed":0,"gold_gain":0,"player_choice":"Gave Potion","damage_taken":0,"relics_obtained":["Mango"],"max_hp_gain":0,"max_hp_loss":0,"event_name":"WeMeetAgain","floor":14,"gold_loss":0},{"damage_healed":0,"gold_gain":0,"player_choice":"Traded Relic","damage_taken":0,"relics_obtained":["Nloth\u0027s Gift"],"max_hp_gain":0,"max_hp_loss":0,"event_name":"N\u0027loth","floor":21,"relics_lost":["Cracked Core"],"gold_loss":0}],"is_beta":false,"boss_relics":[{"not_picked":["Eternal Feather","Orrery"],"picked":"Nuclear Battery"}],"items_purged_floors":[],"is_endless":false,"potions_floor_spawned":[3,7,8,10,16,20],"killed_by":"Gremlin Leader","ascension_level":0}