{"gold_per_floor":[110,130,130,130,148,148,176,176,246,6,6,37,37,52,52,175,175,190,315,365,43,58,82,82,102,102,102,28,47,47,68,68,198,198,217,242,167,181,181,206,206,221,248,271,271,396,415,431,431,431,431,431,146,189,189],"floor_reached":56,"playtime":4648,"items_purged":["Injury"],"score":1163,"play_id":"34d3f389-ceb9-4c64-9c95-d3050d8af57a","local_time":"20190508204921","is_ascension_mode":false,"campfire_choices":[{"floor":6.0,"key":"RECALL"},{"floor":8.0,"key":"REST"},{"floor":13.0,"key":"REST"},{"data":"Apotheosis","floor":15.0,"key":"SMITH"},{"data":"1","floor":24.0,"key":"LIFT"},{"data":"2","floor":27.0,"key":"LIFT"},{"data":"3","floor":32.0,"key":"LIFT"},{"floor":41.0,"key":"REST"},{"floor":45.0,"key":"REST"},{"data":"Madness","floor":49.0,"key":"SMITH"},{"data":"Footwork","floor":52.0,"key":"SMITH"}],"neow_cost":"NONE","seed_source_timestamp":0,"circlet_count":0,"master_deck":["Defend_G","Defend_G","Defend_G","Defend_G","Defend_G","Strike_G","Strike_G","Strike_G","Strike_G","Strike_G","Survivor","Neutralize","Dodge and Roll","Deadly Poison","Footwork+1","Deadly Poison","Apotheosis+1","Blur","Heel Hook","Crippling Poison","Crippling Poison","Malaise","Quick Slash","Outmaneuver","Footwork","Backflip","Bane","Predator+1","Venomology","Noxious Fumes","Well Laid Plans+1","Sucker Punch","Backflip","Noxious Fumes+1","Backflip","Envenom","Riddle With Holes+1","Dagger Spray+1","Madness+1","Madness","Malaise","Backflip","Dash","Dagger Spray+1","Parasite","Backflip+1","Noxious Fumes+1","Backflip"],"special_seed":0,"relics":["Ring of the Snake","Dream Catcher","Shuriken","Pantograph","Golden Idol","Meat on the Bone","Velvet Choker","Girya","Letter Opener","Chemical X","Kunai","Orrery","Dead Branch","Sling","Orichalcum"],"potions_floor_usage":[55,55],"damage_taken":[{"damage":0.0,"enemies":"2 Louse","floor":1.0,"turns":2.0},{"damage":3.0,"enemies":"Jaw Worm","floor":2.0,"turns":8.0},{"damage":0.0,"enemies":"Cultist","floor":5.0,"turns":4.0},{"damage":51.0,"enemies":"Lagavulin","floor":7.0,"turns":9.0},{"damage":26.0,"enemies":"Gremlin Nob","floor":12.0,"turns":6.0},{"damage":8.0,"enemies":"Red Slaver","floor":14.0,"turns":5.0},{"damage":8.0,"enemies":"The Guardian","floor":16.0,"turns":10.0},{"damage":3.0,"enemies":"3 Byrds","floor":18.0,"turns":6.0},{"damage":31.0,"enemies":"Colosseum Slavers","floor":19.0,"turns":5.0},{"damage":3.0,"enemies":"Colosseum Nobs","floor":19.0,"turns":6.0},{"damage":0.0,"enemies":"Shell Parasite","floor":22.0,"turns":5.0},{"damage":1.0,"enemies":"Centurion and Healer","floor":23.0,"turns":7.0},{"damage":0.0,"enemies":"3 Cultists","floor":25.0,"turns":6.0},{"damage":0.0,"enemies":"Snake Plant","floor":29.0,"turns":5.0},{"damage":0.0,"enemies":"Cultist and Chosen","floor":30.0,"turns":1.0},{"damage":6.0,"enemies":"Snecko","floor":31.0,"turns":5.0},{"damage":27.0,"enemies":"Champ","floor":33.0,"turns":10.0},{"damage":0.0,"enemies":"3 Shapes","floor":35.0,"turns":6.0},{"damage":2.0,"enemies":"3 Darklings","floor":36.0,"turns":5.0},{"damage":13.0,"enemies":"Transient","floor":38.0,"turns":5.0},{"damage":24.0,"enemies":"Jaw Worm Horde","floor":40.0,"turns":3.0},{"damage":4.0,"enemies":"3 Darklings","floor":42.0,"turns":6.0},{"damage":6.0,"enemies":"Transient","floor":44.0,"turns":5.0},{"damage":0.0,"enemies":"Mind Bloom Boss Battle","floor":46.0,"turns":6.0},{"damage":2.0,"enemies":"Writhing Mass","floor":47.0,"turns":7.0},{"damage":10.0,"enemies":"Sphere and 2 Shapes","floor":48.0,"turns":5.0},{"damage":72.0,"enemies":"Donu and Deca","floor":50.0,"turns":10.0},{"damage":40.0,"enemies":"Shield and Spear","floor":54.0,"turns":7.0},{"damage":59,"enemies":"The Heart","floor":55,"turns":13}],"seed_played":"7083385571185213010","potions_obtained":[{"floor":2.0,"key":"SpeedPotion"},{"floor":12.0,"key":"Ancient Potion"},{"floor":14.0,"key":"Block Potion"},{"floor":16.0,"key":"SkillPotion"},{"floor":22.0,"key":"Swift Potion"},{"floor":31.0,"key":"Swift Potion"},{"floor":33.0,"key":"PowerPotion"},{"floor":38.0,"key":"Block Potion"},{"floor":42.0,"key":"SkillPotion"}],"is_trial":false,"path_per_floor":["M","M","?","?","M","R","E","R","T","$","?","E","R","M","R","B",null,"M","?","?","$","M","M","R","M","T","R","$","M","M","M","R","B",null,"M","M","$","M","?","M","R","M","T","M","R","?","M","M","R","B",null,"R","$","E","B",null],"character_chosen":"THE_SILENT","items_purchased":["Apotheosis","Blur","Footwork","Backflip","Chemical X","Noxious Fumes","AttackPotion","Sling","Backflip"],"campfire_rested":4,"item_purchase_floors":[10,10,21,21,21,28,53,53,53],"current_hp_per_floor":[77,74,74,67,67,67,16,39,39,39,39,13,36,40,40,57,77,74,40,40,40,40,39,39,39,39,39,39,39,39,45,45,43,77,77,75,75,62,52,40,63,59,59,53,76,77,75,65,65,17,77,77,77,49,27],"gold":189,"neow_bonus":"TEN_PERCENT_HP_BONUS","is_prod":false,"is_daily":false,"chose_seed":false,"campfire_upgraded":3,"win_rate":0,"timestamp":1557366561,"path_taken":["M","M","?","?","M","R","E","R","T","$","?","E","R","M","R","BOSS","M","?","?","$","M","?","R","M","T","R","?","M","M","M","R","BOSS","M","M","$","M","?","M","R","M","T","M","R","?","M","M","R","BOSS","R","$","E","BOSS"],"build_version":"2019-01-23","purchased_purges":1,"victory":true,"max_hp_per_floor":[77,77,77,77,77,77,77,77,77,77,77,77,77,77,77,77,77,77,77,77,77,77,77,77,77,77,77,77,77,77,77,77,77,77,77,77,77,77,77,77,77,77,77,77,77,77,77,77,77,77,77,77,77,77,77],"card_choices":[{"not_picked":["PiercingWail","Concentrate"],"picked":"Dodge and Roll","floor":1.0},{"not_picked":["Escape Plan","Slice","Deflect"],"picked":"SKIP","floor":2.0},{"not_picked":["Acrobatics","Dodge and Roll"],"picked":"Deadly Poison","floor":5.0},{"not_picked":["Underhanded Strike","Backflip"],"picked":"Footwork","floor":7.0},{"not_picked":["Heel Hook","Flying Knee"],"picked":"Deadly Poison","floor":8.0},{"not_picked":["Escape Plan","Calculated Gamble"],"picked":"Heel Hook","floor":12.0},{"not_picked":["Cloak And Dagger","Bane"],"picked":"Crippling Poison","floor":13.0},{"not_picked":["Caltrops","Concentrate"],"picked":"Crippling Poison","floor":14.0},{"not_picked":["Die Die Die","Venomology"],"picked":"Malaise","floor":16.0},{"not_picked":["Underhanded Strike","Reflex+1"],"picked":"Quick Slash","floor":18.0},{"not_picked":["Underhanded Strike","Blade Dance"],"picked":"Outmaneuver","floor":19.0},{"not_picked":["Masterful Stab","Blade Dance+1"],"picked":"Bane","floor":22.0},{"not_picked":["Acrobatics","Dodge and Roll"],"picked":"Predator+1","floor":23.0},{"not_picked":["Expertise","Underhanded Strike"],"picked":"Venomology","floor":25.0},{"not_picked":["PiercingWail","Bane"],"picked":"Well Laid Plans+1","floor":29.0},{"not_picked":["Quick Slash","Deflect","Caltrops"],"picked":"SKIP","floor":31.0},{"not_picked":["Deadly Poison","Crippling Poison"],"picked":"Sucker Punch","floor":34.0},{"not_picked":["Underhanded Strike","Reflex+1"],"picked":"Backflip","floor":34.0},{"not_picked":["Finisher","Flying Knee+1"],"picked":"Noxious Fumes+1","floor":34.0},{"not_picked":["Backstab+1","Riddle With Holes"],"picked":"Backflip","floor":34.0},{"not_picked":["Cloak And Dagger+1","Outmaneuver"],"picked":"Envenom","floor":34.0},{"not_picked":["Setup+1","Dagger Spray+1"],"picked":"Riddle With Holes+1","floor":35.0},{"not_picked":["Finisher","Dagger Spray+1","Bane"],"picked":"SKIP","floor":36.0},{"not_picked":["Setup+1","Crippling Poison"],"picked":"Dagger Spray+1","floor":38.0},{"not_picked":["Cloak And Dagger","All Out Attack+1","Dagger Spray"],"picked":"SKIP","floor":40.0},{"not_picked":["Cloak And Dagger","Backflip+1"],"picked":"Malaise","floor":41.0},{"not_picked":["Deadly Poison","Poisoned Stab+1"],"picked":"Backflip","floor":42.0},{"not_picked":["Flechettes","Acrobatics","Underhanded Strike"],"picked":"SKIP","floor":44.0},{"not_picked":["All Out Attack","Deflect"],"picked":"Dash","floor":45.0},{"not_picked":["Prepared+1","Eviscerate+1"],"picked":"Dagger Spray+1","floor":46.0},{"not_picked":["Blur","Flying Knee"],"picked":"Backflip+1","floor":47.0},{"not_picked":["Cloak And Dagger+1","Bane"],"picked":"Noxious Fumes+1","floor":48.0},{"not_picked":["Underhanded Strike","Deflect","Infinite Blades"],"picked":"SKIP","floor":54.0}],"player_experience":275829,"relics_obtained":[{"floor":7.0,"key":"Shuriken"},{"floor":9.0,"key":"Pantograph"},{"floor":12.0,"key":"Meat on the Bone"},{"floor":19.0,"key":"Girya"},{"floor":19.0,"key":"Letter Opener"},{"floor":26.0,"key":"Kunai"},{"floor":46.0,"key":"Dead Branch"},{"floor":54.0,"key":"Orichalcum"}],"event_choices":[{"damage_healed":0.0,"max_hp_gain":0.0,"max_hp_loss":0.0,"gold_gain":0.0,"event_name":"Golden Wing","player_choice":"Ignored","floor":3.0,"gold_loss":0.0,"damage_taken":0.0},{"damage_healed":0.0,"max_hp_gain":0.0,"max_hp_loss":0.0,"gold_gain":0.0,"event_name":"Scrap Ooze","player_choice":"Success","floor":4.0,"gold_loss":0.0,"damage_taken":7.0,"relics_obtained":["Dream Catcher"]},{"damage_healed":0.0,"max_hp_gain":0.0,"max_hp_loss":0.0,"gold_gain":0.0,"event_name":"Golden Idol","player_choice":"Take Wound","floor":11.0,"gold_loss":0.0,"damage_taken":0.0,"relics_obtained":["Golden Idol"],"cards_obtained":["Injury"]},{"damage_healed":0.0,"max_hp_gain":0.0,"max_hp_loss":0.0,"gold_gain":0.0,"event_name":"Colosseum","player_choice":"Fight","floor":19.0,"gold_loss":0.0,"damage_taken":0.0},{"damage_healed":0.0,"max_hp_gain":0.0,"max_hp_loss":0.0,"gold_gain":0.0,"event_name":"Colosseum","player_choice":"Fought Nobs","floor":19.0,"gold_loss":0.0,"damage_taken":0.0},{"damage_healed":0.0,"max_hp_gain":0.0,"max_hp_loss":0.0,"gold_gain":100.0,"event_name":"The Joust","player_choice":"Bet on Murderer","floor":20.0,"gold_loss":50.0,"damage_taken":0.0},{"damage_healed":0.0,"max_hp_gain":0.0,"max_hp_loss":0.0,"gold_gain":0.0,"event_name":"Winding Halls","player_choice":"Embrace Madness","floor":39.0,"gold_loss":0.0,"damage_taken":10.0,"cards_obtained":["Madness","Madness"]},{"damage_healed":0.0,"max_hp_gain":0.0,"max_hp_loss":0.0,"gold_gain":0.0,"event_name":"MindBloom","player_choice":"Fight","floor":46.0,"gold_loss":0.0,"damage_taken":0.0}],"is_beta":false,"boss_relics":[{"not_picked":["Black Star","Lizard Tail"],"picked":"Velvet Choker"},{"not_picked":["Sozu","Cursed Key"],"picked":"Orrery"}],"items_purged_floors":[37],"is_endless":false,"potions_floor_spawned":[2,12,14,16,18,22,31,33,35,38,42,46,47],"ascension_level":0}