{"gold_per_floor":[119,119,69,69,69,69,101,111,111,128,51,84,100,120,120,218,218,236,62,73,73,92,92,120,120,174,205,216,234,234,286,286,389,389,407,41,86,98,122,122,28,28,28,28,52,66,66,100,100,100,100,100,14,39,39],"floor_reached":55,"playtime":2635,"items_purged":[],"score":1013,"play_id":"c281f172-b854-4540-a37c-3ef386115205","local_time":"20190403211307","is_ascension_mode":true,"campfire_choices":[{"data":"Zap","floor":6,"key":"SMITH"},{"data":"Redo","floor":15,"key":"SMITH"},{"floor":23,"key":"REST"},{"data":"Amplify","floor":25,"key":"SMITH"},{"floor":32,"key":"REST"},{"floor":40,"key":"REST"},{"floor":42,"key":"REST"},{"floor":49,"key":"RECALL"},{"floor":52,"key":"REST"}],"neow_cost":"NONE","seed_source_timestamp":1857181751267352,"circlet_count":0,"master_deck":["Strike_B","Strike_B","Defend_B","Defend_B","Defend_B","Zap+1","Dualcast","Genetic Algorithm+1","Reinforced Body","Redo+1","Rip and Tear+1","Capacitor","Biased Cognition+1","FTL","Storm+1","Amplify+1","Panache+1","Stack","Fusion","Steam Power","Beam Cell+1","Hello World+1","Double Energy","Consume+1","Echo Form+1","Cold Snap+1","Apotheosis","Redo+1","Undo+1","Mayhem+1","Discovery","Swift Strike","Tempest+1","Leap","Recycle+1"],"relics":["Cracked Core","PreservedInsect","Gremlin Horn","Letter Opener","Symbiotic Virus","Frozen Egg 2","Busted Crown","Ginger","Emotion Chip","Vajra","Inserter","Membership Card","Omamori","Gambling Chip","Whetstone","Darkstone Periapt","Orichalcum","Blue Candle","Pen Nib"],"potions_floor_usage":[16,24,24,27,37,37,50,55,55],"damage_taken":[{"damage":4,"enemies":"Jaw Worm","floor":1,"turns":4},{"damage":14,"enemies":"3 Sentries","floor":7,"turns":5},{"damage":0,"enemies":"2 Louse","floor":8,"turns":2},{"damage":7,"enemies":"Small Slimes","floor":10,"turns":2},{"damage":10,"enemies":"Lagavulin","floor":12,"turns":5},{"damage":2,"enemies":"3 Louse","floor":13,"turns":3},{"damage":3,"enemies":"Large Slime","floor":14,"turns":4},{"damage":10,"enemies":"Hexaghost","floor":16,"turns":5},{"damage":6,"enemies":"Spheric Guardian","floor":18,"turns":3},{"damage":7,"enemies":"Shell Parasite","floor":20,"turns":3},{"damage":0,"enemies":"Sentry and Sphere","floor":22,"turns":3},{"damage":4,"enemies":"Slavers","floor":24,"turns":3},{"damage":0,"enemies":"Book of Stabbing","floor":27,"turns":2},{"damage":0,"enemies":"3 Cultists","floor":28,"turns":3},{"damage":5,"enemies":"Snecko","floor":29,"turns":3},{"damage":57,"enemies":"Champ","floor":33,"turns":8},{"damage":15,"enemies":"3 Shapes","floor":35,"turns":4},{"damage":40,"enemies":"2 Orb Walkers","floor":37,"turns":4},{"damage":7,"enemies":"Orb Walker","floor":38,"turns":3},{"damage":0,"enemies":"Maw","floor":46,"turns":4},{"damage":0,"enemies":"Giant Head","floor":48,"turns":6},{"damage":42,"enemies":"Donu and Deca","floor":50,"turns":5},{"damage":27,"enemies":"Shield and Spear","floor":54,"turns":3},{"damage":65,"enemies":"The Heart","floor":55,"turns":2}],"seed_played":"-5920322466949328857","potions_obtained":[{"floor":8,"key":"Ancient Potion"},{"floor":12,"key":"Weak Potion"},{"floor":13,"key":"SkillPotion"},{"floor":16,"key":"FearPotion"},{"floor":20,"key":"SpeedPotion"},{"floor":22,"key":"PowerPotion"},{"floor":24,"key":"Regen Potion"},{"floor":33,"key":"PowerPotion"},{"floor":46,"key":"LiquidBronze"}],"is_trial":false,"path_per_floor":["M","?","?","?","?","R","E","M","T","M","$","E","M","M","R","B",null,"M","$","M","?","M","R","E","R","T","E","M","M","?","T","R","B",null,"M","$","?","M","T","R","$","R","T","?","T","M","?","E","R","B",null,"R","$","E","B"],"character_chosen":"DEFECT","items_purchased":["Capacitor","Panache+1","Membership Card","Omamori","Apotheosis","Mayhem+1","Regen Potion","Strength Potion","Leap"],"campfire_rested":5,"item_purchase_floors":[11,19,36,36,36,41,53,53,53],"current_hp_per_floor":[64,64,64,64,57,57,43,43,43,36,36,26,24,21,21,11,59,53,53,46,46,46,68,64,64,64,64,64,59,45,45,69,12,63,48,48,20,13,13,37,37,61,61,80,80,80,70,70,70,28,67,80,80,53,0],"gold":39,"neow_bonus":"RANDOM_COMMON_RELIC","is_prod":false,"is_daily":false,"chose_seed":false,"campfire_upgraded":3,"win_rate":0,"timestamp":1554351187,"path_taken":["M","?","?","?","?","R","E","M","T","M","?","E","M","M","R","BOSS","M","$","M","?","M","R","E","R","T","E","M","M","?","?","R","BOSS","M","$","?","M","?","R","?","R","T","?","?","?","?","E","R","BOSS","R","$","E","BOSS"],"build_version":"2019-01-23","purchased_purges":0,"victory":false,"max_hp_per_floor":[75,75,75,75,75,75,75,75,75,75,75,75,75,75,75,75,75,75,75,75,75,75,75,75,75,75,75,75,75,80,80,80,80,80,80,80,80,80,80,80,80,80,80,80,80,80,80,80,80,80,80,80,80,80,80],"card_choices":[{"not_picked":["Conserve Battery","Hologram"],"picked":"Genetic Algorithm","floor":1},{"not_picked":["Gash","Compile Driver"],"picked":"Reinforced Body","floor":7},{"not_picked":["Tempest","Genetic Algorithm"],"picked":"Redo","floor":8},{"not_picked":["Hello World","Cold Snap"],"picked":"Rip and Tear","floor":10},{"not_picked":["Consume","Electrodynamics"],"picked":"Biased Cognition","floor":12},{"not_picked":["Steam","Sweeping Beam"],"picked":"FTL","floor":13},{"not_picked":["Scrape","Ball Lightning"],"picked":"Storm+1","floor":14},{"not_picked":["Meteor Strike","Rainbow"],"picked":"Amplify","floor":16},{"not_picked":["Hologram"],"picked":"SKIP","floor":18},{"not_picked":[],"picked":"Stack","floor":20},{"not_picked":[],"picked":"Beam Cell+1","floor":22},{"not_picked":[],"picked":"Hello World+1","floor":24},{"not_picked":[],"picked":"Double Energy","floor":27},{"not_picked":[],"picked":"Consume+1","floor":28},{"not_picked":["Streamline"],"picked":"SKIP","floor":29},{"not_picked":[],"picked":"Echo Form+1","floor":33},{"not_picked":[],"picked":"Cold Snap","floor":35},{"not_picked":[],"picked":"Redo+1","floor":37},{"not_picked":[],"picked":"Undo+1","floor":38},{"not_picked":["Fusion"],"picked":"SKIP","floor":46},{"not_picked":[],"picked":"Discovery","floor":47},{"not_picked":[],"picked":"Swift Strike","floor":47},{"not_picked":[],"picked":"Tempest+1","floor":48},{"not_picked":[],"picked":"Recycle+1","floor":54}],"player_experience":515682,"relics_obtained":[{"floor":7,"key":"Letter Opener"},{"floor":9,"key":"Symbiotic Virus"},{"floor":12,"key":"Frozen Egg 2"},{"floor":24,"key":"Ginger"},{"floor":27,"key":"Emotion Chip"},{"floor":31,"key":"Vajra"},{"floor":37,"key":"Gambling Chip"},{"floor":39,"key":"Whetstone"},{"floor":43,"key":"Darkstone Periapt"},{"floor":45,"key":"Orichalcum"},{"floor":48,"key":"Blue Candle"},{"floor":54,"key":"Pen Nib"}],"event_choices":[{"damage_healed":0,"gold_gain":0,"player_choice":"Grow","damage_taken":0,"max_hp_gain":0,"max_hp_loss":0,"event_name":"Living Wall","floor":2,"gold_loss":0,"cards_upgraded":["Genetic Algorithm"]},{"cards_removed":["Defend_B"],"damage_healed":0,"gold_gain":0,"player_choice":"Card Removal","damage_taken":0,"max_hp_gain":0,"max_hp_loss":0,"event_name":"The Cleric","floor":3,"gold_loss":50},{"damage_healed":0,"gold_gain":0,"player_choice":"Box","damage_taken":0,"relics_obtained":["Gremlin Horn"],"max_hp_gain":0,"max_hp_loss":0,"event_name":"Big Fish","floor":4,"gold_loss":0,"cards_obtained":["Regret"]},{"cards_removed":["Regret"],"damage_healed":0,"gold_gain":0,"player_choice":"Card Removal","damage_taken":7,"max_hp_gain":0,"max_hp_loss":0,"event_name":"Golden Wing","floor":5,"gold_loss":0},{"damage_healed":0,"gold_gain":0,"cards_transformed":["Strike_B","Strike_B"],"player_choice":"Became Test Subject","damage_taken":0,"max_hp_gain":0,"max_hp_loss":0,"event_name":"Drug Dealer","floor":21,"gold_loss":0,"cards_obtained":["Fusion","Steam Power"]},{"damage_healed":0,"gold_gain":0,"player_choice":"Shed Blood","damage_taken":19,"max_hp_gain":5,"max_hp_loss":0,"event_name":"Forgotten Altar","floor":30,"gold_loss":0},{"damage_healed":0,"gold_gain":0,"player_choice":"Fight","damage_taken":0,"max_hp_gain":0,"max_hp_loss":0,"event_name":"Mysterious Sphere","floor":37,"gold_loss":0},{"damage_healed":20,"gold_gain":0,"player_choice":"Writhe","damage_taken":0,"max_hp_gain":0,"max_hp_loss":0,"event_name":"Winding Halls","floor":44,"gold_loss":0,"cards_obtained":["Writhe"]},{"damage_healed":0,"gold_gain":0,"player_choice":"Memory 3","damage_taken":10,"max_hp_gain":0,"max_hp_loss":0,"event_name":"SensoryStone","floor":47,"gold_loss":0}],"is_beta":false,"boss_relics":[{"not_picked":["Eternal Feather","Cursed Key"],"picked":"Busted Crown"},{"not_picked":["Pandora\u0027s Box","White Beast Statue"],"picked":"Inserter"}],"items_purged_floors":[],"is_endless":false,"potions_floor_spawned":[8,12,13,16,20,22,24,33,46],"killed_by":"The Heart","ascension_level":6}