{"gold_per_floor":[367,380,380,380,390,390,415,415,484,484,510,411,431,461,461,538,538,555,37,47,47,60,60,94,104,155,155,185,203,222,222,222,299,299,314,324,36,36,91,124,137,165,165,37,47,73,73,49,49,49,49,49,49,49,76,76],"floor_reached":57,"playtime":3577,"items_purged":["Strike_B","Defend_B","Defend_B"],"score":3321,"play_id":"7cc729bf-9af0-4026-9b0e-9d41a48dc09f","local_time":"20190430190624","is_ascension_mode":true,"campfire_choices":[{"data":"Chaos","floor":6.0,"key":"SMITH"},{"data":"Zap","floor":8.0,"key":"SMITH"},{"data":"Dualcast","floor":10.0,"key":"SMITH"},{"data":"Coolheaded","floor":15.0,"key":"SMITH"},{"data":"Multi-Cast","floor":23.0,"key":"SMITH"},{"data":"Recycle","floor":32.0,"key":"SMITH"},{"data":"Consume","floor":47.0,"key":"SMITH"},{"floor":49.0,"key":"RECALL"},{"data":"Heatsinks","floor":53.0,"key":"SMITH"}],"neow_cost":"PERCENT_DAMAGE","seed_source_timestamp":499121356208446,"circlet_count":0,"master_deck":["AscendersBane","Defend_B","Zap+1","Dualcast+1","Ball Lightning","Chaos+1","Biased Cognition","Compile Driver","Undo+1","All For One","Coolheaded+1","Self Repair","BootSequence","Multi-Cast+1","Go for the Eyes+1","Coolheaded+1","Meteor Strike+1","Turbo+1","Loop","Cold Snap","Hologram+1","Undo+1","Recycle+1","Redo+1","Reprogram","Echo Form","Hologram","Turbo+1","Consume+1","Machine Learning","Heatsinks+1","Blizzard","Capacitor","Blizzard+1","Coolheaded+1","Hologram","Skim"],"special_seed":0,"relics":["Cracked Core","Regal Pillow","Meat on the Bone","Question Card","FossilizedHelix","Astrolabe","Pocketwatch","Pen Nib","Happy Flower","War Paint","Inserter","DataDisk","Prayer Wheel","Anchor","Bag of Preparation","Du-Vu Doll","Bottled Flame"],"potions_floor_usage":[56],"damage_taken":[{"damage":0.0,"enemies":"Cultist","floor":1.0,"turns":3.0},{"damage":7.0,"enemies":"Small Slimes","floor":2.0,"turns":3.0},{"damage":2.0,"enemies":"Jaw Worm","floor":5.0,"turns":2.0},{"damage":4.0,"enemies":"Lagavulin","floor":7.0,"turns":5.0},{"damage":20.0,"enemies":"3 Sentries","floor":11.0,"turns":6.0},{"damage":0.0,"enemies":"Red Slaver","floor":13.0,"turns":3.0},{"damage":14.0,"enemies":"Gremlin Nob","floor":14.0,"turns":3.0},{"damage":0.0,"enemies":"The Guardian","floor":16.0,"turns":7.0},{"damage":17.0,"enemies":"Chosen","floor":18.0,"turns":6.0},{"damage":21.0,"enemies":"3 Byrds","floor":20.0,"turns":6.0},{"damage":11.0,"enemies":"3 Cultists","floor":22.0,"turns":5.0},{"damage":21.0,"enemies":"Slavers","floor":24.0,"turns":5.0},{"damage":0.0,"enemies":"Centurion and Healer","floor":25.0,"turns":4.0},{"damage":0.0,"enemies":"Gremlin Leader","floor":28.0,"turns":8.0},{"damage":0.0,"enemies":"Snecko","floor":29.0,"turns":3.0},{"damage":13.0,"enemies":"3 Cultists","floor":30.0,"turns":5.0},{"damage":0.0,"enemies":"Automaton","floor":33.0,"turns":9.0},{"damage":12.0,"enemies":"3 Shapes","floor":35.0,"turns":6.0},{"damage":0.0,"enemies":"Orb Walker","floor":36.0,"turns":4.0},{"damage":29.0,"enemies":"2 Orb Walkers","floor":39.0,"turns":5.0},{"damage":0.0,"enemies":"Nemesis","floor":40.0,"turns":7.0},{"damage":0.0,"enemies":"Jaw Worm Horde","floor":41.0,"turns":2.0},{"damage":32.0,"enemies":"Reptomancer","floor":42.0,"turns":7.0},{"damage":0.0,"enemies":"3 Darklings","floor":45.0,"turns":4.0},{"damage":11.0,"enemies":"Nemesis","floor":46.0,"turns":6.0},{"damage":0.0,"enemies":"Donu and Deca","floor":50.0,"turns":8.0},{"damage":25.0,"enemies":"Time Eater","floor":51.0,"turns":9.0},{"damage":30.0,"enemies":"Shield and Spear","floor":55.0,"turns":6.0},{"damage":54,"enemies":"The Heart","floor":56,"turns":10}],"seed_played":"-5217949165678599417","potions_obtained":[{"floor":1.0,"key":"Ancient Potion"},{"floor":5.0,"key":"SkillPotion"},{"floor":16.0,"key":"FearPotion"},{"floor":20.0,"key":"Explosive Potion"},{"floor":25.0,"key":"SkillPotion"},{"floor":35.0,"key":"Block Potion"},{"floor":46.0,"key":"LiquidBronze"}],"is_trial":false,"path_per_floor":["M","M","?","?","M","R","E","R","T","R","E","$","M","E","R","B",null,"M","$","M","?","M","R","E","M","T","?","E","M","M","?","R","B",null,"M","M","$","?","?","E","M","E","T","$","M","E","R","$","R","B","B",null,"R","$","E","B",null],"character_chosen":"DEFECT","items_purchased":["Coolheaded","Pocketwatch","Loop","DataDisk","Blizzard","Capacitor","Hologram"],"campfire_rested":0,"item_purchase_floors":[12,19,19,37,44,44,48],"current_hp_per_floor":[46,39,39,71,69,69,65,65,65,65,45,45,45,43,43,50,66,56,56,47,47,43,43,41,48,48,48,55,62,56,56,56,56,67,62,62,62,62,59,66,66,48,48,48,55,51,51,51,51,58,52,63,63,63,59,24],"gold":76,"neow_bonus":"TWO_FIFTY_GOLD","is_prod":false,"is_daily":false,"chose_seed":false,"campfire_upgraded":8,"win_rate":0,"timestamp":1556622384,"path_taken":["M","M","?","?","M","R","E","R","T","R","E","$","?","E","R","BOSS","M","$","M","?","?","R","E","M","T","?","E","?","?","?","R","BOSS","M","M","$","?","?","E","M","E","T","?","M","E","R","$","R","BOSS","BOSS","R","$","E","BOSS"],"build_version":"2019-01-23","purchased_purges":3,"victory":true,"max_hp_per_floor":[71,71,71,71,71,71,71,71,71,71,71,71,71,71,71,71,71,71,71,71,71,71,71,71,71,71,71,71,71,71,71,71,71,71,71,71,71,67,67,67,67,67,67,67,67,67,67,67,67,67,67,67,67,67,67,67],"card_choices":[{"not_picked":["Double Energy","Steam"],"picked":"Ball Lightning","floor":1.0},{"not_picked":["Reprogram","Beam Cell"],"picked":"Chaos","floor":2.0},{"not_picked":["Redo","Force Field"],"picked":"Compile Driver","floor":5.0},{"not_picked":["Go for the Eyes","Melter"],"picked":"Undo","floor":7.0},{"not_picked":["Stack","Beam Cell"],"picked":"All For One","floor":11.0},{"not_picked":["Gash","Leap","Steam"],"picked":"Self Repair","floor":13.0},{"not_picked":["Stack","Undo","Auto Shields"],"picked":"BootSequence","floor":14.0},{"not_picked":["Thunder Strike","Hyperbeam","Rainbow"],"picked":"Multi-Cast","floor":16.0},{"not_picked":["Storm","Tempest+1","Stack"],"picked":"Turbo","floor":18.0},{"not_picked":["Sweeping Beam+1","Darkness","Compile Driver"],"picked":"Cold Snap","floor":20.0},{"not_picked":["Sweeping Beam","Leap","Consume","Stack"],"picked":"SKIP","floor":22.0},{"not_picked":["Consume","Scrape","Beam Cell"],"picked":"Hologram","floor":24.0},{"not_picked":["Hologram","Gash","Cold Snap"],"picked":"Undo+1","floor":25.0},{"not_picked":["Meteor Strike","Gash","Conserve Battery+1"],"picked":"Recycle","floor":28.0},{"not_picked":["Stack","Force Field","White Noise"],"picked":"Redo+1","floor":29.0},{"not_picked":["Leap","Ball Lightning","Sweeping Beam"],"picked":"Reprogram","floor":30.0},{"not_picked":["Buffer","Reboot","Amplify"],"picked":"Echo Form","floor":33.0},{"not_picked":["Leap","Cold Snap+1","Beam Cell","Turbo"],"picked":"SKIP","floor":35.0},{"not_picked":["Rebound","Conserve Battery","Go for the Eyes"],"picked":"Hologram","floor":36.0},{"not_picked":["Storm","Coolheaded","Barrage+1"],"picked":"Turbo+1","floor":39.0},{"not_picked":["Streamline","Self Repair","Rip and Tear"],"picked":"Consume","floor":40.0},{"not_picked":["Sweeping Beam","Rebound+1","Consume"],"picked":"Machine Learning","floor":41.0},{"not_picked":["Conserve Battery","Self Repair","Steam","Streamline"],"picked":"SKIP","floor":41.0},{"not_picked":["Barrage","Coolheaded+1","Force Field+1"],"picked":"Heatsinks","floor":42.0},{"not_picked":["Recycle","Chill","Sweeping Beam"],"picked":"Blizzard+1","floor":45.0},{"not_picked":["Hologram","Barrage","Scrape+1","Coolheaded+1"],"picked":"SKIP","floor":45.0},{"not_picked":["Hologram","Barrage","Scrape+1"],"picked":"Coolheaded+1","floor":45.0},{"not_picked":["Thunder Strike","Redo","Scrape","Gash"],"picked":"SKIP","floor":46.0},{"not_picked":["Ball Lightning","Redo","Coolheaded+1"],"picked":"Skim","floor":55.0}],"player_experience":1521080,"relics_obtained":[{"floor":7.0,"key":"Regal Pillow"},{"floor":9.0,"key":"Meat on the Bone"},{"floor":11.0,"key":"Question Card"},{"floor":14.0,"key":"FossilizedHelix"},{"floor":24.0,"key":"Pen Nib"},{"floor":26.0,"key":"Happy Flower"},{"floor":28.0,"key":"War Paint"},{"floor":39.0,"key":"Prayer Wheel"},{"floor":40.0,"key":"Anchor"},{"floor":42.0,"key":"Bag of Preparation"},{"floor":46.0,"key":"Du-Vu Doll"},{"floor":55.0,"key":"Bottled Flame"}],"event_choices":[{"damage_healed":0.0,"max_hp_gain":0.0,"max_hp_loss":0.0,"gold_gain":0.0,"cards_transformed":["Strike_B"],"event_name":"Living Wall","player_choice":"Change","floor":3.0,"gold_loss":0.0,"damage_taken":0.0,"cards_obtained":["Biased Cognition"]},{"damage_healed":32.0,"max_hp_gain":0.0,"max_hp_loss":0.0,"gold_gain":0.0,"event_name":"Wheel of Change","player_choice":"Full Heal","floor":4.0,"gold_loss":0.0,"damage_taken":0.0},{"damage_healed":0.0,"max_hp_gain":0.0,"max_hp_loss":0.0,"gold_gain":0.0,"event_name":"Upgrade Shrine","player_choice":"Upgraded","floor":21.0,"gold_loss":0.0,"damage_taken":0.0,"cards_upgraded":["Turbo"]},{"damage_healed":0.0,"max_hp_gain":0.0,"max_hp_loss":0.0,"gold_gain":0.0,"event_name":"N\u0027loth","player_choice":"Ignored","floor":27.0,"gold_loss":0.0,"damage_taken":0.0},{"damage_healed":0.0,"max_hp_gain":0.0,"max_hp_loss":0.0,"gold_gain":0.0,"event_name":"Ghosts","player_choice":"Ignored","floor":31.0,"gold_loss":0.0,"damage_taken":0.0},{"damage_healed":0.0,"max_hp_gain":0.0,"max_hp_loss":4.0,"gold_gain":0.0,"event_name":"Winding Halls","player_choice":"Max HP","floor":38.0,"gold_loss":0.0,"damage_taken":0.0},{"damage_healed":0.0,"max_hp_gain":0.0,"max_hp_loss":0.0,"gold_gain":0.0,"event_name":"Mysterious Sphere","player_choice":"Fight","floor":39.0,"gold_loss":0.0,"damage_taken":0.0}],"is_beta":false,"boss_relics":[{"not_picked":["Pandora\u0027s Box","Fusion Hammer"],"picked":"Astrolabe"},{"not_picked":["Eternal Feather","Empty Cage"],"picked":"Inserter"}],"items_purged_floors":[12,19,37],"is_endless":false,"potions_floor_spawned":[1,5,14,16,20,25,28,29,35,39,42,46,55],"ascension_level":20}