{"gold_per_floor":[115,115,125,142,107,135,135,164,164,164,0,10,10,30,30,108,108,128,128,12,32,32,32,32,32,85,85,85,85,104,104],"floor_reached":31,"playtime":799,"items_purged":[],"score":522,"play_id":"51a9eb71-8a20-4d79-b188-58f8179f39ec","local_time":"20181127111819","is_ascension_mode":true,"campfire_choices":[{"data":"Sunder","floor":7.0,"key":"SMITH"},{"data":"Loop","floor":10.0,"key":"SMITH"},{"floor":15.0,"key":"REST"},{"data":"Tempest","floor":23.0,"key":"SMITH"},{"data":"Barrage","floor":25.0,"key":"SMITH"},{"data":"Echo Form","floor":27.0,"key":"SMITH"},{"data":"Beam Cell","floor":29.0,"key":"SMITH"}],"neow_cost":"NONE","seed_source_timestamp":0,"circlet_count":0,"master_deck":["AscendersBane","Zap","Dualcast","Beam Cell","Coolheaded","Loop+1","Echo Form+1","Sunder+1","Glacier","Rip and Tear","Thunder Strike","Amplify","Steam Power","Rebound","Skim","Streamline","Cold Snap","Stack","Beam Cell+1","Chill","Compile Driver","Tempest+1","Barrage+1","Hologram+1","Force Field"],"special_seed":0,"relics":["Cracked Core","NeowsBlessing","Pear","Gremlin Horn","Meat on the Bone","Oddly Smooth Stone","Pandora\u0027s Box","Omamori"],"potions_floor_usage":[31],"damage_taken":[{"damage":0.0,"enemies":"2 Louse","floor":1.0,"turns":1.0},{"damage":0.0,"enemies":"Cultist","floor":3.0,"turns":1.0},{"damage":0.0,"enemies":"Jaw Worm","floor":4.0,"turns":1.0},{"damage":36.0,"enemies":"3 Sentries","floor":6.0,"turns":7.0},{"damage":23.0,"enemies":"Lagavulin","floor":8.0,"turns":6.0},{"damage":3.0,"enemies":"Blue Slaver","floor":12.0,"turns":4.0},{"damage":6.0,"enemies":"2 Fungi Beasts","floor":14.0,"turns":3.0},{"damage":51.0,"enemies":"Hexaghost","floor":16.0,"turns":10.0},{"damage":34.0,"enemies":"2 Thieves","floor":18.0,"turns":5.0},{"damage":9.0,"enemies":"Spheric Guardian","floor":21.0,"turns":3.0},{"damage":0.0,"enemies":"Book of Stabbing","floor":28.0,"turns":1.0},{"damage":29.0,"enemies":"Centurion and Healer","floor":30.0,"turns":4.0},{"damage":32,"enemies":"Snake Plant","floor":31,"turns":2}],"seed_played":"961234969350148703","potions_obtained":[{"floor":4.0,"key":"Explosive Potion"},{"floor":12.0,"key":"Weak Potion"},{"floor":16.0,"key":"Fire Potion"},{"floor":18.0,"key":"FocusPotion"},{"floor":21.0,"key":"SmokeBomb"},{"floor":30.0,"key":"Dexterity Potion"}],"is_trial":false,"path_per_floor":["M","?","M","M","?","E","R","E","T","R","$","M","?","M","R","B",null,"M","?","$","M","?","R","?","R","T","R","E","R","M","M"],"character_chosen":"DEFECT","items_purchased":["Oddly Smooth Stone","Tempest","Barrage"],"campfire_rested":1,"item_purchase_floors":[11,20,20],"current_hp_per_floor":[64,64,64,64,71,45,45,22,22,22,22,31,31,37,61,22,66,44,44,44,47,47,47,47,47,47,47,47,47,30,0],"gold":104,"neow_bonus":"THREE_ENEMY_KILL","is_prod":false,"is_daily":false,"chose_seed":false,"campfire_upgraded":6,"win_rate":0,"timestamp":1543335499,"path_taken":["M","?","M","?","?","E","R","E","T","R","$","M","?","M","R","BOSS","M","?","$","M","?","R","?","R","T","R","E","R","M","?"],"build_version":"2018-11-15","purchased_purges":0,"victory":false,"max_hp_per_floor":[71,71,71,71,71,81,81,81,81,81,81,81,81,81,81,81,81,81,81,81,81,81,81,81,81,81,81,81,81,81,81],"card_choices":[{"not_picked":["Double Energy","Darkness"],"picked":"Beam Cell","floor":1.0},{"not_picked":["Conserve Battery","Gash"],"picked":"Loop","floor":3.0},{"not_picked":["Gash","Steam Power"],"picked":"Echo Form","floor":4.0},{"not_picked":["Go for the Eyes","Gash"],"picked":"Sunder","floor":6.0},{"not_picked":["Sweeping Beam","Ball Lightning"],"picked":"Glacier","floor":8.0},{"not_picked":["Go for the Eyes","Rebound"],"picked":"Rip and Tear","floor":12.0},{"not_picked":["Hologram","Cold Snap"],"picked":"Thunder Strike","floor":14.0},{"not_picked":["Meteor Strike","All For One"],"picked":"Amplify","floor":16.0},{"not_picked":["Doom and Gloom","Streamline"],"picked":"Compile Driver","floor":18.0},{"not_picked":["Gash","Fusion"],"picked":"Hologram+1","floor":21.0},{"not_picked":["Rebound","Genetic Algorithm"],"picked":"Force Field","floor":30.0}],"player_experience":775104,"relics_obtained":[{"floor":6.0,"key":"Pear"},{"floor":8.0,"key":"Gremlin Horn"},{"floor":9.0,"key":"Meat on the Bone"},{"floor":26.0,"key":"Omamori"}],"event_choices":[{"damage_healed":0.0,"max_hp_gain":0.0,"max_hp_loss":0.0,"gold_gain":0.0,"event_name":"Match and Keep!","player_choice":"1 cards matched","floor":2.0,"gold_loss":0.0,"damage_taken":0.0,"cards_obtained":["Coolheaded"]},{"damage_healed":17.0,"max_hp_gain":0.0,"max_hp_loss":0.0,"gold_gain":0.0,"event_name":"The Cleric","player_choice":"Healed","floor":5.0,"gold_loss":35.0,"damage_taken":0.0},{"damage_healed":0.0,"max_hp_gain":0.0,"max_hp_loss":0.0,"gold_gain":0.0,"event_name":"Shining Light","player_choice":"Ignored","floor":13.0,"gold_loss":0.0,"damage_taken":0.0},{"damage_healed":0.0,"max_hp_gain":0.0,"max_hp_loss":0.0,"gold_gain":0.0,"event_name":"Forgotten Altar","player_choice":"Smashed Altar","floor":19.0,"gold_loss":0.0,"damage_taken":0.0,"cards_obtained":["Decay"]},{"damage_healed":0.0,"max_hp_gain":0.0,"max_hp_loss":0.0,"gold_gain":0.0,"event_name":"Beggar","player_choice":"Ignored","floor":22.0,"gold_loss":0.0,"damage_taken":0.0},{"cards_removed":["Decay"],"damage_healed":0.0,"max_hp_gain":0.0,"max_hp_loss":0.0,"gold_gain":0.0,"event_name":"Fountain of Cleansing","player_choice":"Removed Curses","floor":24.0,"gold_loss":0.0,"damage_taken":0.0}],"is_beta":false,"boss_relics":[{"not_picked":["Busted Crown","Ectoplasm"],"picked":"Pandora\u0027s Box"}],"items_purged_floors":[],"is_endless":false,"potions_floor_spawned":[4,12,16,18,21,30],"killed_by":"Snake Plant","ascension_level":20}