{"gold_per_floor":[113,38,38,57,57,57,57,57,57,85,85,96,130,130,130,207,207,219,144,69,169,8,36,36,56,104,104,114,114,114,129,129,202,202,222,238,238,256,273,273,7,27,27,79,111,111,126,159,159,159,159,159,159,34,64,64],"floor_reached":57,"playtime":1638,"items_purged":["Defend_B","Conserve Battery","Defend_B+1"],"score":2922,"play_id":"171031a5-7c49-4296-8933-383ec545f96e","local_time":"20190507173300","is_ascension_mode":true,"campfire_choices":[{"data":"Darkness","floor":6.0,"key":"SMITH"},{"floor":8.0,"key":"REST"},{"data":"Zap","floor":11.0,"key":"SMITH"},{"data":"Fusion","floor":15.0,"key":"SMITH"},{"data":"Consume","floor":24.0,"key":"SMITH"},{"data":"Fission","floor":29.0,"key":"SMITH"},{"data":"Skim","floor":32.0,"key":"SMITH"},{"data":"Coolheaded","floor":40.0,"key":"SMITH"},{"floor":46.0,"key":"RECALL"},{"data":"Darkness+1","floor":49.0,"key":"PURGE"},{"data":"Zap+1","floor":53.0,"key":"PURGE"}],"neow_cost":"PERCENT_DAMAGE","seed_source_timestamp":0,"circlet_count":0,"master_deck":["AscendersBane","Defend_B+1","Dualcast","Cold Snap","Fission+1","Meteor Strike","Consume+1","Heatsinks","Tempest","Meteor Strike","Tempest","Meteor Strike","Skim+1","Electrodynamics","Coolheaded+1","Thunder Strike","Double Energy","Skim+1"],"special_seed":0,"relics":["FrozenCore","Regal Pillow","Oddly Smooth Stone","DataDisk","Art of War","Mercury Hourglass","Snecko Eye","Ice Cream","Letter Opener","Peace Pipe","Pen Nib","Ginger","Question Card","Blue Candle","Dodecahedron"],"potions_floor_usage":[56,56],"damage_taken":[{"damage":16.0,"enemies":"Jaw Worm","floor":1.0,"turns":5.0},{"damage":0.0,"enemies":"2 Louse","floor":4.0,"turns":3.0},{"damage":11.0,"enemies":"Gremlin Nob","floor":10.0,"turns":3.0},{"damage":0.0,"enemies":"Small Slimes","floor":12.0,"turns":3.0},{"damage":5.0,"enemies":"Lagavulin","floor":13.0,"turns":6.0},{"damage":3.0,"enemies":"The Guardian","floor":16.0,"turns":11.0},{"damage":0.0,"enemies":"3 Byrds","floor":18.0,"turns":3.0},{"damage":7.0,"enemies":"Colosseum Slavers","floor":21.0,"turns":4.0},{"damage":18.0,"enemies":"Colosseum Nobs","floor":21.0,"turns":5.0},{"damage":12.0,"enemies":"Gremlin Leader","floor":23.0,"turns":3.0},{"damage":0.0,"enemies":"Spheric Guardian","floor":25.0,"turns":3.0},{"damage":0.0,"enemies":"Centurion and Healer","floor":28.0,"turns":1.0},{"damage":0.0,"enemies":"Snake Plant","floor":31.0,"turns":1.0},{"damage":0.0,"enemies":"Champ","floor":33.0,"turns":3.0},{"damage":0.0,"enemies":"3 Shapes","floor":35.0,"turns":2.0},{"damage":0.0,"enemies":"Orb Walker","floor":36.0,"turns":1.0},{"damage":10.0,"enemies":"Writhing Mass","floor":38.0,"turns":3.0},{"damage":0.0,"enemies":"4 Shapes","floor":39.0,"turns":2.0},{"damage":0.0,"enemies":"Jaw Worm Horde","floor":42.0,"turns":2.0},{"damage":0.0,"enemies":"2 Orb Walkers","floor":44.0,"turns":1.0},{"damage":0.0,"enemies":"Giant Head","floor":45.0,"turns":2.0},{"damage":0.0,"enemies":"Maw","floor":47.0,"turns":2.0},{"damage":16.0,"enemies":"Reptomancer","floor":48.0,"turns":3.0},{"damage":7.0,"enemies":"Awakened One","floor":50.0,"turns":3.0},{"damage":0.0,"enemies":"Donu and Deca","floor":51.0,"turns":2.0},{"damage":0.0,"enemies":"Shield and Spear","floor":55.0,"turns":1.0},{"damage":63,"enemies":"The Heart","floor":56,"turns":5}],"seed_played":"-1809089599027766493","potions_obtained":[{"floor":1.0,"key":"Energy Potion"},{"floor":4.0,"key":"GamblersBrew"},{"floor":16.0,"key":"Block Potion"},{"floor":18.0,"key":"SkillPotion"},{"floor":23.0,"key":"Regen Potion"},{"floor":25.0,"key":"Regen Potion"}],"is_trial":false,"path_per_floor":["M","?","$","M","?","R","?","R","T","E","R","M","E","T","R","B",null,"M","?","$","?","$","E","R","M","T","?","M","R","?","M","R","B",null,"M","M","?","M","M","R","$","M","T","?","E","R","M","E","R","B","B",null,"R","$","E","B",null],"character_chosen":"DEFECT","items_purchased":["Meteor Strike","Thunder Strike"],"campfire_rested":1,"item_purchase_floors":[22,41],"current_hp_per_floor":[30,30,30,30,9,9,4,40,40,29,29,29,24,24,24,21,59,59,59,59,34,34,22,22,22,22,71,71,71,71,71,71,71,71,71,71,71,61,61,61,61,61,61,61,61,61,61,45,45,38,38,63,63,63,63,31],"gold":64,"neow_bonus":"REMOVE_TWO","is_prod":false,"is_daily":false,"chose_seed":false,"campfire_upgraded":7,"win_rate":0,"timestamp":1557221580,"path_taken":["M","?","$","M","?","R","?","R","T","E","R","M","E","?","R","BOSS","M","?","?","?","$","E","R","?","T","?","?","R","?","M","R","BOSS","M","M","?","M","M","R","?","M","T","?","E","R","M","E","R","BOSS","BOSS","R","$","E","BOSS"],"build_version":"2019-01-23","purchased_purges":3,"victory":true,"max_hp_per_floor":[71,71,71,71,71,71,71,71,71,71,71,71,71,71,71,71,71,71,71,71,71,71,71,71,71,71,71,71,71,71,71,71,71,71,71,71,71,71,71,71,71,71,71,71,71,71,71,71,71,71,71,71,71,71,71,71],"card_choices":[{"not_picked":["Auto Shields","Rip and Tear"],"picked":"Darkness","floor":1.0},{"not_picked":["Leap","Blizzard"],"picked":"Conserve Battery","floor":4.0},{"not_picked":["Beam Cell","Amplify"],"picked":"Cold Snap","floor":10.0},{"not_picked":["Storm","Force Field"],"picked":"Fusion","floor":12.0},{"not_picked":["Lockon","All For One"],"picked":"Fission","floor":13.0},{"not_picked":["Electrodynamics","Hyperbeam"],"picked":"Meteor Strike","floor":16.0},{"not_picked":["Melter","Storm","Lockon"],"picked":"SKIP","floor":18.0},{"not_picked":["Gash","Redo"],"picked":"Tempest","floor":21.0},{"not_picked":["Turbo","Leap+1"],"picked":"Tempest","floor":23.0},{"not_picked":["Fission","Leap","Stack+1"],"picked":"SKIP","floor":25.0},{"not_picked":["Aggregate","Rip and Tear","Barrage"],"picked":"SKIP","floor":28.0},{"not_picked":["Compile Driver","Turbo"],"picked":"Skim","floor":31.0},{"not_picked":["Hyperbeam","Buffer"],"picked":"Electrodynamics","floor":33.0},{"not_picked":["Conserve Battery","Go for the Eyes","Ball Lightning"],"picked":"SKIP","floor":35.0},{"not_picked":["Gash","Barrage","Tempest"],"picked":"SKIP","floor":36.0},{"not_picked":["Genetic Algorithm","Doom and Gloom+1"],"picked":"Coolheaded","floor":38.0},{"not_picked":["Chaos+1","Doom and Gloom","Conserve Battery"],"picked":"SKIP","floor":39.0},{"not_picked":["Melter","Steam"],"picked":"Double Energy","floor":42.0},{"not_picked":["Rebound","Streamline","Fusion"],"picked":"SKIP","floor":45.0},{"not_picked":["Hello World","Conserve Battery","Streamline","Turbo"],"picked":"SKIP","floor":47.0},{"not_picked":["Redo","Buffer","Coolheaded"],"picked":"Skim+1","floor":48.0},{"not_picked":["Chill","Melter","Gash+1","Steam"],"picked":"SKIP","floor":55.0}],"player_experience":1582452,"relics_obtained":[{"floor":9.0,"key":"Oddly Smooth Stone"},{"floor":10.0,"key":"DataDisk"},{"floor":13.0,"key":"Art of War"},{"floor":14.0,"key":"Mercury Hourglass"},{"floor":21.0,"key":"Ice Cream"},{"floor":21.0,"key":"Letter Opener"},{"floor":23.0,"key":"Peace Pipe"},{"floor":26.0,"key":"Pen Nib"},{"floor":44.0,"key":"Ginger"},{"floor":45.0,"key":"Question Card"},{"floor":48.0,"key":"Blue Candle"},{"floor":55.0,"key":"Dodecahedron"}],"event_choices":[{"cards_removed":["Strike_B"],"damage_healed":0.0,"max_hp_gain":0.0,"max_hp_loss":0.0,"gold_gain":0.0,"event_name":"The Cleric","player_choice":"Card Removal","floor":2.0,"gold_loss":75.0,"damage_taken":0.0},{"damage_healed":0.0,"max_hp_gain":0.0,"max_hp_loss":0.0,"gold_gain":0.0,"event_name":"Shining Light","player_choice":"Entered Light","floor":5.0,"gold_loss":0.0,"damage_taken":21.0,"cards_upgraded":["Defend_B","Defend_B"]},{"damage_healed":0.0,"max_hp_gain":0.0,"max_hp_loss":0.0,"gold_gain":0.0,"event_name":"Scrap Ooze","player_choice":"Success","floor":7.0,"gold_loss":0.0,"damage_taken":5.0,"relics_obtained":["Regal Pillow"]},{"damage_healed":0.0,"max_hp_gain":0.0,"max_hp_loss":0.0,"gold_gain":0.0,"cards_transformed":["Strike_B","Defend_B"],"event_name":"Designer","player_choice":"Transformed Cards","floor":19.0,"gold_loss":75.0,"damage_taken":0.0,"cards_obtained":["Consume","Heatsinks"]},{"damage_healed":0.0,"max_hp_gain":0.0,"max_hp_loss":0.0,"gold_gain":0.0,"event_name":"Colosseum","player_choice":"Fight","floor":21.0,"gold_loss":0.0,"damage_taken":0.0},{"damage_healed":0.0,"max_hp_gain":0.0,"max_hp_loss":0.0,"gold_gain":0.0,"event_name":"Colosseum","player_choice":"Fought Nobs","floor":21.0,"gold_loss":0.0,"damage_taken":0.0},{"cards_removed":["Fusion"],"damage_healed":49.0,"max_hp_gain":0.0,"max_hp_loss":0.0,"gold_gain":0.0,"event_name":"Bonfire Elementals","player_choice":"Offered Uncommon","floor":27.0,"gold_loss":0.0,"damage_taken":0.0},{"damage_healed":0.0,"max_hp_gain":0.0,"max_hp_loss":0.0,"gold_gain":0.0,"event_name":"Duplicator","player_choice":"Copied","floor":30.0,"gold_loss":0.0,"damage_taken":0.0,"cards_obtained":["Meteor Strike"]},{"damage_healed":0.0,"max_hp_gain":0.0,"max_hp_loss":0.0,"gold_gain":0.0,"event_name":"SecretPortal","player_choice":"Ignored","floor":37.0,"gold_loss":0.0,"damage_taken":0.0},{"damage_healed":0.0,"max_hp_gain":0.0,"max_hp_loss":0.0,"gold_gain":0.0,"event_name":"Mysterious Sphere","player_choice":"Fight","floor":44.0,"gold_loss":0.0,"damage_taken":0.0}],"is_beta":false,"boss_relics":[{"not_picked":["Astrolabe","White Beast Statue"],"picked":"Snecko Eye"},{"not_picked":["Busted Crown","Cursed Key"],"picked":"FrozenCore"}],"items_purged_floors":[20,41,54],"is_endless":false,"potions_floor_spawned":[1,4,16,18,23,25,31,33,38,39,44,48],"ascension_level":20}