{"gold_per_floor":[112,163,238,258,276,302,320,333,333,333],"floor_reached":10,"playtime":230,"items_purged":[],"score":98,"play_id":"a99f0197-6541-4609-b5b3-09283523a785","local_time":"20181005201433","is_ascension_mode":true,"campfire_choices":[],"neow_cost":"","seed_source_timestamp":215464479951446,"circlet_count":0,"master_deck":["Strike_B","Strike_B","Strike_B","Strike_B","Defend_B","Defend_B","Defend_B","Defend_B","Zap","Dualcast","Loop","Ball Lightning","Scrape","Lockon","White Noise+1","Hologram+1"],"relics":["Cracked Core","Ancient Tea Set","Toxic Egg 2","StoneCalendar"],"potions_floor_usage":[6,8,10],"damage_taken":[{"damage":1,"enemies":"Cultist","floor":1,"turns":3},{"damage":2,"enemies":"Small Slimes","floor":4,"turns":3},{"damage":9,"enemies":"Jaw Worm","floor":5,"turns":3},{"damage":22,"enemies":"3 Sentries","floor":6,"turns":7},{"damage":6,"enemies":"Looter","floor":7,"turns":2},{"damage":3,"enemies":"Blue Slaver","floor":8,"turns":3},{"damage":18,"enemies":"Lagavulin","floor":10,"turns":3}],"seed_played":"3589464395950834376","potions_obtained":[{"floor":5,"key":"Dexterity Potion"},{"floor":6,"key":"LiquidBronze"},{"floor":8,"key":"Block Potion"}],"is_trial":false,"path_per_floor":["M","T","?","M","M","E","M","M","T"],"character_chosen":"DEFECT","items_purchased":[],"campfire_rested":0,"item_purchase_floors":[],"current_hp_per_floor":[67,67,56,54,45,23,17,14,14,0],"gold":333,"neow_bonus":"","is_prod":false,"is_daily":false,"chose_seed":false,"campfire_upgraded":0,"win_rate":0,"timestamp":1538763273,"path_taken":["M","?","?","M","M","E","M","M","T","E"],"build_version":"2018-10-04","purchased_purges":0,"victory":false,"max_hp_per_floor":[75,75,75,75,75,75,75,75,75,75],"card_choices":[{"not_picked":["Conserve Battery","Stack"],"picked":"Loop","floor":1},{"not_picked":["Beam Cell","Compile Driver"],"picked":"Ball Lightning","floor":4},{"not_picked":["Gash","Compile Driver"],"picked":"Scrape","floor":5},{"not_picked":["Fusion","Hologram"],"picked":"Lockon","floor":6},{"not_picked":["Sweeping Beam","Turbo+1"],"picked":"White Noise+1","floor":7},{"not_picked":["Go for the Eyes","Stack+1"],"picked":"Hologram+1","floor":8}],"player_experience":151959,"relics_obtained":[{"floor":2,"key":"Ancient Tea Set"},{"floor":6,"key":"Toxic Egg 2"},{"floor":9,"key":"StoneCalendar"}],"event_choices":[{"event_name":"World of Goop","player_choice":"Gather Gold","floor":3,"damage_taken":0}],"is_beta":true,"boss_relics":[],"items_purged_floors":[],"is_endless":false,"potions_floor_spawned":[5,6,8],"killed_by":"Lagavulin","ascension_level":8}