{"gold_per_floor":[118,132,132,307,320,350,377,396,421,43,43,57,57,57],"floor_reached":14,"playtime":835,"items_purged":[],"score":90,"play_id":"295252ec-57c7-4e59-8392-daf9f6a455d8","local_time":"20181230051600","is_ascension_mode":false,"campfire_choices":[{"floor":11,"key":"REST"}],"neow_cost":"NONE","seed_source_timestamp":137820525107399,"circlet_count":0,"master_deck":["Strike_B","Strike_B","Strike_B","Strike_B","Defend_B","Defend_B","Defend_B","Defend_B","Zap","Dualcast","Rebound","Aggregate","Loop","Doubt","Streamline","Self Repair","Stack","Rebound","Redo","Sunder","Chrysalis","Sunder","Regret"],"relics":["Cracked Core","Potion Belt","Odd Mushroom","Pen Nib","Membership Card","Boot"],"potions_floor_usage":[8,14],"damage_taken":[{"damage":0,"enemies":"Small Slimes","floor":1,"turns":2},{"damage":7,"enemies":"2 Louse","floor":2,"turns":2},{"damage":1,"enemies":"Cultist","floor":5,"turns":4},{"damage":34,"enemies":"3 Sentries","floor":6,"turns":6},{"damage":28,"enemies":"The Mushroom Lair","floor":7,"turns":5},{"damage":10,"enemies":"Red Slaver","floor":8,"turns":3},{"damage":17,"enemies":"Looter","floor":12,"turns":4},{"damage":14,"enemies":"Lagavulin","floor":14,"turns":3}],"seed_played":"3651909567168061658","potions_obtained":[{"floor":6,"key":"Fire Potion"},{"floor":7,"key":"SpeedPotion"},{"floor":8,"key":"LiquidBronze"}],"is_trial":false,"path_per_floor":["M","M","?","?","M","E","?","M","T","$","R","M","?","E"],"character_chosen":"DEFECT","items_purchased":["Membership Card","Redo","Sunder","Chrysalis","Fire Potion"],"campfire_rested":1,"item_purchase_floors":[10,10,10,10,10],"current_hp_per_floor":[75,68,68,68,67,33,12,9,9,9,31,14,14,0],"gold":57,"neow_bonus":"THREE_CARDS","is_prod":false,"is_daily":false,"chose_seed":false,"campfire_upgraded":0,"win_rate":0.0,"timestamp":1546175760,"path_taken":["M","M","?","?","M","E","?","M","T","$","R","M","?","E"],"build_version":"2018-12-20","purchased_purges":0,"victory":false,"max_hp_per_floor":[75,75,75,75,75,75,75,75,75,75,75,75,75,75],"card_choices":[{"not_picked":["Steam","Melter"],"picked":"Rebound","floor":0},{"not_picked":["Beam Cell","Gash"],"picked":"Aggregate","floor":1},{"not_picked":["Sweeping Beam","Barrage"],"picked":"Loop","floor":2},{"not_picked":["Sweeping Beam","Cold Snap"],"picked":"Streamline","floor":5},{"not_picked":["White Noise","Streamline"],"picked":"Self Repair","floor":6},{"not_picked":["Beam Cell","Blizzard"],"picked":"Stack","floor":7},{"not_picked":["Beam Cell","Go for the Eyes"],"picked":"Rebound","floor":8},{"not_picked":["Turbo","Coolheaded"],"picked":"Sunder","floor":12}],"player_experience":164113,"relics_obtained":[{"floor":6,"key":"Potion Belt"},{"floor":7,"key":"Odd Mushroom"},{"floor":9,"key":"Pen Nib"}],"event_choices":[{"damage_healed":0,"gold_gain":0,"player_choice":"Leave","damage_taken":0,"max_hp_gain":0,"max_hp_loss":0,"event_name":"The Cleric","floor":3,"gold_loss":0},{"damage_healed":0,"gold_gain":175,"player_choice":"AGREE","damage_taken":0,"max_hp_gain":0,"max_hp_loss":0,"event_name":"Liars Game","floor":4,"gold_loss":0,"cards_obtained":["Doubt"]},{"damage_healed":0,"gold_gain":0,"player_choice":"Fought Mushrooms","damage_taken":0,"max_hp_gain":0,"max_hp_loss":0,"event_name":"Mushrooms","floor":7,"gold_loss":0},{"damage_healed":0,"gold_gain":0,"player_choice":"Box","damage_taken":0,"relics_obtained":["Boot"],"max_hp_gain":0,"max_hp_loss":0,"event_name":"Big Fish","floor":13,"gold_loss":0,"cards_obtained":["Regret"]}],"is_beta":false,"boss_relics":[],"items_purged_floors":[],"is_endless":false,"potions_floor_spawned":[6,7,8],"killed_by":"Lagavulin","ascension_level":0}