{"gold_per_floor":[109,123,136,136,148,148,73,47,47,77,90,125,125,136,136,136],"floor_reached":16,"playtime":578,"items_purged":["Strike_G"],"score":112,"play_id":"3c491e9c-daae-40b1-9fb3-710afbd72e28","local_time":"20190401124616","is_ascension_mode":false,"campfire_choices":[{"floor":6,"key":"RECALL"},{"data":"Flechettes","floor":13,"key":"SMITH"},{"data":"Dash","floor":15,"key":"SMITH"}],"neow_cost":"NONE","seed_source_timestamp":0,"circlet_count":0,"master_deck":["Defend_G","Defend_G","Defend_G","Defend_G","Defend_G","Strike_G","Strike_G","Survivor","Neutralize","Doppelganger","Flechettes+1","Dash+1","Deadly Poison","Backflip","Adrenaline"],"special_seed":0,"relics":["Ring of the Snake","The Courier","Du-Vu Doll"],"potions_floor_usage":[11,12],"damage_taken":[{"damage":2.0,"enemies":"2 Louse","floor":1.0,"turns":3.0},{"damage":0,"enemies":"Jaw Worm","floor":2,"turns":6},{"damage":0,"enemies":"Small Slimes","floor":3,"turns":3},{"damage":1,"enemies":"2 Fungi Beasts","floor":5,"turns":3},{"damage":41,"enemies":"Lagavulin","floor":10,"turns":8},{"damage":0,"enemies":"Red Slaver","floor":11,"turns":3},{"damage":14,"enemies":"3 Sentries","floor":12,"turns":10},{"damage":2,"enemies":"Large Slime","floor":14,"turns":4},{"damage":19,"enemies":"The Guardian","floor":16,"turns":9}],"seed_played":"1790887673474239559","potions_obtained":[{"floor":1,"key":"Fruit Juice"},{"floor":11,"key":"LiquidBronze"},{"floor":12,"key":"Fire Potion"}],"is_trial":false,"path_per_floor":["M","M","M","?","M","R","$","$","T","E","M","E","R","M","R","B"],"character_chosen":"THE_SILENT","items_purchased":["Deadly Poison"],"campfire_rested":0,"item_purchase_floors":[8],"current_hp_per_floor":[68,68,68,68,67,67,67,67,67,26,31,17,17,15,15,0],"gold":136,"neow_bonus":"TRANSFORM_CARD","is_prod":false,"is_daily":false,"chose_seed":false,"campfire_upgraded":2,"win_rate":0,"timestamp":1554093976,"path_taken":["M","M","M","?","M","R","?","$","T","E","?","E","R","M","R","BOSS"],"build_version":"2019-01-23","purchased_purges":1,"victory":false,"max_hp_per_floor":[70,70,70,70,70,70,70,70,70,70,75,75,75,75,75,75],"card_choices":[{"not_picked":["Deflect","Prepared"],"picked":"Flechettes","floor":1},{"not_picked":["Bane","Slice","Underhanded Strike"],"picked":"SKIP","floor":2},{"not_picked":["Deflect","Dodge and Roll","Expertise"],"picked":"SKIP","floor":3},{"not_picked":["Sucker Punch","Underhanded Strike"],"picked":"Dash","floor":5},{"not_picked":["Dodge and Roll","Choke","Eviscerate"],"picked":"SKIP","floor":10},{"not_picked":["Flechettes","Acrobatics"],"picked":"Backflip","floor":11},{"not_picked":["Dagger Spray","Acrobatics"],"picked":"Adrenaline","floor":12},{"not_picked":["Bane","Dodge and Roll","Reflex"],"picked":"SKIP","floor":14}],"player_experience":447561,"relics_obtained":[{"floor":10,"key":"The Courier"},{"floor":12,"key":"Du-Vu Doll"}],"event_choices":[{"cards_removed":["Strike_G"],"damage_healed":0,"gold_gain":0,"player_choice":"Forget","damage_taken":0,"max_hp_gain":0,"max_hp_loss":0,"event_name":"Living Wall","floor":4,"gold_loss":0}],"is_beta":false,"boss_relics":[],"items_purged_floors":[7],"is_endless":false,"potions_floor_spawned":[1,11,12],"killed_by":"The Guardian","ascension_level":0}