{"gold_per_floor":[118,39,39,53,1,28,28,59,85,85],"floor_reached":10,"playtime":312,"items_purged":[],"score":80,"play_id":"3385b474-e7d8-4226-8d14-b8d116800bf8","local_time":"20190508122334","is_ascension_mode":true,"campfire_choices":[],"neow_cost":"PERCENT_DAMAGE","seed_source_timestamp":3193664355165,"circlet_count":0,"master_deck":["Strike_R","Strike_R","Strike_R+1","Strike_R","Defend_R","Defend_R","Defend_R","Defend_R","Bash","Reaper","Uppercut+1","Whirlwind","Evolve","Carnage","Shrug It Off","Clothesline"],"relics":["Burning Blood","Red Skull","Pen Nib","Whetstone"],"potions_floor_usage":[6],"damage_taken":[{"damage":2,"enemies":"Small Slimes","floor":1,"turns":5},{"damage":11,"enemies":"2 Louse","floor":3,"turns":3},{"damage":15,"enemies":"Jaw Worm","floor":4,"turns":4},{"damage":49,"enemies":"Lagavulin","floor":6,"turns":6},{"damage":23,"enemies":"3 Sentries","floor":8,"turns":4},{"damage":25,"enemies":"Gremlin Nob","floor":10,"turns":3}],"seed_played":"4293038258665334355","potions_obtained":[{"floor":4,"key":"SteroidPotion"}],"is_trial":false,"path_per_floor":["M","$","M","M","$","E","?","E","T","E"],"character_chosen":"IRONCLAD","items_purchased":["Whirlwind","Shrug It Off"],"campfire_rested":0,"item_purchase_floors":[2,5],"current_hp_per_floor":[64,64,67,58,58,19,12,16,16,0],"gold":85,"neow_bonus":"THREE_RARE_CARDS","is_prod":false,"is_daily":false,"chose_seed":false,"campfire_upgraded":0,"win_rate":0,"timestamp":1557311014,"path_taken":["M","$","M","M","$","E","?","E","T","E"],"build_version":"2019-01-23","purchased_purges":0,"victory":false,"max_hp_per_floor":[80,80,80,80,80,80,80,80,80,80],"card_choices":[{"not_picked":["Offering","Fiend Fire"],"picked":"Reaper","floor":0},{"not_picked":["Iron Wave","Clash"],"picked":"Uppercut","floor":1},{"not_picked":["Sentinel","Iron Wave"],"picked":"Evolve","floor":3},{"not_picked":["Warcry","Dual Wield"],"picked":"Carnage","floor":4},{"not_picked":["Bloodletting","Metallicize"],"picked":"Clothesline","floor":6},{"not_picked":["Reckless Charge","Body Slam","Headbutt"],"picked":"SKIP","floor":8}],"player_experience":284671,"relics_obtained":[{"floor":6,"key":"Red Skull"},{"floor":8,"key":"Pen Nib"},{"floor":9,"key":"Whetstone"}],"event_choices":[{"cards_removed":["Strike_R"],"damage_healed":0,"gold_gain":0,"player_choice":"Card Removal","damage_taken":7,"max_hp_gain":0,"max_hp_loss":0,"event_name":"Golden Wing","floor":7,"gold_loss":0}],"is_beta":false,"boss_relics":[],"items_purged_floors":[],"is_endless":false,"potions_floor_spawned":[4],"killed_by":"Gremlin Nob","ascension_level":1}