{"gold_per_floor":[112,27,27,45,45,72,72,84,84,118,118,32,42,68,68,68],"floor_reached":16,"playtime":349,"items_purged":[],"score":266,"play_id":"fa7dd28b-92e3-460d-a4b8-57938ad894b2","local_time":"20190415154757","is_ascension_mode":true,"campfire_choices":[{"floor":7.0,"key":"DIG"},{"data":"Corruption","floor":15,"key":"SMITH"}],"neow_cost":"NONE","seed_source_timestamp":0,"circlet_count":0,"master_deck":["AscendersBane","Strike_R","Strike_R","Strike_R","Strike_R","Strike_R","Defend_R","Defend_R","Defend_R","Defend_R","Bash","Iron Wave","Rupture","Regret","Offering","Corruption+1","Metallicize+1","Feel No Pain","Juggernaut"],"special_seed":0,"relics":["Burning Blood","NeowsBlessing","Shovel","Incense Burner","Mercury Hourglass","FossilizedHelix","Smiling Mask","Regal Pillow"],"potions_floor_usage":[16],"damage_taken":[{"damage":0.0,"enemies":"Cultist","floor":1.0,"turns":1.0},{"damage":0.0,"enemies":"2 Louse","floor":4.0,"turns":1.0},{"damage":6.0,"enemies":"3 Sentries","floor":6.0,"turns":1.0},{"damage":0.0,"enemies":"Small Slimes","floor":8.0,"turns":3.0},{"damage":42.0,"enemies":"Gremlin Nob","floor":10.0,"turns":6.0},{"damage":6,"enemies":"Blue Slaver","floor":13,"turns":3},{"damage":40,"enemies":"Hexaghost","floor":16,"turns":9}],"seed_played":"-4158023486481925913","potions_obtained":[{"floor":4.0,"key":"SpeedPotion"},{"floor":10.0,"key":"Block Potion"}],"is_trial":false,"path_per_floor":["M","$","?","M","?","E","R","M","T","E","?","$","M","T","R","B"],"character_chosen":"IRONCLAD","items_purchased":["Rupture","Feel No Pain"],"campfire_rested":0,"item_purchase_floors":[2,12],"current_hp_per_floor":[74,74,74,75,75,75,75,75,75,39,39,39,39,39,39,0],"gold":68,"neow_bonus":"THREE_ENEMY_KILL","is_prod":false,"is_daily":false,"chose_seed":false,"campfire_upgraded":1,"win_rate":0,"timestamp":1555357677,"path_taken":["M","?","?","M","?","E","R","?","T","E","?","$","M","?","R","BOSS"],"build_version":"2019-01-23","purchased_purges":0,"victory":false,"max_hp_per_floor":[75,75,75,75,75,75,75,75,75,75,75,75,75,75,75,75],"card_choices":[{"not_picked":["Body Slam","Shrug It Off"],"picked":"Iron Wave","floor":1.0},{"not_picked":["Shrug It Off","Perfected Strike"],"picked":"Offering","floor":4.0},{"not_picked":["Wild Strike","Anger"],"picked":"Corruption","floor":6.0},{"not_picked":["Searing Blow","Clothesline","Anger"],"picked":"SKIP","floor":8.0},{"not_picked":["Searing Blow","Clothesline","Anger"],"picked":"SKIP","floor":8.0},{"not_picked":["Havoc","Shrug It Off"],"picked":"Metallicize","floor":10.0},{"not_picked":["Shrug It Off","Corruption"],"picked":"Juggernaut","floor":13}],"player_experience":898222,"relics_obtained":[{"floor":6.0,"key":"Incense Burner"},{"floor":7.0,"key":"Mercury Hourglass"},{"floor":9.0,"key":"FossilizedHelix"},{"floor":10.0,"key":"Smiling Mask"},{"floor":14,"key":"Regal Pillow"}],"event_choices":[{"damage_healed":0.0,"max_hp_gain":0.0,"max_hp_loss":0.0,"gold_gain":0.0,"event_name":"Big Fish","player_choice":"Box","floor":3.0,"gold_loss":0.0,"damage_taken":0.0,"relics_obtained":["Shovel"],"cards_obtained":["Regret"]},{"damage_healed":0.0,"max_hp_gain":0.0,"max_hp_loss":0.0,"gold_gain":0.0,"event_name":"The Cleric","player_choice":"Leave","floor":5.0,"gold_loss":0.0,"damage_taken":0.0},{"damage_healed":0.0,"max_hp_gain":0.0,"max_hp_loss":0.0,"gold_gain":0.0,"event_name":"Living Wall","player_choice":"Grow","floor":11.0,"gold_loss":0.0,"damage_taken":0.0,"cards_upgraded":["Metallicize"]}],"is_beta":false,"boss_relics":[],"items_purged_floors":[],"is_endless":false,"potions_floor_spawned":[4,10],"killed_by":"Hexaghost","ascension_level":20}