{"path_per_floor":["M","M","$","?","?","E","R","M","T","$","?","M","E","M","R"],"character_chosen":"THE_SILENT","items_purchased":["Poisoned Stab"],"gold_per_floor":[110,122,22,22,22,47,47,59,109,9,31,47,79,91,91,91],"floor_reached":16,"campfire_rested":1,"playtime":683,"current_hp_per_floor":[60,60,60,65,65,36,36,34,34,34,29,29,28,28,50,0],"items_purged":["Strike_G","Strike_G"],"gold":91,"score":127,"play_id":"b3934d37-3d95-484d-9da3-5bc886699fe7","local_time":"20180523232032","is_prod":false,"is_daily":false,"chose_seed":false,"is_ascension_mode":true,"campfire_upgraded":1,"timestamp":1527088832,"campfire_choices":[{"data":"Bouncing Flask","floor":7,"key":"SMITH"},{"floor":15,"key":"REST"}],"path_taken":["M","M","$","?","?","E","R","M","T","$","?","M","E","M","R","BOSS"],"build_version":"2018-05-17","seed_source_timestamp":740761348290728,"purchased_purges":2,"victory":false,"master_deck":["Defend_G","Defend_G","Defend_G","Defend_G","Defend_G","Strike_G+1","Strike_G","Survivor","Neutralize","Flying Knee","Bouncing Flask+1","Poisoned Stab+1","Noxious Fumes","Escape Plan","Malaise","Deadly Poison","Poisoned Stab"],"max_hp_per_floor":[70,70,70,75,75,75,75,75,75,75,75,75,75,75,75,75],"relics":["Ring of the Snake","Whetstone","Vajra","Odd Mushroom","Bottled Lightning"],"card_choices":[{"not_picked":["Sucker Punch","Distraction","PiercingWail"],"picked":"SKIP","floor":1},{"not_picked":["Outmaneuver","Underhanded Strike"],"picked":"Bouncing Flask","floor":2},{"not_picked":["Dodge and Roll","Cloak And Dagger"],"picked":"Noxious Fumes","floor":6},{"not_picked":["Underhanded Strike","Cloak And Dagger","Poisoned Stab"],"picked":"SKIP","floor":8},{"not_picked":["Quick Slash","Envenom"],"picked":"Escape Plan","floor":11},{"not_picked":["Choke","Underhanded Strike"],"picked":"Malaise","floor":12},{"not_picked":["Underhanded Strike","Dodge and Roll"],"picked":"Deadly Poison","floor":13},{"not_picked":["Outmaneuver","Dagger Throw"],"picked":"Poisoned Stab","floor":14}],"player_experience":184326,"potions_floor_usage":[13,14,14,16],"damage_taken":[{"damage":10,"enemies":"2 Louse","floor":1,"turns":3},{"damage":0,"enemies":"Small Slimes","floor":2,"turns":5},{"damage":29,"enemies":"Lagavulin","floor":6,"turns":6},{"damage":2,"enemies":"Jaw Worm","floor":8,"turns":4},{"damage":5,"enemies":"The Mushroom Lair","floor":11,"turns":4},{"damage":0,"enemies":"Exordium Wildlife","floor":12,"turns":5},{"damage":1,"enemies":"Gremlin Nob","floor":13,"turns":3},{"damage":0,"enemies":"Exordium Thugs","floor":14,"turns":4},{"damage":53,"enemies":"Slime Boss","floor":16,"turns":8}],"relics_obtained":[{"floor":6,"key":"Whetstone"},{"floor":9,"key":"Vajra"},{"floor":11,"key":"Odd Mushroom"},{"floor":13,"key":"Bottled Lightning"}],"event_choices":[{"event_name":"Big Fish","player_choice":"Donut","floor":4,"damage_taken":0},{"event_name":"The Cleric","player_choice":"Leave","floor":5,"damage_taken":0},{"event_name":"Mushrooms","player_choice":"Fought Mushrooms","floor":11,"damage_taken":0}],"boss_relics":[],"potions_floor_spawned":[2,6,11,13],"seed_played":"172690592682967167","killed_by":"Slime Boss","ascension_level":3,"potions_obtained":[{"floor":2,"key":"Swift Potion"},{"floor":6,"key":"GamblersBrew"},{"floor":11,"key":"Weak Potion"},{"floor":13,"key":"GhostInAJar"}],"is_trial":false}