{"gold_per_floor":[119,131,131,406,417,417,433,0,0,0,11,37,37,96,96,196,196,211,161,173,14,14,47,18,18,18,37,51,61,61,141,141,244,244,256,12,0,0,275,275,275,304,358,358,358,372,372,388,388,388],"floor_reached":50,"playtime":2928,"items_purged":[],"score":586,"play_id":"080155b4-2d31-4537-aa41-573bea44011e","local_time":"20181231014034","is_ascension_mode":false,"campfire_choices":[{"data":"Sunder","floor":6,"key":"SMITH"},{"floor":15,"key":"REST"},{"floor":32,"key":"REST"},{"floor":45,"key":"REST"},{"floor":47,"key":"REST"},{"floor":49,"key":"REST"}],"neow_cost":"NONE","seed_source_timestamp":209197537560925,"circlet_count":0,"master_deck":["Strike_B","Strike_B","Strike_B","Strike_B+1","Defend_B","Defend_B","Defend_B","Defend_B","Zap","Dualcast","Streamline","Sunder+1","Regret","Genetic Algorithm","Hologram","Self Repair","Gash+1","Redo","Ball Lightning","Hyperbeam","Storm","Gash","Defragment+1","Defragment","Writhe","Biased Cognition","Streamline","Beam Cell","Coolheaded","Streamline+1","Necronomicurse","Rainbow","Chaos+1","Mayhem+1","Blind","Regret","Madness","Madness","Cold Snap+1","Purity","Darkness","Conserve Battery+1","Stack"],"relics":["Cracked Core","Gambling Chip","Thread and Needle","The Courier","Bronze Scales","Sozu","Membership Card","Mango","DataDisk","Mercury Hourglass","Necronomicon","Letter Opener","Lizard Tail","Lee\u0027s Waffle","Frozen Egg 2","Juzu Bracelet","Red Mask","Vajra","Happy Flower"],"potions_floor_usage":[12,16,33],"damage_taken":[{"damage":0,"enemies":"2 Louse","floor":1,"turns":3},{"damage":6,"enemies":"Jaw Worm","floor":2,"turns":3},{"damage":0,"enemies":"Cultist","floor":5,"turns":3},{"damage":10,"enemies":"Exordium Thugs","floor":7,"turns":3},{"damage":10,"enemies":"Looter","floor":11,"turns":3},{"damage":24,"enemies":"Gremlin Nob","floor":12,"turns":4},{"damage":37,"enemies":"Hexaghost","floor":16,"turns":9},{"damage":2,"enemies":"Chosen","floor":18,"turns":4},{"damage":15,"enemies":"Shell Parasite","floor":20,"turns":4},{"damage":36,"enemies":"Book of Stabbing","floor":23,"turns":5},{"damage":18,"enemies":"Shelled Parasite and Fungi","floor":27,"turns":5},{"damage":2,"enemies":"Chosen and Byrds","floor":28,"turns":3},{"damage":7,"enemies":"Snecko","floor":29,"turns":4},{"damage":56,"enemies":"Automaton","floor":33,"turns":7},{"damage":14,"enemies":"Orb Walker","floor":35,"turns":2},{"damage":25,"enemies":"Reptomancer","floor":42,"turns":5},{"damage":17,"enemies":"3 Darklings","floor":46,"turns":3},{"damage":23,"enemies":"Spire Growth","floor":48,"turns":3},{"damage":183,"enemies":"Awakened One","floor":50,"turns":11}],"seed_played":"4114005506812778896","potions_obtained":[{"floor":7,"key":"Energy Potion"},{"floor":12,"key":"AttackPotion"},{"floor":16,"key":"Swift Potion"}],"is_trial":false,"path_per_floor":["M","M","?","?","M","R","M","$","T","$","M","E","?","?","R","B",null,"M","?","M","$","T","E","$","?","T","M","M","M","?","T","R","B",null,"M","$","?","?","?","?","?","E","T","?","R","M","R","M","R","B"],"character_chosen":"DEFECT","items_purchased":["Thread and Needle","Self Repair","Gash","Membership Card","Defragment","Lee\u0027s Waffle","Frozen Egg 2","Juzu Bracelet"],"campfire_rested":5,"item_purchase_floors":[8,8,8,21,24,36,36,36],"current_hp_per_floor":[82,76,64,64,64,64,54,54,54,54,51,34,18,18,42,12,82,82,82,74,74,88,59,59,59,59,48,46,46,30,30,58,2,96,82,103,103,93,93,93,80,62,62,62,92,75,103,80,103,0],"gold":388,"neow_bonus":"TEN_PERCENT_HP_BONUS","is_prod":false,"is_daily":false,"chose_seed":false,"campfire_upgraded":1,"win_rate":0.0,"timestamp":1546249234,"path_taken":["M","M","?","?","M","R","?","$","T","?","M","E","?","?","R","BOSS","M","?","M","$","?","E","$","?","T","M","M","?","?","?","R","BOSS","M","$","?","?","?","?","?","E","T","?","R","M","R","M","R","BOSS"],"build_version":"2018-12-20","purchased_purges":0,"victory":false,"max_hp_per_floor":[82,82,82,82,82,82,82,82,82,82,82,82,82,82,82,82,82,82,82,82,82,96,96,96,96,96,96,96,96,96,96,96,96,96,96,103,103,103,103,103,103,103,103,103,103,103,103,103,103,103],"card_choices":[{"not_picked":["Barrage","Steam Power"],"picked":"Streamline","floor":1},{"not_picked":["Gash","Compile Driver"],"picked":"Sunder","floor":2},{"not_picked":["Streamline","Coolheaded"],"picked":"Genetic Algorithm","floor":5},{"not_picked":["Undo","Multi-Cast"],"picked":"Hologram","floor":7},{"not_picked":["Leap","Doom and Gloom"],"picked":"Redo","floor":11},{"not_picked":["Streamline","Hologram"],"picked":"Ball Lightning","floor":12},{"not_picked":["Machine Learning","Reboot"],"picked":"Hyperbeam","floor":16},{"not_picked":["Undo","BootSequence+1"],"picked":"Storm","floor":18},{"not_picked":["Stack","Auto Shields"],"picked":"Gash","floor":20},{"not_picked":["Gash","Ball Lightning"],"picked":"Defragment+1","floor":23},{"not_picked":["Streamline","Leap"],"picked":"Beam Cell","floor":27},{"not_picked":["Amplify","Skim"],"picked":"Coolheaded","floor":28},{"not_picked":["Ball Lightning","Turbo"],"picked":"Streamline+1","floor":29},{"not_picked":["Multi-Cast","Biased Cognition"],"picked":"Rainbow","floor":33},{"not_picked":["Stack+1","Leap"],"picked":"Chaos+1","floor":35},{"not_picked":["Trip","The Bomb"],"picked":"Mayhem+1","floor":38},{"not_picked":["Madness","Finesse"],"picked":"Bandage Up","floor":38},{"not_picked":["PanicButton","Purity"],"picked":"Blind","floor":38},{"not_picked":["Storm+1","Hello World+1"],"picked":"Cold Snap+1","floor":42},{"not_picked":["Compile Driver+1","Steam"],"picked":"Conserve Battery+1","floor":46},{"not_picked":["Chaos+1","Streamline"],"picked":"Stack","floor":48}],"player_experience":176761,"relics_obtained":[{"floor":9,"key":"The Courier"},{"floor":12,"key":"Bronze Scales"},{"floor":22,"key":"Mango"},{"floor":23,"key":"DataDisk"},{"floor":26,"key":"Mercury Hourglass"},{"floor":30,"key":"Necronomicon"},{"floor":31,"key":"Letter Opener"},{"floor":42,"key":"Vajra"},{"floor":43,"key":"Happy Flower"}],"event_choices":[{"damage_healed":0,"gold_gain":0,"player_choice":"Success","damage_taken":12,"relics_obtained":["Gambling Chip"],"max_hp_gain":0,"max_hp_loss":0,"event_name":"Scrap Ooze","floor":3,"gold_loss":0},{"damage_healed":0,"gold_gain":275,"player_choice":"Desecrate","damage_taken":0,"max_hp_gain":0,"max_hp_loss":0,"event_name":"Golden Shrine","floor":4,"gold_loss":0,"cards_obtained":["Regret"]},{"damage_healed":0,"gold_gain":0,"player_choice":"Entered Light","damage_taken":16,"max_hp_gain":0,"max_hp_loss":0,"event_name":"Shining Light","floor":13,"gold_loss":0,"cards_upgraded":["Gash","Strike_B"]},{"damage_healed":0,"gold_gain":59,"player_choice":"Gained Gold","damage_taken":0,"max_hp_gain":0,"max_hp_loss":0,"event_name":"Golden Wing","floor":14,"gold_loss":0},{"damage_healed":0,"gold_gain":0,"player_choice":"Bet on Owner","damage_taken":0,"max_hp_gain":0,"max_hp_loss":0,"event_name":"The Joust","floor":19,"gold_loss":50},{"damage_healed":0,"gold_gain":0,"player_choice":"3 cards matched","damage_taken":0,"max_hp_gain":0,"max_hp_loss":0,"event_name":"Match and Keep!","floor":25,"gold_loss":0,"cards_obtained":["Writhe","Biased Cognition","Streamline"]},{"damage_healed":0,"gold_gain":0,"player_choice":"Obtained Book","damage_taken":16,"max_hp_gain":0,"max_hp_loss":0,"event_name":"Cursed Tome","floor":30,"gold_loss":0},{"damage_healed":0,"gold_gain":0,"player_choice":"Paid","damage_taken":0,"relics_obtained":["Red Mask"],"max_hp_gain":0,"max_hp_loss":0,"event_name":"Tomb of Lord Red Mask","floor":37,"gold_loss":12},{"damage_healed":0,"gold_gain":0,"player_choice":"Memory 3","damage_taken":10,"max_hp_gain":0,"max_hp_loss":0,"event_name":"SensoryStone","floor":38,"gold_loss":0},{"damage_healed":0,"gold_gain":275,"player_choice":"Desecrate","damage_taken":0,"max_hp_gain":0,"max_hp_loss":0,"event_name":"Golden Shrine","floor":39,"gold_loss":0,"cards_obtained":["Regret"]},{"cards_removed":["Bandage Up"],"damage_healed":0,"gold_gain":0,"player_choice":"Removed Skill","damage_taken":0,"max_hp_gain":0,"max_hp_loss":0,"event_name":"Falling","floor":40,"gold_loss":0},{"damage_healed":0,"gold_gain":0,"player_choice":"Embrace Madness","damage_taken":13,"max_hp_gain":0,"max_hp_loss":0,"event_name":"Winding Halls","floor":41,"gold_loss":0,"cards_obtained":["Madness","Madness"]},{"damage_healed":0,"gold_gain":0,"player_choice":"2 cards matched","damage_taken":0,"max_hp_gain":0,"max_hp_loss":0,"event_name":"Match and Keep!","floor":44,"gold_loss":0,"cards_obtained":["Purity","Darkness"]}],"is_beta":false,"boss_relics":[{"not_picked":["Ectoplasm","FrozenCore"],"picked":"Sozu"},{"not_picked":["Snecko Eye","Black Star"],"picked":"Lizard Tail"}],"items_purged_floors":[],"is_endless":false,"potions_floor_spawned":[7,12,16,20,23,28],"killed_by":"Awakened One","ascension_level":0}