{"gold_per_floor":[117,117,12,29,39,74,74,133,209,536,546,144,158,172,172,275,275,292,292,311,53,53,86,98,123,162,174,216,228],"floor_reached":29,"playtime":1036,"items_purged":["Normality"],"score":407,"play_id":"104e7a11-e628-4d8d-b5e1-488e97ab0001","local_time":"20181004234149","is_ascension_mode":true,"campfire_choices":[{"floor":7,"key":"REST"},{"floor":15,"key":"REST"},{"floor":27,"key":"REST"}],"neow_cost":"CURSE","seed_source_timestamp":140692723824235,"circlet_count":0,"master_deck":["Defend_B","Defend_B","Defend_B","Defend_B","Zap","Dualcast","Steam","Compile Driver","Beam Cell+1","Loop","BootSequence","Scrape","Buffer","Sunder","Conserve Battery","Lockon+1","Apotheosis","Electrodynamics","Parasite","Writhe","Go for the Eyes","Double Energy","Force Field","Self Repair+1","Melter+1","Go for the Eyes+1","Seek"],"relics":["Cracked Core","Dream Catcher","Happy Flower","Gremlin Horn","Old Coin","DataDisk","Calling Bell","Blue Candle","Oddly Smooth Stone","Pocketwatch","Pear","MawBank","Whetstone","PreservedInsect"],"potions_floor_usage":[6,8,8,10,10,12,16,18,23,25],"damage_taken":[{"damage":2,"enemies":"Jaw Worm","floor":1,"turns":3},{"damage":1,"enemies":"Cultist","floor":4,"turns":3},{"damage":8,"enemies":"Small Slimes","floor":5,"turns":2},{"damage":24,"enemies":"Gremlin Nob","floor":6,"turns":4},{"damage":16,"enemies":"Gremlin Nob","floor":8,"turns":4},{"damage":5,"enemies":"3 Sentries","floor":10,"turns":5},{"damage":2,"enemies":"Looter","floor":11,"turns":3},{"damage":0,"enemies":"Exordium Wildlife","floor":13,"turns":3},{"damage":0,"enemies":"Blue Slaver","floor":14,"turns":2},{"damage":20,"enemies":"Hexaghost","floor":16,"turns":7},{"damage":7,"enemies":"2 Thieves","floor":18,"turns":3},{"damage":20,"enemies":"3 Byrds","floor":20,"turns":3},{"damage":21,"enemies":"Book of Stabbing","floor":23,"turns":6},{"damage":44,"enemies":"Snake Plant","floor":25,"turns":5},{"damage":44,"enemies":"Slavers","floor":28,"turns":5},{"damage":16,"enemies":"Shelled Parasite and Fungi","floor":29,"turns":3}],"seed_played":"3254499223123451711","potions_obtained":[{"floor":2,"key":"FearPotion"},{"floor":2,"key":"FearPotion"},{"floor":2,"key":"SmokeBomb"},{"floor":5,"key":"Explosive Potion"},{"floor":6,"key":"PowerPotion"},{"floor":8,"key":"GamblersBrew"},{"floor":10,"key":"FearPotion"},{"floor":11,"key":"Fruit Juice"},{"floor":14,"key":"Fire Potion"},{"floor":18,"key":"Regen Potion"},{"floor":23,"key":"AttackPotion"},{"floor":28,"key":"Ancient Potion"}],"is_trial":false,"path_per_floor":["M","?","$","M","M","E","R","?","T","E","M","$","M","M","R","B",null,"M","?","M","$","?","E","$","M","T","R","E"],"character_chosen":"DEFECT","items_purchased":["Loop","BootSequence","Apotheosis","DataDisk","Pear"],"campfire_rested":3,"item_purchase_floors":[3,3,12,12,21],"current_hp_per_floor":[66,66,66,65,57,33,55,39,39,34,32,37,37,37,61,41,70,63,63,43,53,53,57,57,23,23,50,16,0],"gold":228,"neow_bonus":"TRANSFORM_TWO_CARDS","is_prod":false,"is_daily":false,"chose_seed":false,"campfire_upgraded":0,"win_rate":0,"timestamp":1538689309,"path_taken":["M","?","?","?","M","E","R","?","T","E","M","$","M","?","R","BOSS","M","?","M","?","?","E","?","M","T","R","E","M"],"build_version":"2018-10-04","purchased_purges":1,"victory":false,"max_hp_per_floor":[75,75,75,75,75,75,75,75,75,75,75,80,80,80,80,80,80,80,80,80,90,90,90,90,90,90,90,90,90],"card_choices":[{"not_picked":["Force Field","Rebound"],"picked":"Beam Cell","floor":1},{"not_picked":["Streamline","Go for the Eyes"],"picked":"Scrape","floor":4},{"not_picked":["Stack","Redo","Cold Snap"],"picked":"SKIP","floor":5},{"not_picked":["Steam Power","Doom and Gloom"],"picked":"Buffer","floor":6},{"not_picked":["Redo","Conserve Battery"],"picked":"Sunder","floor":7},{"not_picked":["Ball Lightning","Steam"],"picked":"Conserve Battery","floor":8},{"not_picked":["Chill","Sunder"],"picked":"Lockon","floor":10},{"not_picked":["Force Field","Redo","Conserve Battery"],"picked":"SKIP","floor":11},{"not_picked":["Coolheaded","Barrage","Aggregate"],"picked":"SKIP","floor":13},{"not_picked":["Hologram","Static Discharge","Lockon"],"picked":"SKIP","floor":14},{"not_picked":["Hyperbeam","Reboot"],"picked":"Electrodynamics","floor":16},{"not_picked":["Ball Lightning","Leap"],"picked":"Go for the Eyes","floor":18},{"not_picked":["Steam","Redo"],"picked":"Self Repair+1","floor":20},{"not_picked":["Sweeping Beam","Glacier","Stack"],"picked":"SKIP","floor":23},{"not_picked":["Aggregate","Turbo"],"picked":"Melter+1","floor":25},{"not_picked":["Undo","Rebound"],"picked":"Go for the Eyes+1","floor":27},{"not_picked":["Buffer","Gash"],"picked":"Seek","floor":28}],"player_experience":148014,"relics_obtained":[{"floor":6,"key":"Dream Catcher"},{"floor":8,"key":"Happy Flower"},{"floor":9,"key":"Gremlin Horn"},{"floor":10,"key":"Old Coin"},{"floor":17,"key":"Blue Candle"},{"floor":17,"key":"Oddly Smooth Stone"},{"floor":17,"key":"Pocketwatch"},{"floor":23,"key":"MawBank"},{"floor":26,"key":"Whetstone"},{"floor":28,"key":"PreservedInsect"}],"event_choices":[{"event_name":"The Lab","player_choice":"Got Potions","floor":2,"damage_taken":0},{"event_name":"Dead Adventurer","player_choice":"Searched \u00271\u0027 times","floor":8,"damage_taken":0},{"event_name":"Drug Dealer","player_choice":"Became Test Subject","floor":19,"damage_taken":0},{"event_name":"Back to Basics","player_choice":"Elegance","floor":22,"damage_taken":0}],"is_beta":true,"boss_relics":[{"not_picked":["Coffee Dripper","Tiny House"],"picked":"Calling Bell"}],"items_purged_floors":[12],"is_endless":false,"potions_floor_spawned":[5,6,8,10,11,14,18,23,28],"killed_by":"Shelled Parasite and Fungi","ascension_level":8}