{"gold_per_floor":[119,136,136,136,286,286,25,25,25,25,25,52,64,64,64,137,137,152,44,58,58,58,91,91,91,147,47,71,102,131,143,155,244,256,283,295,307],"floor_reached":37,"playtime":1227,"items_purged":["Doubt","Decay"],"score":862,"play_id":"c8af5253-a6ea-49d5-9e8e-91f9cba4a230","local_time":"20190506004611","is_ascension_mode":true,"campfire_choices":[{"data":"Bouncing Flask","floor":6.0,"key":"SMITH"},{"data":"Dagger Spray","floor":8.0,"key":"SMITH"},{"data":"Leg Sweep","floor":10.0,"key":"SMITH"},{"data":"Crippling Poison","floor":15.0,"key":"SMITH"},{"floor":25.0,"key":"REST"},{"floor":32.0,"key":"REST"}],"neow_cost":"NONE","seed_source_timestamp":0,"circlet_count":0,"master_deck":["AscendersBane","Defend_G","Defend_G","Defend_G","Defend_G","Strike_G","Strike_G","Survivor","Neutralize","Catalyst+1","Bouncing Flask+1","Well Laid Plans","Leg Sweep+1","Dagger Spray+1","Crippling Poison+1","Envenom+1","Concentrate+1","Bouncing Flask+1","Bane+1","Deep Breath","Footwork","Escape Plan","Setup+1","Deadly Poison","Deadly Poison"],"special_seed":0,"relics":["Ring of the Serpent","NeowsBlessing","Molten Egg 2","Dream Catcher","Astrolabe","Tough Bandages","Tiny Chest","MawBank","Girya","Bronze Scales"],"potions_floor_usage":[],"damage_taken":[{"damage":0.0,"enemies":"Jaw Worm","floor":1.0,"turns":1.0},{"damage":0.0,"enemies":"2 Louse","floor":2.0,"turns":2.0},{"damage":0.0,"enemies":"Lagavulin","floor":12.0,"turns":1.0},{"damage":0.0,"enemies":"Small Slimes","floor":13.0,"turns":3.0},{"damage":23.0,"enemies":"Hexaghost","floor":16.0,"turns":6.0},{"damage":0.0,"enemies":"Spheric Guardian","floor":18.0,"turns":3.0},{"damage":12.0,"enemies":"Shell Parasite","floor":20.0,"turns":4.0},{"damage":32.0,"enemies":"Gremlin Leader","floor":23.0,"turns":7.0},{"damage":2.0,"enemies":"Cultist and Chosen","floor":29.0,"turns":4.0},{"damage":18.0,"enemies":"Snake Plant","floor":30.0,"turns":4.0},{"damage":28.0,"enemies":"Collector","floor":33.0,"turns":6.0},{"damage":0.0,"enemies":"3 Shapes","floor":35.0,"turns":4.0},{"damage":0,"enemies":"3 Darklings","floor":37,"turns":1}],"seed_played":"-1701194078500260793","potions_obtained":[{"floor":2.0,"key":"Explosive Potion"},{"floor":12.0,"key":"Block Potion"},{"floor":13.0,"key":"SkillPotion"},{"floor":20.0,"key":"Explosive Potion"},{"floor":23.0,"key":"Fire Potion"},{"floor":30.0,"key":"PowerPotion"}],"is_trial":false,"path_per_floor":["M","M","?","?","?","R","$","R","T","R","$","E","M","?","R","B",null,"M","$","M","$","?","E","?","R","T","$","T","M","M","T","R","B",null,"M","T","M"],"character_chosen":"THE_SILENT","items_purchased":["Well Laid Plans","Leg Sweep","Dagger Spray","Deep Breath"],"campfire_rested":2,"item_purchase_floors":[7,7,7,19],"current_hp_per_floor":[59,59,52,52,52,52,52,52,52,52,52,52,52,52,52,29,57,57,57,45,45,45,13,13,32,32,32,32,30,12,12,31,3,50,50,50,50],"gold":307,"neow_bonus":"THREE_ENEMY_KILL","is_prod":false,"is_daily":false,"chose_seed":false,"campfire_upgraded":4,"win_rate":0,"timestamp":1557117971,"path_taken":["M","M","?","?","?","R","$","R","T","R","$","E","M","?","R","BOSS","M","$","M","$","?","E","?","R","T","$","?","M","?","?","R","BOSS","M","?","M"],"build_version":"2019-04-23","purchased_purges":2,"victory":false,"max_hp_per_floor":[66,66,66,66,66,66,66,66,66,66,66,66,66,66,66,66,66,66,66,66,66,66,66,66,66,66,66,66,66,66,66,66,66,66,66,66,66],"card_choices":[{"not_picked":["Slice","Expertise"],"picked":"Catalyst","floor":1.0},{"not_picked":["Leg Sweep","Quick Slash"],"picked":"Bouncing Flask","floor":2.0},{"not_picked":["Blur","Acrobatics"],"picked":"Crippling Poison","floor":12.0},{"not_picked":["Dagger Throw+1","Outmaneuver","Acrobatics"],"picked":"SKIP","floor":13.0},{"not_picked":["Cloak And Dagger+1","Masterful Stab+1"],"picked":"Bane+1","floor":18.0},{"not_picked":["Dagger Throw+1","Infinite Blades"],"picked":"Footwork","floor":20.0},{"not_picked":["Expertise","Finisher+1","Bouncing Flask"],"picked":"SKIP","floor":23.0},{"not_picked":["Storm of Steel","Bane+1"],"picked":"Escape Plan","floor":25.0},{"not_picked":["Sucker Punch+1","Dagger Spray+1"],"picked":"Setup+1","floor":29.0},{"not_picked":["Dagger Spray+1","Masterful Stab+1","Flechettes+1"],"picked":"SKIP","floor":30.0},{"not_picked":["All Out Attack+1","Underhanded Strike+1"],"picked":"Deadly Poison","floor":32.0},{"not_picked":["Backflip","Poisoned Stab+1"],"picked":"Deadly Poison","floor":35.0}],"player_experience":1402925,"relics_obtained":[{"floor":9.0,"key":"Molten Egg 2"},{"floor":12.0,"key":"Dream Catcher"},{"floor":23.0,"key":"Tough Bandages"},{"floor":26.0,"key":"Tiny Chest"},{"floor":28.0,"key":"MawBank"},{"floor":31.0,"key":"Girya"},{"floor":36.0,"key":"Bronze Scales"}],"event_choices":[{"cards_removed":["Strike_G"],"damage_healed":0.0,"max_hp_gain":0.0,"max_hp_loss":0.0,"gold_gain":0.0,"event_name":"Golden Wing","player_choice":"Card Removal","floor":3.0,"gold_loss":0.0,"damage_taken":7.0},{"damage_healed":0.0,"max_hp_gain":0.0,"max_hp_loss":0.0,"gold_gain":0.0,"event_name":"Living Wall","player_choice":"Grow","floor":4.0,"gold_loss":0.0,"damage_taken":0.0,"cards_upgraded":["Catalyst"]},{"damage_healed":0.0,"max_hp_gain":0.0,"max_hp_loss":0.0,"gold_gain":150.0,"event_name":"Liars Game","player_choice":"AGREE","floor":5.0,"gold_loss":0.0,"damage_taken":0.0,"cards_obtained":["Doubt"]},{"damage_healed":0.0,"max_hp_gain":0.0,"max_hp_loss":0.0,"gold_gain":0.0,"event_name":"The Cleric","player_choice":"Leave","floor":14.0,"gold_loss":0.0,"damage_taken":0.0},{"damage_healed":0.0,"max_hp_gain":0.0,"max_hp_loss":0.0,"gold_gain":0.0,"event_name":"Cursed Tome","player_choice":"Ignored","floor":22.0,"gold_loss":0.0,"damage_taken":0.0},{"damage_healed":0.0,"max_hp_gain":0.0,"max_hp_loss":0.0,"gold_gain":0.0,"event_name":"Forgotten Altar","player_choice":"Smashed Altar","floor":24.0,"gold_loss":0.0,"damage_taken":0.0,"cards_obtained":["Decay"]}],"is_beta":true,"boss_relics":[{"not_picked":["WristBlade","Eternal Feather"],"picked":"Astrolabe"},{"not_picked":["Tiny House","Snecko Eye"],"picked":"Ring of the Serpent"}],"items_purged_floors":[7,27],"is_endless":false,"potions_floor_spawned":[2,12,13,20,23,30],"killed_by":"3 Darklings","ascension_level":20}