{"gold_per_floor":[116,116,132,57,76,103,103,103,103,203,214,214,241,68,68,172,172,184,184,200,211,211,211,221,247,294,119,119,34,46,58,70,82],"floor_reached":33,"playtime":1019,"items_purged":["Defend_R","Strike_R","Strike_R"],"score":326,"play_id":"7319cfc0-e0ce-4dbd-9708-1e4f2f8d913b","local_time":"20190321152236","is_ascension_mode":true,"campfire_choices":[{"floor":12,"key":"REST"},{"data":"Carnage","floor":15,"key":"SMITH"},{"data":"Body Slam","floor":23,"key":"SMITH"},{"data":"Reaper","floor":30,"key":"SMITH"},{"data":"Defend_R","floor":32,"key":"SMITH"}],"neow_cost":"PERCENT_DAMAGE","seed_source_timestamp":149507981310800,"circlet_count":0,"master_deck":["Strike_R","Strike_R","Defend_R+1","Defend_R","Defend_R","Bash","Flex","Barricade","Carnage+1","Reaper+1","Body Slam+1","Carnage+1","Offering"],"relics":["Burning Blood","Pocketwatch","StoneCalendar","Ancient Tea Set","Turnip","Lantern","Coffee Dripper","PreservedInsect","Vajra","MawBank"],"potions_floor_usage":[6,6,11,24,25],"damage_taken":[{"damage":13,"enemies":"Jaw Worm","floor":1,"turns":4},{"damage":6,"enemies":"Cultist","floor":3,"turns":4},{"damage":2,"enemies":"Small Slimes","floor":5,"turns":3},{"damage":35,"enemies":"Lagavulin","floor":6,"turns":4},{"damage":8,"enemies":"Blue Slaver","floor":11,"turns":2},{"damage":23,"enemies":"Slime Boss","floor":16,"turns":7},{"damage":8,"enemies":"Spheric Guardian","floor":18,"turns":4},{"damage":33,"enemies":"2 Thieves","floor":20,"turns":3},{"damage":14,"enemies":"Centurion and Healer","floor":21,"turns":6},{"damage":23,"enemies":"Shelled Parasite and Fungi","floor":24,"turns":3},{"damage":50,"enemies":"Gremlin Leader","floor":25,"turns":7},{"damage":40,"enemies":"Champ","floor":33,"turns":5}],"seed_played":"5316274161930127650","potions_obtained":[{"floor":3,"key":"Poison Potion"},{"floor":5,"key":"Poison Potion"},{"floor":6,"key":"SteroidPotion"},{"floor":16,"key":"Explosive Potion"},{"floor":20,"key":"GamblersBrew"}],"is_trial":false,"path_per_floor":["M","?","M","$","M","E","?","?","T","?","M","R","T","$","R","B",null,"M","?","M","M","?","R","M","E","T","$","?","?","R","$","R","B"],"character_chosen":"IRONCLAD","items_purchased":["Carnage","Energy Potion"],"campfire_rested":1,"item_purchase_floors":[14,27],"current_hp_per_floor":[49,49,49,49,53,24,6,32,32,32,30,54,54,54,54,37,69,67,67,52,48,74,74,57,27,27,27,27,27,27,27,27,0],"gold":82,"neow_bonus":"ONE_RARE_RELIC","is_prod":false,"is_daily":false,"chose_seed":false,"campfire_upgraded":4,"win_rate":0,"timestamp":1553152956,"path_taken":["M","?","?","$","M","E","?","?","T","?","?","R","?","$","R","BOSS","M","?","M","?","?","R","M","E","T","$","?","?","R","?","R","BOSS"],"build_version":"2019-01-23","purchased_purges":3,"victory":false,"max_hp_per_floor":[80,80,80,80,80,80,80,80,80,80,80,80,80,80,80,80,80,80,80,80,80,80,80,80,80,80,80,80,80,80,80,80,80],"card_choices":[{"not_picked":["Cleave","Infernal Blade","Pommel Strike"],"picked":"SKIP","floor":1},{"not_picked":["Headbutt","Dropkick"],"picked":"Flex","floor":3},{"not_picked":["Cleave","Headbutt","Perfected Strike"],"picked":"SKIP","floor":5},{"not_picked":["Feel No Pain","Entrench"],"picked":"Barricade","floor":6},{"not_picked":["Blood for Blood","Infernal Blade","Headbutt"],"picked":"SKIP","floor":11},{"not_picked":["Bludgeon","Immolate"],"picked":"Reaper","floor":16},{"not_picked":["Heavy Blade","Fire Breathing"],"picked":"Body Slam","floor":18},{"not_picked":["Havoc","Pommel Strike","Spot Weakness+1"],"picked":"SKIP","floor":20},{"not_picked":["Sword Boomerang+1","Cleave","Pommel Strike+1"],"picked":"SKIP","floor":21},{"not_picked":["True Grit","Bloodletting"],"picked":"Offering","floor":24},{"not_picked":["Havoc+1","Heavy Blade","Corruption"],"picked":"SKIP","floor":25}],"player_experience":401417,"relics_obtained":[{"floor":6,"key":"StoneCalendar"},{"floor":9,"key":"Turnip"},{"floor":13,"key":"Lantern"},{"floor":25,"key":"PreservedInsect"},{"floor":26,"key":"Vajra"}],"event_choices":[{"cards_removed":["Strike_R"],"damage_healed":0,"gold_gain":0,"player_choice":"Offered Basic","damage_taken":0,"max_hp_gain":0,"max_hp_loss":0,"event_name":"Bonfire Elementals","floor":2,"gold_loss":0},{"damage_healed":0,"gold_gain":0,"player_choice":"Success","damage_taken":18,"relics_obtained":["Ancient Tea Set"],"max_hp_gain":0,"max_hp_loss":0,"event_name":"Scrap Ooze","floor":7,"gold_loss":0},{"damage_healed":26,"gold_gain":0,"player_choice":"Banana","damage_taken":0,"max_hp_gain":0,"max_hp_loss":0,"event_name":"Big Fish","floor":8,"gold_loss":0},{"damage_healed":0,"gold_gain":100,"player_choice":"Pray","damage_taken":0,"max_hp_gain":0,"max_hp_loss":0,"event_name":"Golden Shrine","floor":10,"gold_loss":0},{"damage_healed":0,"gold_gain":0,"player_choice":"Copied","damage_taken":0,"max_hp_gain":0,"max_hp_loss":0,"event_name":"Duplicator","floor":19,"gold_loss":0,"cards_obtained":["Carnage"]},{"damage_healed":26,"gold_gain":0,"player_choice":"Heal","damage_taken":0,"max_hp_gain":0,"max_hp_loss":0,"event_name":"The Library","floor":22,"gold_loss":0},{"damage_healed":0,"gold_gain":0,"player_choice":"Ignored","damage_taken":0,"max_hp_gain":0,"max_hp_loss":0,"event_name":"Ghosts","floor":28,"gold_loss":0},{"damage_healed":0,"gold_gain":0,"player_choice":"Obtained Relic","damage_taken":0,"relics_obtained":["MawBank"],"max_hp_gain":0,"max_hp_loss":0,"event_name":"Addict","floor":29,"gold_loss":85}],"is_beta":false,"boss_relics":[{"not_picked":["Pandora\u0027s Box","Calling Bell"],"picked":"Coffee Dripper"}],"items_purged_floors":[4,14,27],"is_endless":false,"potions_floor_spawned":[3,5,6,16,20],"killed_by":"Champ","ascension_level":5}