{"gold_per_floor":[118,76,92,111,130,130,130,130,130,130,141,171,171,182,182,260,260,260],"floor_reached":18,"playtime":414,"items_purged":[],"score":324,"play_id":"6b9cf364-4323-40e9-87ce-6dca049a8ef5","local_time":"20190306151616","is_ascension_mode":true,"campfire_choices":[{"data":"Rampage","floor":6,"key":"SMITH"},{"data":"Havoc","floor":8,"key":"SMITH"},{"data":"Bash","floor":10,"key":"SMITH"},{"data":"Offering","floor":13,"key":"SMITH"},{"data":"Flex","floor":15,"key":"SMITH"}],"neow_cost":"NONE","seed_source_timestamp":423439174397698,"circlet_count":0,"master_deck":["AscendersBane","Strike_R","Strike_R","Strike_R","Strike_R","Strike_R","Defend_R","Defend_R","Defend_R","Defend_R","Bash+1","Rampage+1","Dropkick","Havoc+1","Headbutt","Offering+1","Flex+1","Double Tap","Normality","Doubt","Doubt"],"relics":["Burning Blood","NeowsBlessing","Orichalcum","Bottled Flame","Calling Bell","Omamori","Letter Opener","Gambling Chip"],"potions_floor_usage":[5,12,16],"damage_taken":[{"damage":0,"enemies":"Cultist","floor":1,"turns":1},{"damage":0,"enemies":"2 Louse","floor":3,"turns":1},{"damage":0,"enemies":"Small Slimes","floor":4,"turns":1},{"damage":25,"enemies":"Gremlin Gang","floor":5,"turns":5},{"damage":0,"enemies":"2 Fungi Beasts","floor":11,"turns":3},{"damage":2,"enemies":"Gremlin Nob","floor":12,"turns":3},{"damage":6,"enemies":"Large Slime","floor":14,"turns":3},{"damage":44,"enemies":"Hexaghost","floor":16,"turns":6},{"damage":59,"enemies":"3 Byrds","floor":18,"turns":6}],"seed_played":"-7791252000940625733","potions_obtained":[{"floor":4,"key":"PowerPotion"},{"floor":5,"key":"SpeedPotion"},{"floor":11,"key":"SkillPotion"},{"floor":12,"key":"Swift Potion"}],"is_trial":false,"path_per_floor":["M","$","M","M","M","R","$","R","T","R","M","E","R","M","R","B",null,"M"],"character_chosen":"IRONCLAD","items_purchased":["Dropkick"],"campfire_rested":0,"item_purchase_floors":[2],"current_hp_per_floor":[74,74,75,75,56,56,56,56,56,56,62,66,66,66,66,28,63,4],"gold":260,"neow_bonus":"THREE_ENEMY_KILL","is_prod":false,"is_daily":false,"chose_seed":false,"campfire_upgraded":5,"win_rate":0,"timestamp":1551903376,"path_taken":["M","$","?","M","M","R","$","R","T","R","M","E","R","M","R","BOSS","M"],"build_version":"2019-01-23","purchased_purges":0,"victory":false,"max_hp_per_floor":[75,75,75,75,75,75,75,75,75,75,75,75,75,75,75,75,75,75],"card_choices":[{"not_picked":["Sword Boomerang","Metallicize"],"picked":"Rampage","floor":1},{"not_picked":["Pommel Strike","Flame Barrier"],"picked":"Havoc","floor":3},{"not_picked":["Intimidate","Dual Wield"],"picked":"Headbutt","floor":4},{"not_picked":["Burning Pact","Shrug It Off","Clash"],"picked":"SKIP","floor":5},{"not_picked":["Pommel Strike","Havoc","Perfected Strike"],"picked":"SKIP","floor":11},{"not_picked":["Blood for Blood","Cleave"],"picked":"Offering","floor":12},{"not_picked":["Shockwave","Rampage"],"picked":"Flex","floor":14},{"not_picked":["Feed","Juggernaut"],"picked":"Double Tap","floor":16}],"player_experience":853255,"relics_obtained":[{"floor":9,"key":"Orichalcum"},{"floor":12,"key":"Bottled Flame"},{"floor":17,"key":"Omamori"},{"floor":17,"key":"Letter Opener"},{"floor":17,"key":"Gambling Chip"}],"event_choices":[],"is_beta":false,"boss_relics":[{"not_picked":["Velvet Choker","Coffee Dripper"],"picked":"Calling Bell"}],"items_purged_floors":[],"is_endless":false,"potions_floor_spawned":[4,5,11,12],"killed_by":"3 Byrds","ascension_level":20}