{"gold_per_floor":[111,186,186,205,217,250,250,270,270,270,303,320,320,331,331,434,434,447,362,392,392,408,408,428,460,460,460],"floor_reached":27,"playtime":1496,"items_purged":[],"score":243,"play_id":"c79f9393-277d-4612-b06a-f81539184684","local_time":"20181231001657","is_ascension_mode":false,"campfire_choices":[{"floor":7,"key":"REST"},{"floor":10,"key":"REST"},{"floor":13,"key":"REST"},{"floor":15,"key":"REST"},{"floor":23,"key":"REST"}],"neow_cost":"PERCENT_DAMAGE","seed_source_timestamp":205615471523243,"circlet_count":0,"master_deck":["Strike_B","Strike_B","Strike_B","Strike_B","Defend_B","Defend_B","Defend_B","Defend_B","Zap","Dualcast","Leap","Ball Lightning","Streamline","Ball Lightning","Skim","Echo Form","Hologram","Turbo","Buffer","Redo","Normality","Doom and Gloom","Fusion+1","Buffer","Injury"],"relics":["Cracked Core","Pen Nib","StoneCalendar","Dodecahedron","Regal Pillow","Cursed Key","Pantograph","Tiny Chest","Enchiridion","Smiling Mask","Boot"],"potions_floor_usage":[25,25,25],"damage_taken":[{"damage":5,"enemies":"Small Slimes","floor":1,"turns":3},{"damage":1,"enemies":"Jaw Worm","floor":4,"turns":4},{"damage":1,"enemies":"Cultist","floor":5,"turns":3},{"damage":26,"enemies":"3 Sentries","floor":6,"turns":7},{"damage":29,"enemies":"Gremlin Gang","floor":8,"turns":4},{"damage":22,"enemies":"Lagavulin","floor":11,"turns":5},{"damage":0,"enemies":"Large Slime","floor":12,"turns":3},{"damage":7,"enemies":"Exordium Thugs","floor":14,"turns":4},{"damage":40,"enemies":"The Guardian","floor":16,"turns":7},{"damage":24,"enemies":"3 Byrds","floor":18,"turns":5},{"damage":10,"enemies":"Spheric Guardian","floor":22,"turns":4},{"damage":18,"enemies":"Snecko","floor":24,"turns":4},{"damage":59,"enemies":"Slavers","floor":25,"turns":5},{"damage":10,"enemies":"Shelled Parasite and Fungi","floor":27,"turns":1}],"seed_played":"-8811374812470702285","potions_obtained":[{"floor":1,"key":"Swift Potion"},{"floor":8,"key":"Block Potion"},{"floor":11,"key":"Weak Potion"},{"floor":24,"key":"SkillPotion"}],"is_trial":false,"path_per_floor":["M","?","T","M","M","E","R","M","T","R","E","M","R","M","R","B",null,"M","?","T","?","M","R","M","E","T","M"],"character_chosen":"DEFECT","items_purchased":[],"campfire_rested":5,"item_purchase_floors":[],"current_hp_per_floor":[63,52,52,51,50,24,50,21,21,47,25,25,66,59,89,49,89,65,65,65,49,39,80,62,3,3,0],"gold":460,"neow_bonus":"TWENTY_PERCENT_HP_BONUS","is_prod":false,"is_daily":false,"chose_seed":false,"campfire_upgraded":0,"win_rate":0.0,"timestamp":1546244217,"path_taken":["M","?","?","?","?","E","R","M","T","R","E","M","R","M","R","BOSS","M","?","?","?","M","R","M","E","T","?"],"build_version":"2018-12-20","purchased_purges":0,"victory":false,"max_hp_per_floor":[89,89,89,89,89,89,89,89,89,89,89,89,89,89,89,89,89,89,89,89,89,89,89,89,89,89,89],"card_choices":[{"not_picked":["Sweeping Beam","Conserve Battery"],"picked":"Leap","floor":1},{"not_picked":["Undo","Reprogram"],"picked":"Ball Lightning","floor":4},{"not_picked":["Conserve Battery","Sweeping Beam"],"picked":"Streamline","floor":5},{"not_picked":["Rebound","Loop"],"picked":"Ball Lightning","floor":6},{"not_picked":["Blizzard","Streamline"],"picked":"Skim","floor":8},{"not_picked":["Leap","Scrape"],"picked":"Echo Form","floor":11},{"not_picked":["Sweeping Beam","Turbo"],"picked":"Hologram","floor":12},{"not_picked":["Barrage","Cold Snap"],"picked":"Turbo","floor":14},{"not_picked":["Meteor Strike","All For One"],"picked":"Buffer","floor":16},{"not_picked":["Hologram+1","BootSequence"],"picked":"Redo","floor":18},{"not_picked":["Stack","Turbo"],"picked":"Doom and Gloom","floor":22},{"not_picked":["Chaos","Hologram"],"picked":"Fusion+1","floor":24},{"not_picked":["Rip and Tear","Go for the Eyes"],"picked":"Buffer","floor":25}],"player_experience":173352,"relics_obtained":[{"floor":3,"key":"Pen Nib"},{"floor":6,"key":"StoneCalendar"},{"floor":9,"key":"Dodecahedron"},{"floor":11,"key":"Regal Pillow"},{"floor":20,"key":"Tiny Chest"},{"floor":21,"key":"Enchiridion"},{"floor":25,"key":"Smiling Mask"},{"floor":26,"key":"Boot"}],"event_choices":[{"damage_healed":0,"gold_gain":75,"player_choice":"Gather Gold","damage_taken":11,"max_hp_gain":0,"max_hp_loss":0,"event_name":"World of Goop","floor":2,"gold_loss":0},{"damage_healed":0,"gold_gain":0,"player_choice":"Obtained Relic","damage_taken":0,"relics_obtained":["Pantograph"],"max_hp_gain":0,"max_hp_loss":0,"event_name":"Addict","floor":19,"gold_loss":85},{"damage_healed":0,"gold_gain":0,"player_choice":"Obtained Book","damage_taken":16,"max_hp_gain":0,"max_hp_loss":0,"event_name":"Cursed Tome","floor":21,"gold_loss":0}],"is_beta":false,"boss_relics":[{"not_picked":["Black Star","Runic Dome"],"picked":"Cursed Key"}],"items_purged_floors":[],"is_endless":false,"potions_floor_spawned":[1,8,11,14,22,24],"killed_by":"Shelled Parasite and Fungi","ascension_level":0}