{"gold_per_floor":[16,31,48,48,68,68,79,105,105,105,124,124,144,69,69,170,170,187,203,223,236,248,248,261,296,296,296,296,73,88,101,101,202,202,212,8,108,61,79,79,0,15,15,32,52,52,52,72,72,72],"floor_reached":51,"playtime":5528,"items_purged":["Strike_B","Defend_B"],"score":911,"play_id":"332a98b1-7b85-4673-9167-306ffb1f228a","local_time":"20190506020623","is_ascension_mode":true,"campfire_choices":[{"data":"Defragment","floor":6,"key":"SMITH"},{"floor":10,"key":"REST"},{"floor":12,"key":"REST"},{"data":"Genetic Algorithm","floor":15,"key":"SMITH"},{"floor":23,"key":"REST"},{"floor":28,"key":"REST"},{"floor":32,"key":"REST"},{"data":"Echo Form","floor":40,"key":"SMITH"},{"floor":47,"key":"REST"},{"floor":49,"key":"REST"}],"neow_cost":"NO_GOLD","seed_source_timestamp":91709954349800,"circlet_count":0,"master_deck":["Defend_B","Defend_B","Defend_B","Zap","Dualcast","Defragment+1","FTL+1","Go for the Eyes","Cold Snap","Genetic Algorithm+1","Echo Form+1","Cold Snap","FTL","Core Surge","Stack+1","Amplify+1","Creative AI+1","Sweeping Beam","Auto Shields","Undo","Loop","BootSequence","Coolheaded","FTL+1","Ball Lightning","Self Repair","Electrodynamics","Defragment+1","Conserve Battery","Conserve Battery+1"],"relics":["Cracked Core","Nunchaku","Art of War","Bottled Flame","Odd Mushroom","Astrolabe","Kunai","Matryoshka","PreservedInsect","Busted Crown","DollysMirror","Red Mask","Strawberry","Bottled Lightning","Whetstone","Sundial"],"potions_floor_usage":[13,16,18,20,22,24,25,30,42,50,50,50],"damage_taken":[{"damage":0,"enemies":"Small Slimes","floor":1,"turns":2},{"damage":3,"enemies":"2 Louse","floor":2,"turns":3},{"damage":2,"enemies":"Jaw Worm","floor":3,"turns":4},{"damage":3,"enemies":"Large Slime","floor":5,"turns":5},{"damage":15,"enemies":"Lots of Slimes","floor":7,"turns":4},{"damage":17,"enemies":"Gremlin Nob","floor":8,"turns":5},{"damage":13,"enemies":"3 Louse","floor":11,"turns":4},{"damage":6,"enemies":"The Mushroom Lair","floor":13,"turns":4},{"damage":0,"enemies":"Slime Boss","floor":16,"turns":14},{"damage":5,"enemies":"3 Byrds","floor":18,"turns":5},{"damage":7,"enemies":"Spheric Guardian","floor":19,"turns":6},{"damage":7,"enemies":"Shelled Parasite and Fungi","floor":20,"turns":7},{"damage":16,"enemies":"Snecko","floor":21,"turns":8},{"damage":3,"enemies":"3 Cultists","floor":22,"turns":5},{"damage":4,"enemies":"Chosen and Byrds","floor":24,"turns":7},{"damage":48,"enemies":"Slavers","floor":25,"turns":12},{"damage":5,"enemies":"Snake Plant","floor":30,"turns":9},{"damage":2,"enemies":"Centurion and Healer","floor":31,"turns":9},{"damage":43,"enemies":"Collector","floor":33,"turns":20},{"damage":3,"enemies":"Orb Walker","floor":35,"turns":4},{"damage":7,"enemies":"3 Darklings","floor":39,"turns":5},{"damage":6,"enemies":"Writhing Mass","floor":42,"turns":8},{"damage":0,"enemies":"4 Shapes","floor":44,"turns":5},{"damage":37,"enemies":"Transient","floor":45,"turns":5},{"damage":18,"enemies":"Jaw Worm Horde","floor":48,"turns":5},{"damage":28,"enemies":"Awakened One","floor":50,"turns":16}],"seed_played":"-7193215100355401433","potions_obtained":[{"floor":1,"key":"GamblersBrew"},{"floor":2,"key":"Weak Potion"},{"floor":7,"key":"SpeedPotion"},{"floor":8,"key":"Swift Potion"},{"floor":16,"key":"Fire Potion"},{"floor":18,"key":"Explosive Potion"},{"floor":19,"key":"Ancient Potion"},{"floor":21,"key":"Swift Potion"},{"floor":25,"key":"Poison Potion"},{"floor":31,"key":"Dexterity Potion"},{"floor":35,"key":"Ancient Potion"},{"floor":44,"key":"FearPotion"}],"is_trial":false,"path_per_floor":["M","M","M","?","M","R","M","E","T","R","M","R","?","$","R","B",null,"M","M","M","M","M","R","M","E","T","?","R","$","M","M","R","B",null,"M","$","?","$","M","R","?","M","T","M","M","T","R","M","R","B",null],"character_chosen":"DEFECT","items_purchased":["Regen Potion","Dexterity Potion","DollysMirror","Conserve Battery"],"campfire_rested":7,"item_purchase_floors":[29,29,36,38],"current_hp_per_floor":[68,65,63,63,60,60,45,28,28,50,37,59,53,53,53,53,70,65,58,51,35,32,54,50,2,2,2,24,24,34,32,54,18,61,58,58,58,58,58,58,58,59,66,66,36,36,60,56,80,52],"gold":72,"neow_bonus":"ONE_RARE_RELIC","is_prod":false,"is_daily":false,"chose_seed":false,"campfire_upgraded":3,"win_rate":0,"timestamp":1557122783,"path_taken":["M","M","M","?","M","R","M","E","T","R","M","R","?","?","R","BOSS","M","M","M","M","M","R","M","E","T","?","R","$","?","M","R","BOSS","M","$","?","?","?","R","?","M","T","M","M","?","R","?","R","BOSS"],"build_version":"2019-01-23","purchased_purges":2,"victory":true,"max_hp_per_floor":[75,75,75,75,75,75,75,75,75,75,75,75,75,75,75,75,75,75,75,75,75,75,75,75,75,75,75,75,75,75,75,75,75,75,75,75,75,75,75,75,75,75,82,82,82,82,82,82,82,82],"card_choices":[{"not_picked":["Genetic Algorithm","Rip and Tear"],"picked":"Defragment","floor":1},{"not_picked":["Static Discharge","Reinforced Body"],"picked":"FTL","floor":2},{"not_picked":["Redo","Streamline"],"picked":"Go for the Eyes","floor":3},{"not_picked":["Conserve Battery","Go for the Eyes"],"picked":"Cold Snap","floor":5},{"not_picked":["Turbo","Hologram"],"picked":"Genetic Algorithm","floor":7},{"not_picked":["Reinforced Body","Loop"],"picked":"Echo Form","floor":8},{"not_picked":["Redo","Steam"],"picked":"Cold Snap","floor":11},{"not_picked":["Streamline","Gash"],"picked":"FTL","floor":13},{"not_picked":["Seek","Hyperbeam"],"picked":"Core Surge","floor":16},{"not_picked":["Streamline+1","Compile Driver"],"picked":"Sweeping Beam","floor":18},{"not_picked":["Reprogram","Darkness"],"picked":"Auto Shields","floor":19},{"not_picked":["Gash","Rebound"],"picked":"Undo","floor":20},{"not_picked":["Sweeping Beam","Beam Cell"],"picked":"Loop","floor":21},{"not_picked":["Heatsinks","Redo+1"],"picked":"BootSequence","floor":22},{"not_picked":["Stack","Streamline"],"picked":"Coolheaded","floor":24},{"not_picked":["Skim","Double Energy"],"picked":"FTL","floor":25},{"not_picked":["Redo","Go for the Eyes+1"],"picked":"Ball Lightning","floor":30},{"not_picked":["Compile Driver+1","Reboot"],"picked":"Self Repair","floor":31},{"not_picked":["Echo Form","Biased Cognition"],"picked":"Electrodynamics","floor":33},{"not_picked":["Sweeping Beam+1"],"picked":"SKIP","floor":35},{"not_picked":[],"picked":"Conserve Battery+1","floor":39},{"not_picked":["Compile Driver+1"],"picked":"SKIP","floor":42},{"not_picked":["Aggregate"],"picked":"SKIP","floor":44},{"not_picked":["Sunder+1"],"picked":"SKIP","floor":45},{"not_picked":["Ball Lightning"],"picked":"SKIP","floor":48}],"player_experience":428026,"relics_obtained":[{"floor":8,"key":"Art of War"},{"floor":9,"key":"Bottled Flame"},{"floor":13,"key":"Odd Mushroom"},{"floor":25,"key":"Kunai"},{"floor":26,"key":"Matryoshka"},{"floor":43,"key":"Strawberry"},{"floor":43,"key":"Bottled Lightning"},{"floor":46,"key":"Whetstone"},{"floor":46,"key":"Sundial"}],"event_choices":[{"damage_healed":0,"gold_gain":0,"player_choice":"Ignored","damage_taken":0,"max_hp_gain":0,"max_hp_loss":0,"event_name":"Liars Game","floor":4,"gold_loss":0},{"damage_healed":0,"gold_gain":0,"player_choice":"Fought Mushrooms","damage_taken":0,"max_hp_gain":0,"max_hp_loss":0,"event_name":"Mushrooms","floor":13,"gold_loss":0},{"damage_healed":0,"gold_gain":0,"player_choice":"Gave Potion","damage_taken":0,"relics_obtained":["PreservedInsect"],"max_hp_gain":0,"max_hp_loss":0,"event_name":"WeMeetAgain","floor":27,"gold_loss":0},{"damage_healed":0,"gold_gain":100,"player_choice":"Pray","damage_taken":0,"max_hp_gain":0,"max_hp_loss":0,"event_name":"Golden Shrine","floor":37,"gold_loss":0},{"damage_healed":0,"gold_gain":0,"player_choice":"Paid","damage_taken":0,"relics_obtained":["Red Mask"],"max_hp_gain":0,"max_hp_loss":0,"event_name":"Tomb of Lord Red Mask","floor":41,"gold_loss":79}],"is_beta":false,"boss_relics":[{"not_picked":["Empty Cage","Lizard Tail"],"picked":"Astrolabe"},{"not_picked":["Nuclear Battery","Pandora\u0027s Box"],"picked":"Busted Crown"}],"items_purged_floors":[14,29],"is_endless":false,"potions_floor_spawned":[1,2,7,8,16,18,19,21,25,31,35,44,48],"ascension_level":7}