{"path_per_floor":["M","M","$","?","M","E","R","?","T","M","M","M","$","?","R","B",null,"M","?","M","M","?"],"character_chosen":"THE_SILENT","items_purchased":["Flash of Steel","Noxious Fumes"],"gold_per_floor":[212,227,51,151,161,186,186,136,160,176,195,207,30,30,30,132,132,147,147,161,176,176],"floor_reached":23,"campfire_rested":1,"playtime":1768,"current_hp_per_floor":[70,68,68,68,65,51,51,51,51,43,32,27,27,13,34,15,70,61,61,61,33,33],"items_purged":["Strike_G","Strike_G"],"gold":176,"play_id":"77d5d3e4-59d2-428b-865c-5173cafecd02","is_prod":false,"is_daily":false,"is_ascension_mode":false,"campfire_upgraded":1,"path_taken":["M","M","$","?","?","E","R","?","T","M","M","M","$","?","R","BOSS","M","?","M","M","?","E"],"build_version":"2018-02-01-PROD3","purchased_purges":2,"victory":false,"master_deck":["Defend_G","Defend_G+1","Defend_G","Survivor","Neutralize","Noxious Fumes+1","Deadly Poison+1","Flash of Steel","Burst","Prepared","Bane","Noxious Fumes","Bouncing Flask+1","Doppelganger+1","Blade Dance+1","Outmaneuver+1","Reflex+1"],"max_hp_per_floor":[70,70,70,70,70,70,70,70,70,70,70,70,70,70,70,70,70,70,70,70,70,70],"relics":["Ring of the Snake","Orichalcum","Omamori","Astrolabe"],"card_choices":[{"not_picked":["Backflip","Outmaneuver"],"picked":"Noxious Fumes"},{"not_picked":["Underhanded Strike","Bane"],"picked":"Deadly Poison"},{"not_picked":["Poisoned Stab","Underhanded Strike"],"picked":"Burst"},{"not_picked":["Malaise","Poisoned Stab"],"picked":"Prepared"},{"not_picked":["Poisoned Stab","Deadly Poison"],"picked":"Bane"},{"not_picked":["Quick Slash","Leg Sweep"],"picked":"Outmaneuver"},{"not_picked":["Poisoned Stab","Underhanded Strike"],"picked":"Reflex"}],"player_experience":115017,"potions_floor_usage":[6,12,16,16,21],"damage_taken":[{"damage":0,"enemies":"Cultist","floor":1,"turns":4},{"damage":2,"enemies":"Blue Slaver","floor":2,"turns":5},{"damage":3,"enemies":"Jaw Worm","floor":5,"turns":4},{"damage":14,"enemies":"3 Sentries","floor":6,"turns":8},{"damage":8,"enemies":"3 Louse","floor":10,"turns":3},{"damage":11,"enemies":"Large Slime","floor":11,"turns":7},{"damage":5,"enemies":"Exordium Thugs","floor":12,"turns":6},{"damage":19,"enemies":"The Guardian","floor":16,"turns":7},{"damage":9,"enemies":"Chosen","floor":18,"turns":5},{"damage":0,"enemies":"Spheric Guardian","floor":20,"turns":2},{"damage":28,"enemies":"Slaver and Parasite","floor":21,"turns":6},{"damage":33,"enemies":"Slavers","floor":23,"turns":3}],"event_choices":[{"event_name":"Golden Shrine","player_choice":"Pray","floor":4,"damage_taken":0},{"event_name":"The Cleric","player_choice":"Card Removal","floor":8,"damage_taken":0},{"event_name":"Shining Light","player_choice":"Entered Light","floor":14,"damage_taken":0},{"event_name":"Back to Basics","player_choice":"Elegance","floor":19,"damage_taken":0},{"event_name":"Drug Dealer","player_choice":"Ignored","floor":22,"damage_taken":0}],"boss_relics":[{"not_picked":["Eternal Feather","Lizard Tail"],"picked":"Astrolabe"}],"potions_floor_spawned":[1,6,11,12,16,20],"seed_played":"7064444697881027725","killed_by":"Slavers","ascension_level":0,"is_trial":false}