{"gold_per_floor":[119,60,76,91,167,167,177,177,200,22,33,33,43,68,68,140,140,158,171,171,221,240,240,250,250,250,77,94,94,113,127,127,206,206,225,238,113,129,148,148,181,181,204,29,29,29,49,69,69,69],"floor_reached":51,"playtime":1767,"items_purged":["Strike_G","Strike_G","Strike_G","Strike_G"],"score":1289,"play_id":"6e007911-c99d-4b4d-866f-501f7301d9b8","local_time":"20190329205407","is_ascension_mode":true,"campfire_choices":[{"data":"Noxious Fumes","floor":6,"key":"SMITH"},{"data":"Neutralize","floor":8,"key":"SMITH"},{"data":"Catalyst","floor":12,"key":"SMITH"},{"data":"Deadly Poison","floor":15,"key":"SMITH"},{"data":"Well Laid Plans","floor":23,"key":"SMITH"},{"data":"Footwork","floor":29,"key":"SMITH"},{"data":"Survivor","floor":32,"key":"SMITH"},{"data":"Night Terror","floor":40,"key":"SMITH"},{"data":"Footwork","floor":46,"key":"SMITH"},{"data":"Malaise","floor":49,"key":"SMITH"}],"neow_cost":"NONE","seed_source_timestamp":172950429077409,"circlet_count":0,"master_deck":["AscendersBane","Defend_G","Defend_G","Defend_G","Defend_G","Defend_G","Strike_G","Survivor+1","Neutralize+1","Noxious Fumes+1","Backstab","Backflip+1","All Out Attack","Well Laid Plans+1","Catalyst+1","Deadly Poison+1","Acrobatics+1","Footwork+1","Noxious Fumes+1","Night Terror+1","Malaise+1","Footwork+1","Catalyst+1"],"relics":["Ring of the Snake","NeowsBlessing","Potion Belt","Matryoshka","Boot","Lantern","Orichalcum","Coffee Dripper","Singing Bowl","Busted Crown","Blood Vial","Smiling Mask"],"potions_floor_usage":[14,28,30,33,33,33,35,48,50],"damage_taken":[{"damage":0,"enemies":"Jaw Worm","floor":1,"turns":1},{"damage":0,"enemies":"Cultist","floor":3,"turns":1},{"damage":0,"enemies":"2 Louse","floor":4,"turns":1},{"damage":1,"enemies":"Looter","floor":7,"turns":4},{"damage":0,"enemies":"Exordium Wildlife","floor":11,"turns":3},{"damage":0,"enemies":"2 Fungi Beasts","floor":13,"turns":3},{"damage":20,"enemies":"Gremlin Nob","floor":14,"turns":4},{"damage":22,"enemies":"Slime Boss","floor":16,"turns":6},{"damage":1,"enemies":"3 Byrds","floor":18,"turns":4},{"damage":6,"enemies":"Chosen","floor":19,"turns":5},{"damage":7,"enemies":"Snecko","floor":22,"turns":4},{"damage":14,"enemies":"Centurion and Healer","floor":24,"turns":7},{"damage":6,"enemies":"Snake Plant","floor":28,"turns":4},{"damage":3,"enemies":"3 Cultists","floor":30,"turns":5},{"damage":16,"enemies":"Snecko","floor":31,"turns":6},{"damage":0,"enemies":"Collector","floor":33,"turns":8},{"damage":11,"enemies":"3 Darklings","floor":35,"turns":5},{"damage":2,"enemies":"Orb Walker","floor":36,"turns":5},{"damage":22,"enemies":"Transient","floor":38,"turns":5},{"damage":9,"enemies":"Spire Growth","floor":39,"turns":5},{"damage":5,"enemies":"Nemesis","floor":41,"turns":7},{"damage":0,"enemies":"3 Darklings","floor":47,"turns":5},{"damage":7,"enemies":"Jaw Worm Horde","floor":48,"turns":5},{"damage":2,"enemies":"Time Eater","floor":50,"turns":7}],"seed_played":"-651414452457414924","potions_obtained":[{"floor":3,"key":"EssenceOfSteel"},{"floor":4,"key":"AttackPotion"},{"floor":13,"key":"SteroidPotion"},{"floor":22,"key":"Block Potion"},{"floor":24,"key":"Energy Potion"},{"floor":30,"key":"Dexterity Potion"},{"floor":31,"key":"SpeedPotion"},{"floor":33,"key":"SkillPotion"},{"floor":47,"key":"Regen Potion"},{"floor":48,"key":"LiquidBronze"}],"is_trial":false,"path_per_floor":["M","?","M","M","T","R","M","R","T","$","M","R","M","E","R","B",null,"M","M","?","?","M","R","M","?","T","$","M","R","M","M","R","B",null,"M","M","$","M","M","R","E","?","T","$","?","R","M","M","R","B",null],"character_chosen":"THE_SILENT","items_purchased":["Well Laid Plans","Catalyst","Footwork","Footwork","Swift Potion"],"campfire_rested":0,"item_purchase_floors":[10,10,27,44,44],"current_hp_per_floor":[59,59,59,59,59,59,58,58,58,58,58,58,58,38,38,16,54,53,47,47,47,40,40,26,26,26,26,22,22,21,5,5,5,54,45,45,45,25,18,18,13,15,15,15,15,15,19,31,31,31],"gold":69,"neow_bonus":"THREE_ENEMY_KILL","is_prod":false,"is_daily":false,"chose_seed":true,"campfire_upgraded":10,"win_rate":0,"timestamp":1553864047,"path_taken":["M","?","M","?","?","R","M","R","T","?","M","R","M","E","R","BOSS","M","?","?","?","?","R","M","?","T","$","M","R","M","M","R","BOSS","M","?","$","M","M","R","E","?","T","$","?","R","?","M","R","BOSS"],"build_version":"2019-01-23","purchased_purges":4,"victory":true,"max_hp_per_floor":[66,66,66,66,66,66,66,66,66,66,66,66,66,66,66,66,66,66,66,66,66,66,66,66,66,66,66,68,68,70,70,70,70,70,72,74,74,76,78,78,78,80,80,80,80,80,82,84,84,84],"card_choices":[{"not_picked":["Acrobatics","Deflect"],"picked":"Noxious Fumes","floor":1},{"not_picked":["Skewer","Sucker Punch"],"picked":"Backstab","floor":3},{"not_picked":["Underhanded Strike","Slice"],"picked":"Backflip","floor":4},{"not_picked":["Slice","Sucker Punch"],"picked":"All Out Attack","floor":7},{"not_picked":["Poisoned Stab","Leg Sweep","Skewer"],"picked":"SKIP","floor":11},{"not_picked":["PiercingWail","Riddle With Holes","Envenom"],"picked":"SKIP","floor":13},{"not_picked":["Backflip","Flying Knee"],"picked":"Deadly Poison","floor":14},{"not_picked":["Poisoned Stab","Cloak And Dagger","Dodge and Roll"],"picked":"SKIP","floor":18},{"not_picked":["Choke","Backflip","Noxious Fumes"],"picked":"SKIP","floor":19},{"not_picked":["Flying Knee","Backflip","Slice"],"picked":"SKIP","floor":22},{"not_picked":["Tools of the Trade","Quick Slash"],"picked":"Acrobatics+1","floor":24},{"not_picked":["Poisoned Stab","Cloak And Dagger","Deadly Poison"],"picked":"Singing Bowl","floor":28},{"not_picked":["Underhanded Strike","Finisher","Deflect"],"picked":"Singing Bowl","floor":30},{"not_picked":["Bane","Tactician"],"picked":"Noxious Fumes+1","floor":31},{"not_picked":["Venomology","Glass Knife"],"picked":"Night Terror","floor":33},{"not_picked":["Predator"],"picked":"Singing Bowl","floor":35},{"not_picked":["Underhanded Strike"],"picked":"Singing Bowl","floor":36},{"not_picked":["Endless Agony"],"picked":"Singing Bowl","floor":38},{"not_picked":["Sucker Punch+1"],"picked":"Singing Bowl","floor":39},{"not_picked":[],"picked":"Malaise","floor":41},{"not_picked":["Blind"],"picked":"Singing Bowl","floor":42},{"not_picked":["Finisher"],"picked":"Singing Bowl","floor":47},{"not_picked":["Dagger Throw"],"picked":"Singing Bowl","floor":48}],"player_experience":1296620,"relics_obtained":[{"floor":5,"key":"Matryoshka"},{"floor":9,"key":"Boot"},{"floor":9,"key":"Lantern"},{"floor":14,"key":"Orichalcum"},{"floor":26,"key":"Singing Bowl"},{"floor":41,"key":"Blood Vial"},{"floor":43,"key":"Smiling Mask"}],"event_choices":[{"damage_healed":0,"gold_gain":0,"player_choice":"Paid Gold","damage_taken":0,"relics_obtained":["Potion Belt"],"max_hp_gain":0,"max_hp_loss":0,"event_name":"WeMeetAgain","floor":2,"gold_loss":59},{"damage_healed":0,"gold_gain":0,"player_choice":"Ignored","damage_taken":0,"max_hp_gain":0,"max_hp_loss":0,"event_name":"Vampires","floor":20,"gold_loss":0},{"damage_healed":0,"gold_gain":50,"player_choice":"Stole From Cult","damage_taken":0,"max_hp_gain":0,"max_hp_loss":0,"event_name":"Nest","floor":21,"gold_loss":0},{"damage_healed":0,"gold_gain":0,"player_choice":"Upgraded","damage_taken":0,"max_hp_gain":0,"max_hp_loss":0,"event_name":"Upgrade Shrine","floor":25,"gold_loss":0,"cards_upgraded":["Backflip"]},{"damage_healed":0,"gold_gain":0,"player_choice":"Memory 1","damage_taken":0,"max_hp_gain":0,"max_hp_loss":0,"event_name":"SensoryStone","floor":42,"gold_loss":0},{"damage_healed":0,"gold_gain":0,"player_choice":"Copied","damage_taken":0,"max_hp_gain":0,"max_hp_loss":0,"event_name":"Duplicator","floor":45,"gold_loss":0,"cards_obtained":["Catalyst"]}],"is_beta":false,"boss_relics":[{"not_picked":["White Beast Statue","Velvet Choker"],"picked":"Coffee Dripper"},{"not_picked":["Lizard Tail","Sozu"],"picked":"Busted Crown"}],"items_purged_floors":[10,27,37,44],"is_endless":false,"potions_floor_spawned":[3,4,13,22,24,30,31,33,47,48],"ascension_level":15}