{"gold_per_floor":[214,214,214,58,83,126,126,161,461,486,486,511,511,511,511,607,607,580,505,548,78,91,91,91,124,173,214,89,89,89,107,107,202,202,221,71,71,19,39,39,79,91,103,337,380,392,431,443,455,467,479,491,503,50,81,81],"floor_reached":57,"playtime":3148,"items_purged":["Strike_B","Strike_B","Defend_B","Zap"],"score":3250,"play_id":"42e0811d-aec6-4eb5-8f75-1825a03d0a8d","local_time":"20190313201922","is_ascension_mode":true,"campfire_choices":[{"floor":7.0,"key":"REST"},{"data":"Defragment","floor":11.0,"key":"SMITH"},{"data":"Defragment","floor":13.0,"key":"SMITH"},{"data":"Fission","floor":15.0,"key":"SMITH"},{"floor":23.0,"key":"REST"},{"floor":29.0,"key":"REST"},{"data":"Dualcast","floor":32.0,"key":"SMITH"},{"data":"Coolheaded","floor":40.0,"key":"SMITH"},{"data":"Fission","floor":42.0,"key":"SMITH"},{"floor":46.0,"key":"RECALL"},{"floor":49.0,"key":"REST"},{"floor":53.0,"key":"REST"}],"neow_cost":"NONE","seed_source_timestamp":952847285543436,"circlet_count":0,"master_deck":["AscendersBane","Dualcast+1","Glacier+1","Turbo+1","Defragment+1","Ball Lightning+1","Defragment+1","Coolheaded+1","Stack+1","Fission+1","Meteor Strike+1","Tempest+1","Coolheaded+1","Multi-Cast+1","Undo+1","Skim+1","Glacier+1","Ghostly+1","Ghostly+1","Ghostly+1","Meteor Strike+1","Meteor Strike+1","Fission+1","Auto Shields+1","Skim+1","Hologram+1","Turbo+1","Echo Form+1","Capacitor+1","Tempest"],"special_seed":0,"relics":["Cracked Core","Golden Idol","Ice Cream","Blood Vial","Old Coin","Runic Dome","Red Mask","Chemical X","War Paint","Lantern","Torii","Pandora\u0027s Box","MawBank","Ancient Tea Set","Pen Nib","Mark of the Bloom","Anchor","Art of War","Kunai"],"potions_floor_usage":[56,56],"damage_taken":[{"damage":8.0,"enemies":"2 Louse","floor":1.0,"turns":3.0},{"damage":1.0,"enemies":"Jaw Worm","floor":5.0,"turns":4.0},{"damage":42.0,"enemies":"Gremlin Nob","floor":6.0,"turns":5.0},{"damage":11.0,"enemies":"Lagavulin","floor":8.0,"turns":6.0},{"damage":1.0,"enemies":"Small Slimes","floor":10.0,"turns":4.0},{"damage":3.0,"enemies":"Blue Slaver","floor":12.0,"turns":4.0},{"damage":3.0,"enemies":"Lots of Slimes","floor":14.0,"turns":2.0},{"damage":0.0,"enemies":"The Guardian","floor":16.0,"turns":8.0},{"damage":12.0,"enemies":"2 Thieves","floor":18.0,"turns":4.0},{"damage":33.0,"enemies":"Masked Bandits","floor":20.0,"turns":4.0},{"damage":0.0,"enemies":"3 Byrds","floor":22.0,"turns":2.0},{"damage":0.0,"enemies":"Gremlin Leader","floor":25.0,"turns":4.0},{"damage":23.0,"enemies":"Slavers","floor":27.0,"turns":3.0},{"damage":6.0,"enemies":"Snake Plant","floor":31.0,"turns":3.0},{"damage":0.0,"enemies":"Automaton","floor":33.0,"turns":11.0},{"damage":3.0,"enemies":"3 Darklings","floor":35.0,"turns":5.0},{"damage":1.0,"enemies":"3 Shapes","floor":39.0,"turns":2.0},{"damage":0.0,"enemies":"Giant Head","floor":41.0,"turns":6.0},{"damage":0.0,"enemies":"Nemesis","floor":45.0,"turns":3.0},{"damage":0.0,"enemies":"Donu and Deca","floor":50.0,"turns":3.0},{"damage":0.0,"enemies":"Awakened One","floor":51.0,"turns":7.0},{"damage":18.0,"enemies":"Shield and Spear","floor":55.0,"turns":4.0},{"damage":8,"enemies":"The Heart","floor":56,"turns":10}],"seed_played":"7497745540210963427","potions_obtained":[{"floor":6.0,"key":"PowerPotion"},{"floor":8.0,"key":"SmokeBomb"},{"floor":16.0,"key":"Fire Potion"},{"floor":20.0,"key":"Ancient Potion"},{"floor":27.0,"key":"Fire Potion"}],"is_trial":false,"path_per_floor":["M","?","?","$","M","E","R","E","T","M","R","M","R","M","R","B",null,"M","?","?","$","M","R","?","E","T","E","$","R","?","M","R","B",null,"M","$","?","$","M","R","E","R","T","?","E","R","T","?","R","B","B",null,"R","$","E","B",null],"character_chosen":"DEFECT","items_purchased":["Defragment","Chemical X","Multi-Cast","Hologram","Anchor","SpeedPotion","Art of War","Tempest"],"campfire_rested":5,"item_purchase_floors":[4,21,21,38,54,54,54,54],"current_hp_per_floor":[56,56,56,56,55,13,32,21,21,22,22,21,21,20,20,22,54,44,44,13,13,15,34,34,36,36,15,15,34,32,26,26,28,31,29,29,29,29,30,30,32,32,32,32,32,32,32,32,32,32,32,32,32,32,14,6],"gold":81,"neow_bonus":"HUNDRED_GOLD","is_prod":false,"is_daily":false,"chose_seed":false,"campfire_upgraded":6,"win_rate":0,"timestamp":1552479562,"path_taken":["M","?","?","$","M","E","R","E","T","M","R","M","R","M","R","BOSS","M","?","?","$","M","R","?","E","T","E","$","R","?","?","R","BOSS","M","$","?","$","?","R","E","R","T","?","E","R","?","?","R","BOSS","BOSS","R","$","E","BOSS"],"build_version":"2019-01-23","purchased_purges":4,"victory":true,"max_hp_per_floor":[71,64,64,64,64,64,64,64,64,64,64,64,64,64,64,64,64,64,64,64,64,64,64,64,64,64,64,64,64,32,32,32,32,32,32,32,32,32,32,32,32,32,32,32,32,32,32,32,32,32,32,32,32,32,32,32],"card_choices":[{"not_picked":["Beam Cell","Hologram"],"picked":"Glacier","floor":1.0},{"not_picked":["Aggregate","Streamline"],"picked":"Ball Lightning","floor":5.0},{"not_picked":["Storm","Gash"],"picked":"Defragment","floor":6.0},{"not_picked":["Hologram","Storm"],"picked":"Coolheaded","floor":8.0},{"not_picked":["Sweeping Beam","Doom and Gloom"],"picked":"Stack","floor":10.0},{"not_picked":["Genetic Algorithm","Go for the Eyes"],"picked":"Fission","floor":12.0},{"not_picked":["Machine Learning","Rainbow"],"picked":"Meteor Strike","floor":16.0},{"not_picked":["Rebound","Blizzard"],"picked":"Tempest","floor":18.0},{"not_picked":["Redo","Ball Lightning"],"picked":"Coolheaded","floor":20.0},{"not_picked":["Conserve Battery","Fusion+1"],"picked":"Undo+1","floor":22.0},{"not_picked":["Chaos","Gash"],"picked":"Skim+1","floor":25.0},{"not_picked":["Sweeping Beam","Beam Cell"],"picked":"Glacier","floor":27.0},{"not_picked":["Leap+1","Stack","Static Discharge"],"picked":"SKIP","floor":31.0},{"not_picked":["Creative AI","All For One"],"picked":"Meteor Strike","floor":33.0},{"not_picked":["Rebound","Sweeping Beam"],"picked":"Skim","floor":35.0},{"not_picked":["FTL","Beam Cell"],"picked":"Turbo+1","floor":39.0},{"not_picked":["Core Surge","Sunder"],"picked":"Echo Form","floor":41.0},{"not_picked":["Rebound","Stack"],"picked":"Capacitor","floor":45.0},{"not_picked":["Rebound","Blizzard","Reboot"],"picked":"SKIP","floor":55.0}],"player_experience":1188440,"relics_obtained":[{"floor":6.0,"key":"Ice Cream"},{"floor":8.0,"key":"Blood Vial"},{"floor":9.0,"key":"Old Coin"},{"floor":20.0,"key":"Red Mask"},{"floor":25.0,"key":"War Paint"},{"floor":26.0,"key":"Lantern"},{"floor":27.0,"key":"Torii"},{"floor":41.0,"key":"MawBank"},{"floor":45.0,"key":"Ancient Tea Set"},{"floor":47.0,"key":"Pen Nib"},{"floor":55.0,"key":"Kunai"}],"event_choices":[{"damage_healed":0.0,"max_hp_gain":0.0,"max_hp_loss":7.0,"gold_gain":0.0,"event_name":"Golden Idol","player_choice":"Lose Max HP","floor":2.0,"gold_loss":0.0,"damage_taken":0.0,"relics_obtained":["Golden Idol"]},{"damage_healed":0.0,"max_hp_gain":0.0,"max_hp_loss":0.0,"gold_gain":0.0,"cards_transformed":["Strike_B"],"event_name":"Living Wall","player_choice":"Change","floor":3.0,"gold_loss":0.0,"damage_taken":0.0,"cards_obtained":["Turbo"]},{"cards_removed":["Strike_B"],"damage_healed":0.0,"max_hp_gain":0.0,"max_hp_loss":0.0,"gold_gain":0.0,"event_name":"Beggar","player_choice":"Gave Gold","floor":19.0,"gold_loss":75.0,"damage_taken":0.0},{"damage_healed":0.0,"max_hp_gain":0.0,"max_hp_loss":0.0,"gold_gain":0.0,"event_name":"Masked Bandits","player_choice":"Fought Bandits","floor":20.0,"gold_loss":0.0,"damage_taken":0.0},{"damage_healed":0.0,"max_hp_gain":0.0,"max_hp_loss":0.0,"gold_gain":0.0,"event_name":"Vampires","player_choice":"Ignored","floor":24.0,"gold_loss":0.0,"damage_taken":0.0},{"damage_healed":0.0,"max_hp_gain":0.0,"max_hp_loss":32.0,"gold_gain":0.0,"event_name":"Ghosts","player_choice":"Became a Ghost","floor":30.0,"gold_loss":0.0,"damage_taken":0.0,"cards_obtained":["Ghostly","Ghostly","Ghostly"]},{"damage_healed":0.0,"max_hp_gain":0.0,"max_hp_loss":0.0,"gold_gain":0.0,"event_name":"SecretPortal","player_choice":"Ignored","floor":37.0,"gold_loss":0.0,"damage_taken":0.0},{"damage_healed":0.0,"max_hp_gain":0.0,"max_hp_loss":0.0,"gold_gain":222.0,"event_name":"Tomb of Lord Red Mask","player_choice":"Wore Mask","floor":44.0,"gold_loss":0.0,"damage_taken":0.0},{"damage_healed":0.0,"max_hp_gain":0.0,"max_hp_loss":0.0,"gold_gain":0.0,"event_name":"MindBloom","player_choice":"Upgrade","floor":48.0,"gold_loss":0.0,"damage_taken":0.0,"cards_upgraded":["Turbo","Ball Lightning","Stack","Meteor Strike","Tempest","Coolheaded","Multi-Cast","Glacier","Ghostly","Ghostly","Ghostly","Meteor Strike","Meteor Strike","Auto Shields","Skim","Hologram","Echo Form","Capacitor"],"relics_obtained":["Mark of the Bloom"]}],"is_beta":false,"boss_relics":[{"not_picked":["Lizard Tail","White Beast Statue"],"picked":"Runic Dome"},{"not_picked":["Black Star","Sozu"],"picked":"Pandora\u0027s Box"}],"items_purged_floors":[4,21,28,36],"is_endless":false,"potions_floor_spawned":[6,8,16,20,27,31,35,45],"ascension_level":20}