{"path_per_floor":["M","$","?","M","M","R","M","$","T","R","M","?","E","M","R","B",null,"M","M","M","$","?","R","E","M","T","M","T","M","M","M","R","B",null,"M","?","?","$","?","R","E","M","T","M","M","R","M","M","R"],"character_chosen":"THE_SILENT","items_purchased":["Blade Dance","Infinite Blades","Finisher","Prepared","Bag of Preparation","Mango"],"gold_per_floor":[117,42,42,56,66,66,82,8,33,33,45,75,110,124,124,229,259,276,294,310,202,302,302,329,345,427,437,462,473,485,501,501,596,596,610,610,610,46,46,46,71,84,139,152,169,169,182,201,201,201],"floor_reached":50,"campfire_rested":3,"playtime":2546,"current_hp_per_floor":[50,50,50,50,49,49,49,49,49,49,49,49,37,37,37,6,81,83,83,69,69,69,69,50,26,26,26,26,19,19,15,42,2,91,87,76,68,82,82,82,56,52,52,51,17,51,36,32,67,0],"items_purged":["Strike_G","Strike_G"],"gold":201,"score":625,"play_id":"6e7c97e6-3f37-4c0d-b929-9016056a568a","local_time":"20180524205143","is_prod":false,"is_daily":false,"chose_seed":false,"is_ascension_mode":true,"campfire_upgraded":5,"timestamp":1527166303,"campfire_choices":[{"data":"Blade Dance","floor":6,"key":"SMITH"},{"data":"Accuracy","floor":10,"key":"SMITH"},{"data":"Cloak And Dagger","floor":15,"key":"SMITH"},{"data":"A Thousand Cuts","floor":23,"key":"SMITH"},{"floor":32,"key":"REST"},{"data":"Prepared","floor":40,"key":"SMITH"},{"floor":46,"key":"REST"},{"floor":49,"key":"REST"}],"path_taken":["M","$","?","M","M","R","M","?","T","R","?","?","E","M","R","BOSS","M","M","M","$","?","R","E","M","T","M","?","M","M","M","R","BOSS","M","?","?","$","?","R","E","M","T","M","?","R","M","M","R","BOSS"],"build_version":"2018-05-17","seed_source_timestamp":816374382824458,"purchased_purges":3,"victory":false,"master_deck":["Defend_G","Defend_G","Defend_G","Defend_G","Defend_G","Strike_G","Strike_G","Strike_G","Survivor","Neutralize+1","Accuracy+1","Blade Dance+1","Prepared","Cloak And Dagger+1","Infinite Blades","Backflip","A Thousand Cuts+1","Accuracy","Finisher","Night Terror","Cloak And Dagger","Escape Plan","Adrenaline","Cloak And Dagger+1","Madness","Madness","Jack Of All Trades","Master of Strategy","Prepared+1","Blade Dance+1","Setup+1"],"max_hp_per_floor":[70,70,70,70,70,70,70,70,70,70,70,70,72,74,74,74,81,83,83,85,85,85,85,87,89,89,89,89,89,91,91,91,91,91,91,91,93,107,107,107,109,111,111,113,115,115,117,117,117,117],"relics":["Ring of the Snake","Anchor","Singing Bowl","Tiny House","Lantern","Bottled Tornado","Orichalcum","White Beast Statue","Bag of Preparation","Mango","Paper Crane","Blood Vial"],"card_choices":[{"not_picked":["Skewer","Dagger Spray"],"picked":"Accuracy","floor":1},{"not_picked":["PiercingWail","Deadly Poison"],"picked":"Prepared","floor":4},{"not_picked":["All Out Attack","Terror","PiercingWail"],"picked":"SKIP","floor":5},{"not_picked":["Dodge and Roll","Flying Knee"],"picked":"Cloak And Dagger","floor":7},{"not_picked":["PiercingWail","Outmaneuver"],"picked":"Backflip","floor":11},{"not_picked":["Dash","Heel Hook","Concentrate"],"picked":"Singing Bowl","floor":13},{"not_picked":["Footwork","Outmaneuver","Noxious Fumes"],"picked":"Singing Bowl","floor":14},{"not_picked":["Tactician","Grand Finale"],"picked":"A Thousand Cuts","floor":16},{"not_picked":["Dagger Spray","Deflect","Catalyst"],"picked":"Singing Bowl","floor":17},{"not_picked":["Deadly Poison","Poisoned Stab","Flying Knee"],"picked":"Singing Bowl","floor":18},{"not_picked":["Acrobatics","Deadly Poison"],"picked":"Accuracy","floor":19},{"not_picked":["Dodge and Roll","PiercingWail","Backflip"],"picked":"Singing Bowl","floor":20},{"not_picked":["Backflip","Skewer","Dash"],"picked":"Singing Bowl","floor":24},{"not_picked":["Concentrate","Backstab","Flying Knee"],"picked":"Singing Bowl","floor":25},{"not_picked":["Deflect","Slice"],"picked":"Night Terror","floor":27},{"not_picked":["Bane","Riddle With Holes"],"picked":"Cloak And Dagger","floor":29},{"not_picked":["Caltrops","Heel Hook","Underhanded Strike+1"],"picked":"Singing Bowl","floor":30},{"not_picked":["Acrobatics","Dash"],"picked":"Escape Plan","floor":31},{"not_picked":["Wraith Form v2","Venomology"],"picked":"Adrenaline","floor":33},{"not_picked":["Underhanded Strike","Finisher"],"picked":"Cloak And Dagger+1","floor":35},{"not_picked":["Apotheosis","Madness"],"picked":"Jack Of All Trades","floor":37},{"not_picked":["Trip","Flash of Steel"],"picked":"Master of Strategy","floor":37},{"not_picked":["Madness","Panacea","Jack Of All Trades"],"picked":"Singing Bowl","floor":37},{"not_picked":["Caltrops","Poisoned Stab+1","Masterful Stab"],"picked":"Singing Bowl","floor":41},{"not_picked":["Flying Knee","Deflect","Setup"],"picked":"Singing Bowl","floor":42},{"not_picked":["Skewer","Dagger Throw+1","Quick Slash+1"],"picked":"Singing Bowl","floor":44},{"not_picked":["Endless Agony","Noxious Fumes","Expertise+1"],"picked":"Singing Bowl","floor":45},{"not_picked":["Acrobatics","Cloak And Dagger","Poisoned Stab"],"picked":"Singing Bowl","floor":47},{"not_picked":["Backflip+1","Skewer"],"picked":"Setup+1","floor":48}],"player_experience":185478,"potions_floor_usage":[13,16,16,19,24,25,29,30,33,42,45,45,48,48,50],"damage_taken":[{"damage":20,"enemies":"Jaw Worm","floor":1,"turns":8},{"damage":0,"enemies":"Cultist","floor":4,"turns":3},{"damage":1,"enemies":"2 Louse","floor":5,"turns":3},{"damage":0,"enemies":"Exordium Thugs","floor":7,"turns":4},{"damage":0,"enemies":"Looter","floor":11,"turns":3},{"damage":14,"enemies":"Gremlin Nob","floor":13,"turns":4},{"damage":2,"enemies":"Blue Slaver","floor":14,"turns":4},{"damage":31,"enemies":"The Guardian","floor":16,"turns":14},{"damage":0,"enemies":"Chosen","floor":18,"turns":4},{"damage":0,"enemies":"3 Byrds","floor":19,"turns":3},{"damage":16,"enemies":"Snecko","floor":20,"turns":6},{"damage":21,"enemies":"Slavers","floor":24,"turns":4},{"damage":26,"enemies":"Chosen and Byrds","floor":25,"turns":5},{"damage":0,"enemies":"Cultist and Chosen","floor":27,"turns":4},{"damage":19,"enemies":"Centurion and Healer","floor":29,"turns":4},{"damage":2,"enemies":"Chosen and Byrds","floor":30,"turns":3},{"damage":4,"enemies":"Snecko","floor":31,"turns":3},{"damage":64,"enemies":"Collector","floor":33,"turns":9},{"damage":4,"enemies":"Orb Walker","floor":35,"turns":3},{"damage":28,"enemies":"Giant Head","floor":41,"turns":6},{"damage":6,"enemies":"3 Darklings","floor":42,"turns":3},{"damage":5,"enemies":"Sphere and 2 Shapes","floor":44,"turns":4},{"damage":38,"enemies":"4 Shapes","floor":45,"turns":6},{"damage":19,"enemies":"Maw","floor":47,"turns":6},{"damage":6,"enemies":"3 Darklings","floor":48,"turns":3},{"damage":69,"enemies":"Time Eater","floor":50,"turns":6}],"relics_obtained":[{"floor":9,"key":"Anchor"},{"floor":13,"key":"Singing Bowl"},{"floor":24,"key":"Lantern"},{"floor":26,"key":"Bottled Tornado"},{"floor":28,"key":"Orichalcum"},{"floor":41,"key":"Paper Crane"},{"floor":43,"key":"Blood Vial"}],"event_choices":[{"event_name":"The Lab","player_choice":"Got Potions","floor":3,"damage_taken":0},{"event_name":"Dead Adventurer","player_choice":"Searched \u00272\u0027 times","floor":12,"damage_taken":0},{"event_name":"Golden Shrine","player_choice":"Pray","floor":22,"damage_taken":0},{"event_name":"Winding Halls","player_choice":"Embrace Madness","floor":36,"damage_taken":0},{"event_name":"SensoryStone","player_choice":"Memory 3","floor":37,"damage_taken":0},{"event_name":"Duplicator","player_choice":"One dupe","floor":39,"damage_taken":0}],"boss_relics":[{"not_picked":["Snecko Eye","Lizard Tail"],"picked":"Tiny House"},{"not_picked":["Runic Dome","Philosopher\u0027s Stone"],"picked":"White Beast Statue"}],"potions_floor_spawned":[1,5,7,14,16,19,25,27,29,35,41,42,44,45,47,48],"seed_played":"-1040242901994823916","killed_by":"Time Eater","ascension_level":3,"potions_obtained":[{"floor":1,"key":"SpeedPotion"},{"floor":3,"key":"Weak Potion"},{"floor":3,"key":"FairyPotion"},{"floor":3,"key":"Block Potion"},{"floor":5,"key":"Block Potion"},{"floor":14,"key":"Dexterity Potion"},{"floor":16,"key":"Swift Potion"},{"floor":17,"key":"Energy Potion"},{"floor":19,"key":"Strength Potion"},{"floor":25,"key":"Regen Potion"},{"floor":27,"key":"LiquidBronze"},{"floor":29,"key":"SteroidPotion"},{"floor":35,"key":"Explosive Potion"},{"floor":41,"key":"Block Potion"},{"floor":42,"key":"EssenceOfSteel"},{"floor":44,"key":"AttackPotion"},{"floor":45,"key":"AttackPotion"},{"floor":47,"key":"Weak Potion"},{"floor":48,"key":"SpeedPotion"}],"is_trial":false}