{"gold_per_floor":[113,78,92,92,105,135,100,100,170,184,211,211,386,412,412,511,511,523,415,428,428,27,27,45,45,45,18,18,118,118,144,144,144],"floor_reached":33,"playtime":1942,"items_purged":[],"score":318,"play_id":"f0a7dd02-0773-4021-b2be-bee3fe2ad582","local_time":"20190401151635","is_ascension_mode":true,"campfire_choices":[{"floor":8,"key":"RECALL"},{"floor":15,"key":"REST"},{"data":"Noxious Fumes","floor":23,"key":"SMITH"},{"data":"Noxious Fumes","floor":28,"key":"SMITH"},{"floor":32,"key":"REST"}],"neow_cost":"NONE","seed_source_timestamp":1701847253573841,"circlet_count":0,"master_deck":["Defend_G","Defend_G","Defend_G","Defend_G","Defend_G","Strike_G","Strike_G","Strike_G","Strike_G","Strike_G","Survivor","Neutralize","Cloak And Dagger","Noxious Fumes+1","Accuracy","Bane","Accuracy","Footwork","Bane","Cloak And Dagger","Doubt","Flying Knee","Corpse Explosion","Finisher","Poisoned Stab","Noxious Fumes+1","Bane","Cloak And Dagger","Blade Dance"],"relics":["Ring of the Snake","Bottled Lightning","Mercury Hourglass","Thread and Needle","Snake Skull","Runic Pyramid","Juzu Bracelet","Membership Card","Question Card","Oddly Smooth Stone","Blue Candle","Ancient Tea Set"],"potions_floor_usage":[14,14,20,31,31,31,31,31,31],"damage_taken":[{"damage":4,"enemies":"Cultist","floor":1,"turns":4},{"damage":0,"enemies":"2 Louse","floor":3,"turns":3},{"damage":1,"enemies":"Jaw Worm","floor":5,"turns":5},{"damage":26,"enemies":"Gremlin Nob","floor":6,"turns":5},{"damage":0,"enemies":"Red Slaver","floor":10,"turns":5},{"damage":15,"enemies":"3 Sentries","floor":11,"turns":6},{"damage":17,"enemies":"Gremlin Nob","floor":14,"turns":5},{"damage":27,"enemies":"Hexaghost","floor":16,"turns":11},{"damage":8,"enemies":"Shell Parasite","floor":18,"turns":6},{"damage":10,"enemies":"2 Thieves","floor":20,"turns":2},{"damage":23,"enemies":"Sentry and Sphere","floor":24,"turns":6},{"damage":27,"enemies":"Gremlin Leader","floor":31,"turns":6},{"damage":43,"enemies":"Champ","floor":33,"turns":5}],"seed_played":"772745784300220807","potions_obtained":[{"floor":1,"key":"Strength Potion"},{"floor":6,"key":"PowerPotion"},{"floor":10,"key":"Weak Potion"},{"floor":11,"key":"SpeedPotion"},{"floor":18,"key":"Fruit Juice"},{"floor":25,"key":"Poison Potion"},{"floor":25,"key":"EntropicBrew"}],"is_trial":false,"path_per_floor":["M","$","M","T","M","E","$","R","T","M","E","?","?","E","R","B",null,"M","?","M","?","$","R","M","?","T","$","R","?","?","E","R","B"],"character_chosen":"THE_SILENT","items_purchased":["Noxious Fumes","Footwork","Membership Card","Question Card","Oddly Smooth Stone","Cloak And Dagger"],"campfire_rested":2,"item_purchase_floors":[2,7,22,22,22,27],"current_hp_per_floor":[73,73,73,73,72,46,46,46,46,46,31,31,31,14,37,10,77,69,69,64,64,64,64,41,41,41,41,41,41,25,7,33,0],"gold":144,"neow_bonus":"TEN_PERCENT_HP_BONUS","is_prod":false,"is_daily":false,"chose_seed":false,"campfire_upgraded":2,"win_rate":0,"timestamp":1554149795,"path_taken":["M","$","M","?","?","E","$","R","T","M","E","?","?","E","R","BOSS","M","?","M","?","?","R","M","?","T","$","R","?","?","E","R","BOSS"],"build_version":"2019-01-23","purchased_purges":0,"victory":false,"max_hp_per_floor":[77,77,77,77,77,77,77,77,77,77,77,77,77,77,77,77,77,77,77,82,82,82,82,82,82,82,82,82,82,87,87,87,87],"card_choices":[{"not_picked":["Flechettes","Quick Slash"],"picked":"Cloak And Dagger","floor":1},{"not_picked":["Deadly Poison","Skewer"],"picked":"Accuracy","floor":3},{"not_picked":["Acrobatics","Reflex"],"picked":"Bane","floor":5},{"not_picked":["Dagger Throw","Poisoned Stab"],"picked":"Accuracy","floor":6},{"not_picked":["Flechettes","Outmaneuver"],"picked":"Bane","floor":10},{"not_picked":["Caltrops","Well Laid Plans"],"picked":"Cloak And Dagger","floor":11},{"not_picked":["Prepared","Slice"],"picked":"Flying Knee","floor":14},{"not_picked":["Night Terror","Burst"],"picked":"Corpse Explosion","floor":16},{"not_picked":["Distraction","Concentrate+1"],"picked":"Finisher","floor":18},{"not_picked":["Backstab+1","Deadly Poison+1"],"picked":"Poisoned Stab","floor":20},{"not_picked":["All Out Attack","Quick Slash","PiercingWail+1"],"picked":"Bane","floor":24},{"not_picked":["Escape Plan","Quick Slash","A Thousand Cuts"],"picked":"Blade Dance","floor":31}],"player_experience":145304,"relics_obtained":[{"floor":6,"key":"Bottled Lightning"},{"floor":9,"key":"Mercury Hourglass"},{"floor":11,"key":"Thread and Needle"},{"floor":14,"key":"Snake Skull"},{"floor":26,"key":"Blue Candle"},{"floor":31,"key":"Ancient Tea Set"}],"event_choices":[{"damage_healed":0,"gold_gain":0,"player_choice":"Ignored","damage_taken":0,"max_hp_gain":0,"max_hp_loss":0,"event_name":"Golden Idol","floor":12,"gold_loss":0},{"damage_healed":0,"gold_gain":175,"player_choice":"AGREE","damage_taken":0,"max_hp_gain":0,"max_hp_loss":0,"event_name":"Liars Game","floor":13,"gold_loss":0,"cards_obtained":["Doubt"]},{"damage_healed":0,"gold_gain":0,"player_choice":"Paid Gold","damage_taken":0,"relics_obtained":["Juzu Bracelet"],"max_hp_gain":0,"max_hp_loss":0,"event_name":"WeMeetAgain","floor":19,"gold_loss":108},{"damage_healed":0,"gold_gain":0,"player_choice":"Copied","damage_taken":0,"max_hp_gain":0,"max_hp_loss":0,"event_name":"Duplicator","floor":21,"gold_loss":0,"cards_obtained":["Noxious Fumes"]},{"damage_healed":0,"gold_gain":0,"player_choice":"Got Potions","damage_taken":0,"max_hp_gain":0,"max_hp_loss":0,"event_name":"Lab","floor":25,"gold_loss":0},{"damage_healed":0,"gold_gain":100,"player_choice":"Pray","damage_taken":0,"max_hp_gain":0,"max_hp_loss":0,"event_name":"Golden Shrine","floor":29,"gold_loss":0},{"damage_healed":0,"gold_gain":0,"player_choice":"Shed Blood","damage_taken":21,"max_hp_gain":5,"max_hp_loss":0,"event_name":"Forgotten Altar","floor":30,"gold_loss":0}],"is_beta":false,"boss_relics":[{"not_picked":["Empty Cage","Tiny House"],"picked":"Runic Pyramid"}],"items_purged_floors":[],"is_endless":false,"potions_floor_spawned":[1,6,10,11,18],"killed_by":"Champ","ascension_level":1}