{"gold_per_floor":[117,117,42,42,60,104,116,128,140,152,189,242,269,306,318,460,472,500,531,561,573,606,618,630,642,654,700,712],"floor_reached":28,"playtime":2497,"items_purged":[],"score":273,"play_id":"ffc99ffc-8143-4b28-9a00-f17611783518","local_time":"20181225224449","is_ascension_mode":false,"campfire_choices":[{"floor":8.0,"key":"REST"},{"floor":15.0,"key":"REST"},{"floor":23,"key":"REST"},{"data":"Juggernaut","floor":25,"key":"SMITH"}],"neow_cost":"PERCENT_DAMAGE","seed_source_timestamp":0,"circlet_count":0,"master_deck":["Strike_R","Strike_R","Strike_R","Strike_R","Strike_R","Defend_R","Defend_R","Defend_R","Defend_R","Bash","Headbutt","Metallicize","Uppercut","Intimidate","Perfected Strike","Cleave","Inflame","Body Slam","Juggernaut+1","Body Slam","Anger","Shrug It Off","Clothesline","J.A.X.","Battle Trance"],"special_seed":0,"relics":["Burning Blood","Gambling Chip","Golden Idol","MawBank","Bottled Flame","Strawberry","Dodecahedron","Mark of Pain","Matryoshka","Mango"],"potions_floor_usage":[27],"damage_taken":[{"damage":2.0,"enemies":"Small Slimes","floor":1.0,"turns":4.0},{"damage":3.0,"enemies":"Jaw Worm","floor":5.0,"turns":5.0},{"damage":28.0,"enemies":"Lagavulin","floor":6.0,"turns":8.0},{"damage":0.0,"enemies":"Cultist","floor":11.0,"turns":4.0},{"damage":20.0,"enemies":"Gremlin Nob","floor":12.0,"turns":4.0},{"damage":12.0,"enemies":"Looter","floor":13.0,"turns":3.0},{"damage":12.0,"enemies":"Large Slime","floor":14.0,"turns":5.0},{"damage":55.0,"enemies":"The Guardian","floor":16.0,"turns":14.0},{"damage":7,"enemies":"Spheric Guardian","floor":18,"turns":3},{"damage":9,"enemies":"Chosen","floor":19,"turns":6},{"damage":37,"enemies":"Centurion and Healer","floor":20,"turns":6},{"damage":20,"enemies":"Chosen and Byrds","floor":22,"turns":6},{"damage":63,"enemies":"Slavers","floor":27,"turns":8},{"damage":21,"enemies":"Snake Plant","floor":28,"turns":4}],"seed_played":"6180606825778942273","potions_obtained":[{"floor":1.0,"key":"Fire Potion"},{"floor":5.0,"key":"SneckoOil"},{"floor":13.0,"key":"EssenceOfSteel"},{"floor":14.0,"key":"FearPotion"},{"floor":20,"key":"LiquidBronze"},{"floor":27,"key":"PowerPotion"}],"is_trial":false,"path_per_floor":["M","?","$","?","M","E","$","R","T","T","M","E","M","M","R","B",null,"M","M","M","$","M","R","?","R","T","E","M"],"character_chosen":"IRONCLAD","items_purchased":["Metallicize"],"campfire_rested":3,"item_purchase_floors":[3],"current_hp_per_floor":[60,60,60,40,43,21,21,45,45,52,58,44,38,32,58,9,87,86,83,52,52,38,64,64,64,64,21,0],"gold":712,"neow_bonus":"ONE_RARE_RELIC","is_prod":false,"is_daily":false,"chose_seed":false,"campfire_upgraded":1,"win_rate":0.0,"timestamp":1545795889,"path_taken":["M","?","$","?","M","E","$","R","T","?","M","E","M","M","R","BOSS","M","?","M","$","M","R","?","R","T","E","M"],"build_version":"2018-12-20","purchased_purges":0,"victory":false,"max_hp_per_floor":[80,80,80,80,80,80,80,80,80,87,87,87,87,87,87,87,87,87,87,87,87,87,87,87,87,87,101,101],"card_choices":[{"not_picked":["Power Through","True Grit"],"picked":"Headbutt","floor":1.0},{"not_picked":["Anger","Spot Weakness"],"picked":"Uppercut","floor":5.0},{"not_picked":["Sever Soul","Pommel Strike"],"picked":"Intimidate","floor":6.0},{"not_picked":["Burning Pact","Searing Blow"],"picked":"Perfected Strike","floor":11.0},{"not_picked":["Fire Breathing","Pommel Strike"],"picked":"Cleave","floor":12.0},{"not_picked":["Pommel Strike","Reckless Charge"],"picked":"Inflame","floor":13.0},{"not_picked":["Heavy Blade","Warcry"],"picked":"Body Slam","floor":14.0},{"not_picked":["Dark Embrace","Fiend Fire"],"picked":"Juggernaut","floor":16.0},{"not_picked":["Carnage","Rupture+1"],"picked":"Body Slam","floor":18},{"not_picked":["Thunderclap","Searing Blow"],"picked":"Anger","floor":19},{"not_picked":["Twin Strike","Body Slam"],"picked":"Shrug It Off","floor":20},{"not_picked":["Heavy Blade+1","Sever Soul"],"picked":"Clothesline","floor":22},{"not_picked":["Cleave","Flex"],"picked":"Battle Trance","floor":27}],"player_experience":13766,"relics_obtained":[{"floor":6.0,"key":"MawBank"},{"floor":9.0,"key":"Bottled Flame"},{"floor":10.0,"key":"Strawberry"},{"floor":12.0,"key":"Dodecahedron"},{"floor":26,"key":"Matryoshka"},{"floor":27,"key":"Mango"}],"event_choices":[{"damage_healed":0.0,"max_hp_gain":0.0,"max_hp_loss":0.0,"gold_gain":0.0,"event_name":"Liars Game","player_choice":"Ignored","floor":2.0,"gold_loss":0.0,"damage_taken":0.0},{"damage_healed":0.0,"max_hp_gain":0.0,"max_hp_loss":0.0,"gold_gain":0.0,"event_name":"Golden Idol","player_choice":"Take Damage","floor":4.0,"gold_loss":0.0,"damage_taken":20.0,"relics_obtained":["Golden Idol"]},{"damage_healed":0,"gold_gain":0,"player_choice":"Obtain J.A.X.","damage_taken":0,"max_hp_gain":0,"max_hp_loss":0,"event_name":"Drug Dealer","floor":24,"gold_loss":0,"cards_obtained":["J.A.X."]}],"is_beta":false,"boss_relics":[{"not_picked":["Cursed Key","White Beast Statue"],"picked":"Mark of Pain"}],"items_purged_floors":[],"is_endless":false,"potions_floor_spawned":[1,5,13,14,20,27],"killed_by":"Snake Plant","ascension_level":0}