{"gold_per_floor":[110,110,123,134,134,151,151,182,252,282,297,101,101,101,101,101],"floor_reached":16,"playtime":392,"items_purged":[],"score":209,"play_id":"428162ca-8e0f-433d-a2ae-a22aaf59c8b4","local_time":"20181119111013","is_ascension_mode":true,"campfire_choices":[{"data":"Heavy Blade","floor":7,"key":"SMITH"},{"data":"Demon Form","floor":13,"key":"SMITH"},{"data":"Uppercut","floor":15,"key":"SMITH"}],"neow_cost":"TEN_PERCENT_HP_LOSS","seed_source_timestamp":0,"circlet_count":0,"master_deck":["AscendersBane","Strike_R","Strike_R","Strike_R","Strike_R","Defend_R","Defend_R","Defend_R","Bash","Power Through","Demon Form+1","Heavy Blade+1","Uppercut+1","Cleave","Thunderclap","Immolate","Twin Strike","Rage","Master of Strategy"],"special_seed":0,"relics":["Burning Blood","Incense Burner","Regal Pillow","Blue Candle","Letter Opener"],"potions_floor_usage":[],"damage_taken":[{"damage":10,"enemies":"Small Slimes","floor":1,"turns":4},{"damage":2,"enemies":"2 Louse","floor":3,"turns":4},{"damage":11,"enemies":"Cultist","floor":4,"turns":4},{"damage":20,"enemies":"Blue Slaver","floor":6,"turns":4},{"damage":25,"enemies":"Gremlin Nob","floor":8,"turns":4},{"damage":11,"enemies":"Lagavulin","floor":10,"turns":7},{"damage":0,"enemies":"Large Slime","floor":11,"turns":4},{"damage":45,"enemies":"Slime Boss","floor":16,"turns":6}],"seed_played":"-5031391944245948551","potions_obtained":[{"floor":8,"key":"LiquidBronze"}],"is_trial":false,"path_per_floor":["M","?","M","M","?","M","R","E","T","E","M","$","R","?","R","B"],"character_chosen":"IRONCLAD","items_purchased":["Master of Strategy"],"campfire_rested":0,"item_purchase_floors":[12],"current_hp_per_floor":[64,64,68,63,63,49,49,30,30,25,31,31,31,31,31,0],"gold":101,"neow_bonus":"TRANSFORM_TWO_CARDS","is_prod":false,"is_daily":false,"chose_seed":false,"campfire_upgraded":3,"win_rate":0,"timestamp":1542643813,"path_taken":["M","?","M","M","?","?","R","E","T","E","M","$","R","?","R","BOSS"],"build_version":"2018-11-15","purchased_purges":0,"victory":false,"max_hp_per_floor":[68,68,68,68,68,68,68,68,68,68,68,68,68,68,68,68],"card_choices":[{"not_picked":["Pommel Strike","Armaments"],"picked":"Heavy Blade","floor":1},{"not_picked":["Warcry","Shrug It Off"],"picked":"Uppercut","floor":3},{"not_picked":["Rupture","Shrug It Off"],"picked":"Cleave","floor":4},{"not_picked":["Warcry","True Grit"],"picked":"Thunderclap","floor":6},{"not_picked":["Sword Boomerang","Cleave"],"picked":"Immolate","floor":8},{"not_picked":["Cleave","Entrench"],"picked":"Twin Strike","floor":10},{"not_picked":["Cleave","True Grit"],"picked":"Rage","floor":11}],"player_experience":750413,"relics_obtained":[{"floor":5,"key":"Incense Burner"},{"floor":8,"key":"Regal Pillow"},{"floor":9,"key":"Blue Candle"},{"floor":10,"key":"Letter Opener"}],"event_choices":[{"damage_healed":0,"gold_gain":0,"player_choice":"Fled","damage_taken":0,"max_hp_gain":0,"max_hp_loss":0,"event_name":"Scrap Ooze","floor":2,"gold_loss":0},{"damage_healed":0,"gold_gain":0,"player_choice":"Relic","damage_taken":0,"max_hp_gain":0,"max_hp_loss":0,"event_name":"Wheel of Change","floor":5,"gold_loss":0},{"damage_healed":0,"gold_gain":0,"player_choice":"Ignored","damage_taken":0,"max_hp_gain":0,"max_hp_loss":0,"event_name":"Golden Idol","floor":14,"gold_loss":0}],"is_beta":false,"boss_relics":[],"items_purged_floors":[],"is_endless":false,"potions_floor_spawned":[8],"killed_by":"Slime Boss","ascension_level":18}