{"gold_per_floor":[19,19,31,63,90,102,114,142,229,241,178,198,198,41,41,120,120,138,138,0,13,28,28,28],"floor_reached":24,"playtime":467,"items_purged":["Pain"],"score":326,"play_id":"a965958f-7a44-4e05-bbbb-dfe5badf51d7","local_time":"20190322224351","is_ascension_mode":true,"campfire_choices":[{"data":"Searing Blow","floor":6.0,"key":"SMITH"},{"data":"Searing Blow+1","floor":10.0,"key":"SMITH"},{"data":"Searing Blow+2","floor":15.0,"key":"SMITH"},{"floor":23,"key":"REST"}],"neow_cost":"NO_GOLD","seed_source_timestamp":0,"circlet_count":0,"master_deck":["AscendersBane","Strike_R","Strike_R","Defend_R","Defend_R","Defend_R","Defend_R","Bash","Wild Strike","Searing Blow+3","Armaments+1","Double Tap","Barricade","Feel No Pain","Evolve"],"special_seed":0,"relics":["Burning Blood","MawBank","WarpedTongs","Mummified Hand","Mark of Pain","Matryoshka"],"potions_floor_usage":[18,22,24],"damage_taken":[{"damage":7.0,"enemies":"Small Slimes","floor":1.0,"turns":4.0},{"damage":6.0,"enemies":"2 Louse","floor":4.0,"turns":3.0},{"damage":3.0,"enemies":"Cultist","floor":5.0,"turns":3.0},{"damage":12.0,"enemies":"Blue Slaver","floor":8.0,"turns":6.0},{"damage":16.0,"enemies":"Lots of Slimes","floor":12.0,"turns":6.0},{"damage":30,"enemies":"Hexaghost","floor":16,"turns":7},{"damage":37,"enemies":"3 Byrds","floor":18,"turns":7},{"damage":12,"enemies":"Shell Parasite","floor":21,"turns":4},{"damage":25,"enemies":"Snake Plant","floor":22,"turns":4},{"damage":35,"enemies":"Book of Stabbing","floor":24,"turns":3}],"seed_played":"-6223517701833200925","potions_obtained":[{"floor":16,"key":"Explosive Potion"},{"floor":21,"key":"BloodPotion"},{"floor":22,"key":"LiquidBronze"}],"is_trial":false,"path_per_floor":["M","?","?","M","M","R","?","M","T","R","$","M","?","$","R","B",null,"M","T","?","M","M","R","E"],"character_chosen":"IRONCLAD","items_purchased":["Double Tap"],"campfire_rested":1,"item_purchase_floors":[14],"current_hp_per_floor":[67,56,56,56,59,59,59,53,53,53,53,43,36,36,36,12,59,28,28,28,22,10,32,0],"gold":28,"neow_bonus":"TRANSFORM_TWO_CARDS","is_prod":false,"is_daily":false,"chose_seed":true,"campfire_upgraded":3,"win_rate":0,"timestamp":1553265831,"path_taken":["M","?","?","M","?","R","?","?","T","R","$","?","?","?","R","BOSS","M","?","?","M","M","R","E"],"build_version":"2019-01-23","purchased_purges":1,"victory":false,"max_hp_per_floor":[75,75,75,75,75,75,75,75,75,75,75,75,75,75,75,75,75,75,75,75,75,75,75,75],"card_choices":[{"not_picked":["Clothesline","Pommel Strike","Iron Wave"],"picked":"SKIP","floor":1.0},{"not_picked":["Dual Wield","Searing Blow","Cleave"],"picked":"SKIP","floor":4.0},{"not_picked":["Twin Strike","Clash"],"picked":"Armaments","floor":5.0},{"not_picked":["Sword Boomerang","Blood for Blood","Fire Breathing"],"picked":"SKIP","floor":8.0},{"not_picked":["Power Through","Havoc","Twin Strike"],"picked":"SKIP","floor":12.0},{"not_picked":["Immolate","Demon Form"],"picked":"Barricade","floor":16},{"not_picked":["Thunderclap","Shockwave"],"picked":"Feel No Pain","floor":18},{"not_picked":["Spot Weakness","Infernal Blade"],"picked":"Evolve","floor":21},{"not_picked":["Sword Boomerang","Armaments","Havoc+1"],"picked":"SKIP","floor":22}],"player_experience":1243323,"relics_obtained":[{"floor":9.0,"key":"Mummified Hand"},{"floor":19,"key":"Matryoshka"}],"event_choices":[{"damage_healed":0.0,"max_hp_gain":0.0,"max_hp_loss":0.0,"gold_gain":0.0,"event_name":"Scrap Ooze","player_choice":"Success","floor":2.0,"gold_loss":0.0,"damage_taken":11.0,"relics_obtained":["MawBank"]},{"damage_healed":0.0,"max_hp_gain":0.0,"max_hp_loss":0.0,"gold_gain":0.0,"event_name":"Accursed Blacksmith","player_choice":"Rummage","floor":3.0,"gold_loss":0.0,"damage_taken":0.0,"relics_obtained":["WarpedTongs"],"cards_obtained":["Pain"]},{"damage_healed":0.0,"max_hp_gain":0.0,"max_hp_loss":0.0,"gold_gain":0.0,"event_name":"Upgrade Shrine","player_choice":"Upgraded","floor":7.0,"gold_loss":0.0,"damage_taken":0.0,"cards_upgraded":["Armaments"]},{"cards_removed":["Strike_R"],"damage_healed":0.0,"max_hp_gain":0.0,"max_hp_loss":0.0,"gold_gain":0.0,"event_name":"Golden Wing","player_choice":"Card Removal","floor":13.0,"gold_loss":0.0,"damage_taken":7.0},{"damage_healed":0,"gold_gain":0,"player_choice":"Paid Fearfully","damage_taken":0,"max_hp_gain":0,"max_hp_loss":0,"event_name":"Masked Bandits","floor":20,"gold_loss":138}],"is_beta":false,"boss_relics":[{"not_picked":["Orrery","Busted Crown"],"picked":"Mark of Pain"}],"items_purged_floors":[11],"is_endless":false,"potions_floor_spawned":[16,21,22],"killed_by":"Book of Stabbing","ascension_level":15}