{"path_per_floor":["M","M","?","M","M","R","E","R","T","M","M","$","M","?","R","B",null,"M","T","M","?","$","R","E","$","T"],"character_chosen":"DEFECT","items_purchased":["Panache","Blizzard"],"gold_per_floor":[20,32,32,51,71,71,105,105,105,128,147,87,102,102,102,231,231,255,300,315,315,88,88,123,65,89,89],"floor_reached":27,"campfire_rested":2,"playtime":1077,"item_purchase_floors":[22,25],"current_hp_per_floor":[68,68,50,50,31,31,16,38,38,28,24,24,7,7,29,14,75,60,60,36,36,36,36,24,24,24,0],"items_purged":["Strike_B","Strike_B"],"gold":89,"score":280,"play_id":"a55ee4e3-0a1c-4ad5-8990-26f5078f39a1","local_time":"20180608084409","is_prod":false,"is_daily":false,"chose_seed":false,"is_ascension_mode":true,"campfire_upgraded":2,"win_rate":0,"timestamp":1528418649,"campfire_choices":[{"data":"Defragment","floor":6,"key":"SMITH"},{"floor":8,"key":"REST"},{"floor":15,"key":"REST"},{"data":"Loop","floor":23,"key":"SMITH"}],"path_taken":["M","M","?","?","M","R","E","R","T","M","M","$","M","?","R","BOSS","M","?","M","?","$","R","E","?","T","E"],"build_version":"2018-06-07","seed_source_timestamp":55198040134908,"purchased_purges":2,"victory":false,"master_deck":["Defend_B","Defend_B","Defend_B","Zap","Dualcast","Defragment+1","Sunder","White Noise","Echo Form","Rip and Tear","Chill","Recycle","Loop+1","Seek","Coolheaded+1","Glacier","Panache","Blizzard"],"max_hp_per_floor":[75,75,75,75,75,75,75,75,75,75,75,75,75,75,75,75,75,75,75,75,75,75,75,75,75,75,75],"relics":["Cracked Core","Golden Idol","Dream Catcher","The Courier","White Beast Statue","Oddly Smooth Stone","Unceasing Top","Juzu Bracelet"],"card_choices":[{"not_picked":["Reprogram","Leap"],"picked":"White Noise","floor":1},{"not_picked":["Lockon","Gash","Cold Snap"],"picked":"SKIP","floor":2},{"not_picked":["Stack","Hello World","Rebound"],"picked":"SKIP","floor":4},{"not_picked":["Undo","Turbo","Blizzard"],"picked":"SKIP","floor":5},{"not_picked":["Sweeping Beam","Stack"],"picked":"Echo Form","floor":7},{"not_picked":["Heatsinks","Redo"],"picked":"Rip and Tear","floor":8},{"not_picked":["Stack","Melter"],"picked":"Chill","floor":10},{"not_picked":["Ball Lightning","Rebound"],"picked":"Recycle","floor":11},{"not_picked":["Storm","Coolheaded"],"picked":"Loop","floor":13},{"not_picked":["Machine Learning","Biased Cognition"],"picked":"Seek","floor":16},{"not_picked":["Rebound","Redo"],"picked":"Coolheaded+1","floor":18},{"not_picked":["Static Discharge","Gash+1"],"picked":"Glacier","floor":20},{"not_picked":["Turbo","Compile Driver","Hyperbeam"],"picked":"SKIP","floor":24}],"player_experience":241596,"potions_floor_usage":[5,7,7,16,24,27,27],"damage_taken":[{"damage":7,"enemies":"Jaw Worm","floor":1,"turns":3},{"damage":0,"enemies":"Small Slimes","floor":2,"turns":2},{"damage":0,"enemies":"2 Louse","floor":4,"turns":2},{"damage":19,"enemies":"Gremlin Gang","floor":5,"turns":5},{"damage":22,"enemies":"Gremlin Nob","floor":7,"turns":4},{"damage":10,"enemies":"Large Slime","floor":10,"turns":4},{"damage":4,"enemies":"Looter","floor":11,"turns":2},{"damage":17,"enemies":"3 Louse","floor":13,"turns":3},{"damage":22,"enemies":"The Guardian","floor":16,"turns":9},{"damage":15,"enemies":"2 Thieves","floor":18,"turns":3},{"damage":31,"enemies":"Chosen","floor":20,"turns":7},{"damage":12,"enemies":"Book of Stabbing","floor":24,"turns":8},{"damage":29,"enemies":"Gremlin Leader","floor":27,"turns":3}],"relics_obtained":[{"floor":7,"key":"Dream Catcher"},{"floor":9,"key":"The Courier"},{"floor":19,"key":"Oddly Smooth Stone"},{"floor":24,"key":"Unceasing Top"},{"floor":26,"key":"Juzu Bracelet"}],"event_choices":[{"event_name":"Golden Idol","player_choice":"Take Damage","floor":3,"damage_taken":0},{"event_name":"Living Wall","player_choice":"Forget","floor":14,"damage_taken":0},{"event_name":"Drug Dealer","player_choice":"Ignored","floor":21,"damage_taken":0}],"boss_relics":[{"not_picked":["Snecko Eye","Eternal Feather"],"picked":"White Beast Statue"}],"items_purged_floors":[12,22],"potions_floor_spawned":[1,4,5,11,18,20,24],"seed_played":"8897554941488353154","killed_by":"Gremlin Leader","ascension_level":4,"potions_obtained":[{"floor":1,"key":"Swift Potion"},{"floor":4,"key":"Dexterity Potion"},{"floor":5,"key":"Ancient Potion"},{"floor":11,"key":"FocusPotion"},{"floor":18,"key":"Strength Potion"},{"floor":20,"key":"SkillPotion"},{"floor":24,"key":"Ancient Potion"}],"is_trial":false}