{"gold_per_floor":[117,117,42,192,192,238,96,107,153,172,172],"floor_reached":11,"playtime":197,"items_purged":["Regret"],"score":192,"play_id":"211a1482-e7b3-4c9b-8d77-bfd273a4914e","local_time":"20190309181055","is_ascension_mode":true,"campfire_choices":[],"neow_cost":"NONE","seed_source_timestamp":693339590163887,"circlet_count":0,"master_deck":["AscendersBane","Strike_B","Strike_B","Strike_B","Strike_B","Defend_B","Defend_B","Defend_B","Defend_B","Zap","Dualcast","Heatsinks","Self Repair","Doubt","Gash","Heatsinks+1","Machine Learning+1","Self Repair+1"],"relics":["Cracked Core","NeowsBlessing","MawBank","Frozen Egg 2","Oddly Smooth Stone"],"potions_floor_usage":[],"damage_taken":[{"damage":0,"enemies":"Small Slimes","floor":1,"turns":1},{"damage":0,"enemies":"Gremlin Nob","floor":6,"turns":1},{"damage":0,"enemies":"2 Louse","floor":8,"turns":1},{"damage":6,"enemies":"Jaw Worm","floor":10,"turns":5},{"damage":50,"enemies":"Gremlin Gang","floor":11,"turns":4}],"seed_played":"-1635816382528322859","potions_obtained":[],"is_trial":false,"path_per_floor":["M","?","$","?","?","E","$","M","T","M","M"],"character_chosen":"DEFECT","items_purchased":["Self Repair","Heatsinks+1"],"campfire_rested":0,"item_purchase_floors":[3,7],"current_hp_per_floor":[64,64,64,64,64,64,64,64,64,65,15],"gold":172,"neow_bonus":"THREE_ENEMY_KILL","is_prod":false,"is_daily":false,"chose_seed":false,"campfire_upgraded":0,"win_rate":0,"timestamp":1552173055,"path_taken":["M","?","$","?","?","E","?","M","T","?","?"],"build_version":"2019-01-23","purchased_purges":1,"victory":false,"max_hp_per_floor":[71,71,71,71,71,71,71,71,71,71,71],"card_choices":[{"not_picked":["Rebound","Reinforced Body"],"picked":"Heatsinks","floor":1},{"not_picked":["Conserve Battery","Streamline"],"picked":"Gash","floor":6},{"not_picked":["White Noise","Steam Power"],"picked":"Machine Learning+1","floor":8},{"not_picked":["Conserve Battery","Skim"],"picked":"Self Repair+1","floor":10}],"player_experience":866000,"relics_obtained":[{"floor":6,"key":"Frozen Egg 2"},{"floor":9,"key":"Oddly Smooth Stone"}],"event_choices":[{"damage_healed":0,"gold_gain":0,"player_choice":"Fled","damage_taken":0,"max_hp_gain":0,"max_hp_loss":0,"event_name":"Scrap Ooze","floor":2,"gold_loss":0},{"damage_healed":0,"gold_gain":150,"player_choice":"AGREE","damage_taken":0,"max_hp_gain":0,"max_hp_loss":0,"event_name":"Liars Game","floor":4,"gold_loss":0,"cards_obtained":["Doubt"]},{"damage_healed":0,"gold_gain":0,"player_choice":"Box","damage_taken":0,"relics_obtained":["MawBank"],"max_hp_gain":0,"max_hp_loss":0,"event_name":"Big Fish","floor":5,"gold_loss":0,"cards_obtained":["Regret"]}],"is_beta":false,"boss_relics":[],"items_purged_floors":[7],"is_endless":false,"potions_floor_spawned":[],"killed_by":"Gremlin Gang","ascension_level":20}