{"gold_per_floor":[114,132,145,145,145,159,159,187,244,270,298,310,332,359,371,483,495,524,546,571,583],"floor_reached":21,"playtime":2666,"items_purged":[],"score":215,"play_id":"6744bee5-a5b8-4904-8e50-13392c3be32d","local_time":"20181228124441","is_ascension_mode":true,"campfire_choices":[{"floor":7,"key":"RECALL"},{"floor":12,"key":"REST"},{"floor":15,"key":"REST"}],"neow_cost":"NONE","seed_source_timestamp":58641856903162,"circlet_count":0,"master_deck":["Defend_G","Defend_G","Defend_G","Defend_G","Defend_G","Strike_G","Strike_G","Strike_G","Strike_G","Survivor","Neutralize","Slice","Noxious Fumes","Dagger Throw","Clumsy","Acrobatics","Escape Plan","Prepared","Poisoned Stab","Escape Plan","Deflect","Bullet Time","Escape Plan","Poisoned Stab+1"],"relics":["Runic Pyramid","Art of War","Tiny Chest","MawBank","WristBlade"],"potions_floor_usage":[16,16,16,19,20],"damage_taken":[{"damage":0,"enemies":"Cultist","floor":1,"turns":4},{"damage":0,"enemies":"2 Louse","floor":2,"turns":3},{"damage":0,"enemies":"Jaw Worm","floor":3,"turns":4},{"damage":8,"enemies":"3 Louse","floor":6,"turns":4},{"damage":15,"enemies":"3 Sentries","floor":8,"turns":10},{"damage":26,"enemies":"Gremlin Nob","floor":10,"turns":5},{"damage":0,"enemies":"2 Fungi Beasts","floor":11,"turns":4},{"damage":12,"enemies":"Lots of Slimes","floor":13,"turns":4},{"damage":1,"enemies":"Large Slime","floor":14,"turns":5},{"damage":1,"enemies":"Slime Boss","floor":16,"turns":13},{"damage":10,"enemies":"Shell Parasite","floor":18,"turns":7},{"damage":0,"enemies":"3 Byrds","floor":19,"turns":6},{"damage":62,"enemies":"Sentry and Sphere","floor":20,"turns":11},{"damage":14,"enemies":"Shelled Parasite and Fungi","floor":21,"turns":1}],"seed_played":"-6462017049349907158","potions_obtained":[{"floor":6,"key":"Ancient Potion"},{"floor":10,"key":"SteroidPotion"},{"floor":13,"key":"SpeedPotion"},{"floor":18,"key":"AttackPotion"},{"floor":19,"key":"Regen Potion"}],"is_trial":false,"path_per_floor":["M","M","M","?","?","M","R","E","T","E","M","R","M","M","R","B",null,"M","M","M","M"],"character_chosen":"THE_SILENT","items_purchased":[],"campfire_rested":2,"item_purchase_floors":[],"current_hp_per_floor":[70,70,70,63,63,55,55,40,40,14,14,35,23,22,43,42,70,60,60,13,0],"gold":583,"neow_bonus":"BOSS_RELIC","is_prod":false,"is_daily":false,"chose_seed":false,"campfire_upgraded":0,"win_rate":0,"timestamp":1546019081,"path_taken":["M","M","?","?","?","M","R","E","T","E","M","R","M","M","R","BOSS","M","?","M","M"],"build_version":"2018-12-20","purchased_purges":0,"victory":false,"max_hp_per_floor":[70,70,70,70,70,70,70,70,70,70,70,70,70,70,70,70,70,70,70,70,70],"card_choices":[{"not_picked":["Cloak And Dagger","Bane"],"picked":"Slice","floor":1},{"not_picked":["Slice","Backflip"],"picked":"Noxious Fumes","floor":2},{"not_picked":["Cloak And Dagger","Endless Agony"],"picked":"Dagger Throw","floor":3},{"not_picked":["Dagger Spray","Predator"],"picked":"Escape Plan","floor":6},{"not_picked":["Leg Sweep","Dagger Throw"],"picked":"Prepared","floor":8},{"not_picked":["Blade Dance","Predator","Caltrops"],"picked":"SKIP","floor":10},{"not_picked":["All Out Attack","Leg Sweep"],"picked":"Poisoned Stab","floor":11},{"not_picked":["Phantasmal Killer","Skewer"],"picked":"Escape Plan","floor":13},{"not_picked":["Finisher","Sucker Punch"],"picked":"Deflect","floor":14},{"not_picked":["Phantasmal Killer","Storm of Steel"],"picked":"Bullet Time","floor":16},{"not_picked":["Masterful Stab","Underhanded Strike","Backflip"],"picked":"SKIP","floor":18},{"not_picked":["Quick Slash","Dash+1"],"picked":"Escape Plan","floor":19},{"not_picked":["Underhanded Strike","Predator"],"picked":"Poisoned Stab+1","floor":20}],"player_experience":67700,"relics_obtained":[{"floor":8,"key":"Art of War"},{"floor":9,"key":"Tiny Chest"},{"floor":10,"key":"MawBank"}],"event_choices":[{"cards_removed":["Strike_G"],"damage_healed":0,"gold_gain":0,"player_choice":"Card Removal","damage_taken":7,"max_hp_gain":0,"max_hp_loss":0,"event_name":"Golden Wing","floor":4,"gold_loss":0},{"damage_healed":0,"gold_gain":0,"player_choice":"2 cards matched","damage_taken":0,"max_hp_gain":0,"max_hp_loss":0,"event_name":"Match and Keep!","floor":5,"gold_loss":0,"cards_obtained":["Clumsy","Acrobatics"]}],"is_beta":false,"boss_relics":[{"not_picked":["Coffee Dripper","Cursed Key"],"picked":"WristBlade"}],"items_purged_floors":[],"is_endless":false,"potions_floor_spawned":[6,10,13,14,18,19],"killed_by":"Shelled Parasite and Fungi","ascension_level":2}