{"gold_per_floor":[111,122,72,72,90,117,128,162,162,182,195,195,120,133,133,233,233,249,249,95,106,106,106,126,139,221,231,231,242,267,282,282,282],"floor_reached":33,"playtime":1558,"items_purged":["Defend_G"],"score":283,"play_id":"d27b1886-a493-4b42-8b52-3985db1d0f83","local_time":"20190413150708","is_ascension_mode":false,"campfire_choices":[{"data":"Neutralize","floor":15,"key":"SMITH"},{"data":"Acrobatics","floor":23,"key":"SMITH"},{"data":"Blur","floor":28,"key":"SMITH"},{"floor":32,"key":"RECALL"}],"neow_cost":"NONE","seed_source_timestamp":195984317640000,"circlet_count":0,"master_deck":["Defend_G","Survivor","Neutralize+1","Bullet Time+1","Poisoned Stab+1","Choke+1","Quick Slash","Riddle With Holes","Backflip","Backflip","Blur+1","Finisher","Crippling Poison","After Image","Acrobatics+1","PiercingWail+1","Predator+1","Acrobatics","Blur"],"relics":["Astrolabe","Regal Pillow","Lantern","Bag of Marbles","Empty Cage","Oddly Smooth Stone","Gremlin Horn","Dodecahedron"],"potions_floor_usage":[6,7,8,8,8,16,18,21,21,29,30,33,33],"damage_taken":[{"damage":0,"enemies":"Small Slimes","floor":1,"turns":3},{"damage":0,"enemies":"2 Louse","floor":2,"turns":2},{"damage":0,"enemies":"Cultist","floor":5,"turns":3},{"damage":5,"enemies":"3 Sentries","floor":6,"turns":7},{"damage":5,"enemies":"Exordium Thugs","floor":7,"turns":4},{"damage":13,"enemies":"Gremlin Nob","floor":8,"turns":3},{"damage":0,"enemies":"3 Louse","floor":10,"turns":1},{"damage":0,"enemies":"Large Slime","floor":11,"turns":1},{"damage":0,"enemies":"Red Slaver","floor":14,"turns":1},{"damage":19,"enemies":"The Guardian","floor":16,"turns":7},{"damage":0,"enemies":"Chosen","floor":18,"turns":4},{"damage":1,"enemies":"Spheric Guardian","floor":21,"turns":3},{"damage":0,"enemies":"Snake Plant","floor":24,"turns":2},{"damage":0,"enemies":"Centurion and Healer","floor":25,"turns":4},{"damage":1,"enemies":"Sentry and Sphere","floor":27,"turns":7},{"damage":0,"enemies":"Snecko","floor":29,"turns":4},{"damage":6,"enemies":"Slavers","floor":30,"turns":6},{"damage":0,"enemies":"Centurion and Healer","floor":31,"turns":5},{"damage":73,"enemies":"Collector","floor":33,"turns":11}],"seed_played":"-8978311202554141455","potions_obtained":[{"floor":1,"key":"Explosive Potion"},{"floor":4,"key":"EntropicBrew"},{"floor":4,"key":"SteroidPotion"},{"floor":7,"key":"PowerPotion"},{"floor":16,"key":"Explosive Potion"},{"floor":21,"key":"LiquidBronze"},{"floor":24,"key":"AttackPotion"},{"floor":29,"key":"Weak Potion"},{"floor":31,"key":"SpeedPotion"}],"is_trial":false,"path_per_floor":["M","M","?","?","M","E","M","E","T","M","M","T","$","M","R","B",null,"M","?","$","M","?","R","M","M","T","M","R","M","E","M","R","B"],"character_chosen":"THE_SILENT","items_purchased":["Oddly Smooth Stone"],"campfire_rested":0,"item_purchase_floors":[20],"current_hp_per_floor":[70,70,70,70,70,65,60,47,47,47,47,47,47,47,47,28,70,70,70,70,69,69,69,69,69,69,68,68,68,62,62,62,0],"gold":282,"neow_bonus":"BOSS_RELIC","is_prod":false,"is_daily":false,"chose_seed":false,"campfire_upgraded":3,"win_rate":0,"timestamp":1555139228,"path_taken":["M","M","?","?","?","E","M","E","T","M","M","?","$","M","R","BOSS","M","?","$","M","?","R","M","?","T","M","R","M","E","?","R","BOSS"],"build_version":"2019-01-23","purchased_purges":1,"victory":false,"max_hp_per_floor":[70,70,70,70,70,70,70,70,70,70,70,70,70,70,70,70,70,70,70,70,70,70,70,70,70,70,70,70,70,70,70,70,70],"card_choices":[{"not_picked":["Leg Sweep","Sucker Punch"],"picked":"Quick Slash","floor":1},{"not_picked":["Poisoned Stab","Underhanded Strike"],"picked":"Riddle With Holes","floor":2},{"not_picked":["Dagger Throw","Quick Slash"],"picked":"Backflip","floor":5},{"not_picked":["Outmaneuver","Dagger Spray"],"picked":"Backflip","floor":6},{"not_picked":["Sucker Punch","Blade Dance"],"picked":"Blur","floor":7},{"not_picked":["Noxious Fumes","Bane","Dodge and Roll"],"picked":"SKIP","floor":8},{"not_picked":["Poisoned Stab","Quick Slash","Sucker Punch"],"picked":"SKIP","floor":10},{"not_picked":["Blur","Poisoned Stab"],"picked":"Finisher","floor":11},{"not_picked":["Slice","Dagger Throw"],"picked":"Crippling Poison","floor":14},{"not_picked":["Envenom","Venomology"],"picked":"After Image","floor":16},{"not_picked":["Prepared","Poisoned Stab"],"picked":"Acrobatics","floor":18},{"not_picked":["Infinite Blades+1","Caltrops+1"],"picked":"PiercingWail+1","floor":21},{"not_picked":["Prepared","Backflip","Flying Knee"],"picked":"SKIP","floor":24},{"not_picked":["Catalyst","Quick Slash","Sucker Punch+1"],"picked":"SKIP","floor":25},{"not_picked":["Endless Agony","PiercingWail+1"],"picked":"Predator+1","floor":27},{"not_picked":["Backflip","Bouncing Flask","Dagger Spray"],"picked":"SKIP","floor":29},{"not_picked":["Storm of Steel","Crippling Poison"],"picked":"Acrobatics","floor":30},{"not_picked":["Dagger Spray+1","Concentrate"],"picked":"Blur","floor":31}],"player_experience":480950,"relics_obtained":[{"floor":6,"key":"Regal Pillow"},{"floor":8,"key":"Lantern"},{"floor":9,"key":"Bag of Marbles"},{"floor":26,"key":"Gremlin Horn"},{"floor":30,"key":"Dodecahedron"}],"event_choices":[{"cards_removed":["Strike_G"],"damage_healed":0,"gold_gain":0,"player_choice":"Card Removal","damage_taken":0,"max_hp_gain":0,"max_hp_loss":0,"event_name":"The Cleric","floor":3,"gold_loss":50},{"damage_healed":0,"gold_gain":0,"player_choice":"Got Potions","damage_taken":0,"max_hp_gain":0,"max_hp_loss":0,"event_name":"Lab","floor":4,"gold_loss":0},{"cards_removed":["Defend_G"],"damage_healed":0,"gold_gain":0,"player_choice":"Elegance","damage_taken":0,"max_hp_gain":0,"max_hp_loss":0,"event_name":"Back to Basics","floor":19,"gold_loss":0},{"cards_removed":["Defend_G"],"damage_healed":0,"gold_gain":0,"player_choice":"Purged","damage_taken":0,"max_hp_gain":0,"max_hp_loss":0,"event_name":"Purifier","floor":22,"gold_loss":0}],"is_beta":false,"boss_relics":[{"not_picked":["Busted Crown","Pandora\u0027s Box"],"picked":"Empty Cage"}],"items_purged_floors":[13],"is_endless":false,"potions_floor_spawned":[1,7,16,21,24,29,31],"killed_by":"Collector","ascension_level":0}