{"gold_per_floor":[113,113,26,43,43,70,86,86,112,112,112,37,51,78,78,150,150,165,165,265,282,301,301,44,44,67,67,86,105,105,30,30,101,101,115,73,1072,1083,1159,1159],"floor_reached":40,"playtime":1282,"items_purged":["Strike_B","Sweeping Beam"],"score":859,"play_id":"7289a9b1-ea6a-4000-aab4-e501973e1df7","local_time":"20190507170101","is_ascension_mode":true,"campfire_choices":[{"data":"Sunder","floor":8.0,"key":"SMITH"},{"data":"Zap","floor":11.0,"key":"SMITH"},{"data":"Dualcast","floor":15.0,"key":"SMITH"},{"floor":23.0,"key":"REST"},{"data":"Heatsinks","floor":25.0,"key":"SMITH"},{"data":"Turbo","floor":27.0,"key":"SMITH"},{"floor":30.0,"key":"REST"},{"data":"Consume","floor":32.0,"key":"SMITH"}],"neow_cost":"NONE","seed_source_timestamp":1100308374393047,"circlet_count":0,"master_deck":["AscendersBane","Zap+1","Dualcast+1","Chaos+1","Recycle","Turbo+1","Sunder+1","Heatsinks+1","Echo Form","Thunder Strike","Reboot","Consume+1","Creative AI","Force Field","Loop","Undo","Core Surge","Genetic Algorithm+1","Turbo+1","All For One","Coolheaded+1","FTL+1","Steam+1","Ball Lightning","Capacitor","Multi-Cast"],"special_seed":0,"relics":["Cracked Core","NeowsBlessing","Happy Flower","Art of War","Omamori","Vajra","Pandora\u0027s Box","Nunchaku","Bottled Lightning","Lantern","Astrolabe","Mummified Hand"],"potions_floor_usage":[40],"damage_taken":[{"damage":0.0,"enemies":"Small Slimes","floor":1.0,"turns":1.0},{"damage":0.0,"enemies":"Jaw Worm","floor":4.0,"turns":1.0},{"damage":0.0,"enemies":"3 Sentries","floor":6.0,"turns":1.0},{"damage":0.0,"enemies":"2 Louse","floor":7.0,"turns":2.0},{"damage":5.0,"enemies":"Large Slime","floor":13.0,"turns":4.0},{"damage":9.0,"enemies":"Lagavulin","floor":14.0,"turns":6.0},{"damage":16.0,"enemies":"Slime Boss","floor":16.0,"turns":6.0},{"damage":1.0,"enemies":"3 Byrds","floor":18.0,"turns":2.0},{"damage":24.0,"enemies":"Colosseum Slavers","floor":20.0,"turns":4.0},{"damage":5.0,"enemies":"Colosseum Nobs","floor":20.0,"turns":3.0},{"damage":20.0,"enemies":"2 Thieves","floor":21.0,"turns":4.0},{"damage":0.0,"enemies":"Chosen and Byrds","floor":22.0,"turns":5.0},{"damage":12.0,"enemies":"Shelled Parasite and Fungi","floor":28.0,"turns":5.0},{"damage":1.0,"enemies":"Snecko","floor":29.0,"turns":4.0},{"damage":28.0,"enemies":"Collector","floor":33.0,"turns":9.0},{"damage":19.0,"enemies":"3 Darklings","floor":35.0,"turns":6.0},{"damage":9.0,"enemies":"3 Shapes","floor":38.0,"turns":4.0},{"damage":46,"enemies":"Nemesis","floor":40,"turns":2}],"seed_played":"-9057435374829320782","potions_obtained":[{"floor":1.0,"key":"Block Potion"},{"floor":4.0,"key":"FearPotion"},{"floor":16.0,"key":"Explosive Potion"},{"floor":20.0,"key":"Ancient Potion"},{"floor":28.0,"key":"Block Potion"},{"floor":38.0,"key":"AttackPotion"}],"is_trial":false,"path_per_floor":["M","?","$","M","?","E","M","R","T","?","R","$","M","E","R","B",null,"M","?","?","M","M","R","$","R","T","R","M","M","R","?","R","B",null,"M","$","?","M","T","E"],"character_chosen":"DEFECT","items_purchased":["Recycle","Core Surge","Capacitor"],"campfire_rested":2,"item_purchase_floors":[3,24,36],"current_hp_per_floor":[64,43,43,43,32,32,32,32,32,32,32,32,27,18,18,2,54,53,53,24,4,4,25,25,25,25,25,13,12,33,33,33,5,55,36,36,36,27,27,0],"gold":1159,"neow_bonus":"THREE_ENEMY_KILL","is_prod":false,"is_daily":false,"chose_seed":false,"campfire_upgraded":6,"win_rate":0,"timestamp":1557219661,"path_taken":["M","?","$","M","?","E","M","R","T","?","R","?","M","E","R","BOSS","M","?","?","M","M","R","$","R","T","R","M","M","R","?","R","BOSS","M","$","?","M","?","E"],"build_version":"2019-01-23","purchased_purges":2,"victory":false,"max_hp_per_floor":[71,71,71,71,71,71,71,71,71,71,71,71,71,71,71,71,71,71,71,71,71,71,71,71,71,71,71,71,71,71,71,71,71,71,71,71,71,71,71,71],"card_choices":[{"not_picked":["Doom and Gloom","Chill"],"picked":"Chaos","floor":1.0},{"not_picked":["Stack","Conserve Battery"],"picked":"Turbo","floor":4.0},{"not_picked":["Sweeping Beam","Static Discharge"],"picked":"Sunder","floor":6.0},{"not_picked":["Turbo","Streamline"],"picked":"Heatsinks","floor":7.0},{"not_picked":["Leap","Hologram"],"picked":"Echo Form","floor":13.0},{"not_picked":["Melter","Gash"],"picked":"Steam","floor":14.0},{"not_picked":["Reboot","Creative AI"],"picked":"Thunder Strike","floor":16.0},{"not_picked":["Coolheaded","Self Repair"],"picked":"Undo","floor":18.0},{"not_picked":["Blizzard","Steam"],"picked":"Double Energy","floor":20.0},{"not_picked":["Stack","Hologram"],"picked":"Leap","floor":21.0},{"not_picked":["Sweeping Beam+1","Gash","Sunder"],"picked":"SKIP","floor":22.0},{"not_picked":["Streamline","Scrape"],"picked":"Genetic Algorithm+1","floor":28.0},{"not_picked":["Recycle","Redo"],"picked":"Turbo+1","floor":29.0},{"not_picked":["Rainbow","Thunder Strike"],"picked":"All For One","floor":33.0},{"not_picked":["Rebound","Beam Cell"],"picked":"Ball Lightning","floor":35.0},{"not_picked":["Darkness","Multi-Cast","Streamline"],"picked":"SKIP","floor":38.0},{"not_picked":["Darkness","Streamline"],"picked":"Multi-Cast","floor":38.0}],"player_experience":1581170,"relics_obtained":[{"floor":6.0,"key":"Art of War"},{"floor":9.0,"key":"Omamori"},{"floor":14.0,"key":"Vajra"},{"floor":20.0,"key":"Nunchaku"},{"floor":20.0,"key":"Bottled Lightning"},{"floor":26.0,"key":"Lantern"},{"floor":39.0,"key":"Mummified Hand"}],"event_choices":[{"damage_healed":0.0,"max_hp_gain":0.0,"max_hp_loss":0.0,"gold_gain":0.0,"event_name":"Shining Light","player_choice":"Entered Light","floor":2.0,"gold_loss":0.0,"damage_taken":21.0,"cards_upgraded":["Defend_B","Chaos"]},{"damage_healed":0.0,"max_hp_gain":0.0,"max_hp_loss":0.0,"gold_gain":0.0,"event_name":"Scrap Ooze","player_choice":"Success","floor":5.0,"gold_loss":0.0,"damage_taken":11.0,"relics_obtained":["Happy Flower"]},{"damage_healed":0.0,"max_hp_gain":0.0,"max_hp_loss":0.0,"gold_gain":0.0,"cards_transformed":["Strike_B"],"event_name":"Living Wall","player_choice":"Change","floor":10.0,"gold_loss":0.0,"damage_taken":0.0,"cards_obtained":["Rainbow"]},{"damage_healed":0.0,"max_hp_gain":0.0,"max_hp_loss":0.0,"gold_gain":0.0,"event_name":"The Mausoleum","player_choice":"Ignored","floor":19.0,"gold_loss":0.0,"damage_taken":0.0},{"damage_healed":0.0,"max_hp_gain":0.0,"max_hp_loss":0.0,"gold_gain":0.0,"event_name":"Colosseum","player_choice":"Fight","floor":20.0,"gold_loss":0.0,"damage_taken":0.0},{"damage_healed":0.0,"max_hp_gain":0.0,"max_hp_loss":0.0,"gold_gain":0.0,"event_name":"Colosseum","player_choice":"Fought Nobs","floor":20.0,"gold_loss":0.0,"damage_taken":0.0},{"cards_removed":["Steam"],"damage_healed":0.0,"max_hp_gain":0.0,"max_hp_loss":0.0,"gold_gain":0.0,"event_name":"Beggar","player_choice":"Gave Gold","floor":31.0,"gold_loss":75.0,"damage_taken":0.0},{"damage_healed":0.0,"max_hp_gain":0.0,"max_hp_loss":0.0,"gold_gain":999.0,"event_name":"MindBloom","player_choice":"Gold","floor":37.0,"gold_loss":0.0,"damage_taken":0.0,"cards_obtained":["Normality","Normality"]}],"is_beta":false,"boss_relics":[{"not_picked":["Empty Cage","Lizard Tail"],"picked":"Pandora\u0027s Box"},{"not_picked":["White Beast Statue","Philosopher\u0027s Stone"],"picked":"Astrolabe"}],"items_purged_floors":[12,24],"is_endless":false,"potions_floor_spawned":[1,4,14,16,20,20,28,29,38],"killed_by":"Nemesis","ascension_level":20}