{"gold_per_floor":[109,122,197,208,218,50,64,99,146,158,150,193,205,232,244,256],"floor_reached":16,"playtime":553,"items_purged":[],"score":213,"play_id":"452f984f-2655-4c1a-b3a6-9c00bd4aebc3","local_time":"20181115160805","is_ascension_mode":true,"campfire_choices":[{"floor":10,"key":"REST"},{"floor":13,"key":"REST"},{"data":"Blade Dance","floor":15,"key":"SMITH"}],"neow_cost":"TEN_PERCENT_HP_LOSS","seed_source_timestamp":80336267011639,"circlet_count":0,"master_deck":["AscendersBane","Defend_G","Defend_G","Defend_G","Defend_G","Strike_G","Strike_G","Strike_G","Strike_G","Survivor","Neutralize","Phantasmal Killer","Dash","Deflect","Backstab","Flechettes","Leg Sweep","Blade Dance+1","Finisher","Prepared","Riddle With Holes"],"relics":["Ring of the Snake","Bronze Scales","Blue Candle","MawBank","Kunai"],"potions_floor_usage":[8,12,12,16,16],"damage_taken":[{"damage":4,"enemies":"Cultist","floor":1,"turns":5},{"damage":3,"enemies":"Jaw Worm","floor":2,"turns":3},{"damage":0,"enemies":"2 Louse","floor":4,"turns":3},{"damage":0,"enemies":"Large Slime","floor":5,"turns":4},{"damage":5,"enemies":"Blue Slaver","floor":7,"turns":3},{"damage":24,"enemies":"3 Sentries","floor":8,"turns":11},{"damage":15,"enemies":"Lagavulin","floor":12,"turns":6},{"damage":0,"enemies":"2 Fungi Beasts","floor":14,"turns":3},{"damage":33,"enemies":"Slime Boss","floor":16,"turns":8}],"seed_played":"-7561206257260206445","potions_obtained":[{"floor":4,"key":"Dexterity Potion"},{"floor":5,"key":"FearPotion"},{"floor":11,"key":"FearPotion"},{"floor":12,"key":"Dexterity Potion"},{"floor":14,"key":"Block Potion"}],"is_trial":false,"path_per_floor":["M","M","?","M","M","$","M","E","T","R","?","E","R","M","R","B"],"character_chosen":"THE_SILENT","items_purchased":["Bronze Scales"],"campfire_rested":2,"item_purchase_floors":[6],"current_hp_per_floor":[55,52,41,41,41,41,36,12,12,30,30,15,33,33,33,0],"gold":256,"neow_bonus":"TRANSFORM_TWO_CARDS","is_prod":false,"is_daily":false,"chose_seed":false,"campfire_upgraded":1,"win_rate":0,"timestamp":1542316085,"path_taken":["M","M","?","M","M","$","M","E","T","R","?","E","R","M","R","BOSS"],"build_version":"2018-11-08","purchased_purges":0,"victory":false,"max_hp_per_floor":[60,60,60,60,60,60,60,60,60,60,60,60,60,60,60,60],"card_choices":[{"not_picked":["Skewer","Predator"],"picked":"Deflect","floor":1},{"not_picked":["Dagger Spray","All Out Attack"],"picked":"Backstab","floor":2},{"not_picked":["Endless Agony","Bane"],"picked":"Flechettes","floor":4},{"not_picked":["PiercingWail","Prepared"],"picked":"Leg Sweep","floor":5},{"not_picked":["Outmaneuver","Dagger Spray"],"picked":"Blade Dance","floor":7},{"not_picked":["Catalyst","Slice"],"picked":"Finisher","floor":8},{"not_picked":["Bane","Catalyst"],"picked":"Prepared","floor":12},{"not_picked":["Bane","Concentrate"],"picked":"Riddle With Holes","floor":14}],"player_experience":724344,"relics_obtained":[{"floor":8,"key":"Blue Candle"},{"floor":9,"key":"MawBank"},{"floor":12,"key":"Kunai"}],"event_choices":[{"damage_healed":0,"gold_gain":75,"player_choice":"Gather Gold","damage_taken":11,"max_hp_gain":0,"max_hp_loss":0,"event_name":"World of Goop","floor":3,"gold_loss":0},{"damage_healed":0,"gold_gain":0,"player_choice":"Bought 1 Potion","damage_taken":0,"max_hp_gain":0,"max_hp_loss":0,"event_name":"The Woman in Blue","floor":11,"gold_loss":0}],"is_beta":false,"boss_relics":[],"items_purged_floors":[],"is_endless":false,"potions_floor_spawned":[4,5,12,14],"killed_by":"Slime Boss","ascension_level":18}