{"gold_per_floor":[112,187,200,200,9,38,48,58,83,101,101,120,154,164,164,268,268,287,298,298,315,335,335],"floor_reached":23,"playtime":1350,"items_purged":[],"score":232,"play_id":"58ceb1b9-1c27-4856-9c68-c3bab23294f6","local_time":"20190219173911","is_ascension_mode":false,"campfire_choices":[{"floor":11,"key":"REST"},{"data":"Infinite Blades","floor":15,"key":"SMITH"}],"neow_cost":"NONE","seed_source_timestamp":256497379966187,"circlet_count":0,"master_deck":["Defend_G+1","Defend_G","Defend_G","Defend_G","Strike_G","Strike_G","Strike_G","Strike_G","Strike_G","Survivor+1","Neutralize","Dagger Spray","Deadly Poison","Bane","Dagger Spray","Infinite Blades+1","Distraction","Bouncing Flask","Slice","Dagger Throw","Poisoned Stab","Venomology","Well Laid Plans","Deadly Poison","All Out Attack","Leg Sweep","Outmaneuver+1","Infinite Blades"],"relics":["Ring of the Snake","NeowsBlessing","Anchor","Lantern","Ancient Tea Set","Dream Catcher","War Paint","Black Star"],"potions_floor_usage":[18,22],"damage_taken":[{"damage":0,"enemies":"Cultist","floor":1,"turns":1},{"damage":0,"enemies":"Jaw Worm","floor":3,"turns":1},{"damage":0,"enemies":"Gremlin Nob","floor":6,"turns":1},{"damage":0,"enemies":"2 Louse","floor":7,"turns":2},{"damage":0,"enemies":"Looter","floor":8,"turns":2},{"damage":0,"enemies":"3 Louse","floor":10,"turns":3},{"damage":0,"enemies":"2 Fungi Beasts","floor":12,"turns":2},{"damage":21,"enemies":"Lagavulin","floor":13,"turns":5},{"damage":4,"enemies":"Exordium Thugs","floor":14,"turns":3},{"damage":33,"enemies":"Hexaghost","floor":16,"turns":8},{"damage":12,"enemies":"2 Thieves","floor":18,"turns":4},{"damage":22,"enemies":"Spheric Guardian","floor":19,"turns":4},{"damage":15,"enemies":"Snecko","floor":21,"turns":5},{"damage":19,"enemies":"3 Cultists","floor":22,"turns":5},{"damage":9,"enemies":"Gremlin Leader","floor":23,"turns":3}],"seed_played":"-6039309685029873286","potions_obtained":[{"floor":1,"key":"Fire Potion"},{"floor":12,"key":"Strength Potion"},{"floor":14,"key":"Strength Potion"},{"floor":21,"key":"GamblersBrew"}],"is_trial":false,"path_per_floor":["M","?","M","?","$","E","M","M","T","M","R","M","E","M","R","B",null,"M","M","?","M","M","E"],"character_chosen":"THE_SILENT","items_purchased":["Bane","Lantern"],"campfire_rested":1,"item_purchase_floors":[5,5],"current_hp_per_floor":[70,59,59,47,47,47,47,47,47,47,68,68,47,43,43,10,70,58,36,36,21,2,0],"gold":335,"neow_bonus":"THREE_ENEMY_KILL","is_prod":false,"is_daily":false,"chose_seed":false,"campfire_upgraded":1,"win_rate":0.0,"timestamp":1550619551,"path_taken":["M","?","M","?","?","E","M","M","T","M","R","?","E","M","R","BOSS","M","M","?","M","M","E"],"build_version":"2019-01-23","purchased_purges":0,"victory":false,"max_hp_per_floor":[70,70,70,70,70,70,70,70,70,70,70,70,70,70,70,70,70,70,70,70,70,70,70],"card_choices":[{"not_picked":["Reflex","Underhanded Strike"],"picked":"Dagger Spray","floor":1},{"not_picked":["Dash","Crippling Poison"],"picked":"Deadly Poison","floor":3},{"not_picked":["Finisher","Underhanded Strike"],"picked":"Heel Hook","floor":6},{"not_picked":["Flying Knee","Underhanded Strike"],"picked":"Dagger Spray","floor":7},{"not_picked":["Quick Slash","Flechettes"],"picked":"Infinite Blades","floor":8},{"not_picked":["Backflip","Blade Dance"],"picked":"Distraction","floor":10},{"not_picked":["Calculated Gamble","Venomology"],"picked":"Bouncing Flask","floor":11},{"not_picked":["Dodge and Roll","Acrobatics"],"picked":"Slice","floor":12},{"not_picked":["Deflect","Slice"],"picked":"Dagger Throw","floor":13},{"not_picked":["Underhanded Strike","Quick Slash"],"picked":"Poisoned Stab","floor":14},{"not_picked":["Doppelganger","Malaise"],"picked":"Venomology","floor":16},{"not_picked":["Reflex+1","Blade Dance"],"picked":"Well Laid Plans","floor":18},{"not_picked":["PiercingWail","Sucker Punch+1"],"picked":"Deadly Poison","floor":19},{"not_picked":["Escape Plan+1","Prepared+1"],"picked":"Outmaneuver+1","floor":21},{"not_picked":["Underhanded Strike","Blade Dance"],"picked":"Infinite Blades","floor":22}],"player_experience":46766,"relics_obtained":[{"floor":6,"key":"Ancient Tea Set"},{"floor":9,"key":"Dream Catcher"},{"floor":13,"key":"War Paint"}],"event_choices":[{"damage_healed":0,"gold_gain":75,"player_choice":"Gather Gold","damage_taken":11,"max_hp_gain":0,"max_hp_loss":0,"event_name":"World of Goop","floor":2,"gold_loss":0},{"damage_healed":0,"gold_gain":0,"player_choice":"Success","damage_taken":12,"relics_obtained":["Anchor"],"max_hp_gain":0,"max_hp_loss":0,"event_name":"Scrap Ooze","floor":4,"gold_loss":0},{"damage_healed":0,"gold_gain":0,"cards_transformed":["Heel Hook","Defend_G"],"player_choice":"Became Test Subject","damage_taken":0,"max_hp_gain":0,"max_hp_loss":0,"event_name":"Drug Dealer","floor":20,"gold_loss":0,"cards_obtained":["All Out Attack","Leg Sweep"]}],"is_beta":false,"boss_relics":[{"not_picked":["Coffee Dripper","Calling Bell"],"picked":"Black Star"}],"items_purged_floors":[],"is_endless":false,"potions_floor_spawned":[1,12,14,21],"killed_by":"Gremlin Leader","ascension_level":0}