{"gold_per_floor":[116,116,133,43,218,247,247,261,333,333,333,34,44,54,54,158,158,172,192,192,192,192],"floor_reached":22,"playtime":817,"items_purged":[],"score":208,"play_id":"78edabad-9446-483e-a7bc-0084b2b44a2d","local_time":"20190406130435","is_ascension_mode":false,"campfire_choices":[{"floor":7,"key":"RECALL"},{"data":"Defragment","floor":11,"key":"SMITH"},{"data":"Static Discharge","floor":15,"key":"SMITH"}],"neow_cost":"NONE","seed_source_timestamp":244101527206114,"circlet_count":0,"master_deck":["Strike_B","Strike_B","Strike_B","Defend_B","Defend_B","Defend_B","Defend_B","Zap","Dualcast","Go for the Eyes","Static Discharge+1","Cold Snap","Capacitor","Sweeping Beam","Defragment+1","Electrodynamics","Heatsinks","Redo","Cold Snap","Turbo","Turbo","Meteor Strike","Conserve Battery","Tempest"],"relics":["Cracked Core","NeowsBlessing","Oddly Smooth Stone","Pantograph","Spirit Poop","Bronze Scales","Eternal Feather","Nilry\u0027s Codex"],"potions_floor_usage":[14,19,22,22,22],"damage_taken":[{"damage":0,"enemies":"Jaw Worm","floor":1,"turns":1},{"damage":0,"enemies":"Cultist","floor":3,"turns":1},{"damage":0,"enemies":"Gremlin Nob","floor":6,"turns":1},{"damage":0,"enemies":"Small Slimes","floor":8,"turns":3},{"damage":8,"enemies":"Gremlin Gang","floor":13,"turns":2},{"damage":0,"enemies":"Exordium Wildlife","floor":14,"turns":2},{"damage":37,"enemies":"Hexaghost","floor":16,"turns":5},{"damage":25,"enemies":"2 Thieves","floor":18,"turns":3},{"damage":0,"enemies":"3 Byrds","floor":19,"turns":3},{"damage":35,"enemies":"3 Cultists","floor":22,"turns":4}],"seed_played":"-8874357471973653279","potions_obtained":[{"floor":6,"key":"Ancient Potion"},{"floor":13,"key":"EntropicBrew"},{"floor":19,"key":"EssenceOfSteel"}],"is_trial":false,"path_per_floor":["M","?","M","$","?","E","R","M","T","?","R","$","M","M","R","B",null,"M","M","?","?","M"],"character_chosen":"DEFECT","items_purchased":["Capacitor","Sweeping Beam","Bronze Scales","Heatsinks","Redo","Cold Snap"],"campfire_rested":0,"item_purchase_floors":[4,4,12,12,12,12],"current_hp_per_floor":[75,75,75,75,75,75,75,75,75,75,75,75,67,67,67,38,75,50,50,34,34,0],"gold":192,"neow_bonus":"THREE_ENEMY_KILL","is_prod":false,"is_daily":false,"chose_seed":false,"campfire_upgraded":2,"win_rate":0,"timestamp":1554581075,"path_taken":["M","?","?","$","?","E","R","M","T","?","R","$","?","M","R","BOSS","M","?","?","?","M"],"build_version":"2019-01-23","purchased_purges":0,"victory":false,"max_hp_per_floor":[75,75,75,75,75,75,75,75,75,75,75,75,75,75,75,75,75,75,75,75,75,75],"card_choices":[{"not_picked":["Rebound","Leap"],"picked":"Go for the Eyes","floor":1},{"not_picked":["Force Field","Scrape"],"picked":"Cold Snap","floor":3},{"not_picked":["Creative AI","Coolheaded"],"picked":"Defragment","floor":6},{"not_picked":["Coolheaded","Turbo"],"picked":"Electrodynamics","floor":8},{"not_picked":["Melter","Ball Lightning"],"picked":"Turbo","floor":13},{"not_picked":["Beam Cell","Sweeping Beam"],"picked":"Turbo","floor":14},{"not_picked":["All For One","Echo Form"],"picked":"Meteor Strike","floor":16},{"not_picked":["Coolheaded","Steam"],"picked":"Conserve Battery","floor":18},{"not_picked":["Double Energy","Consume"],"picked":"Tempest","floor":19}],"player_experience":490208,"relics_obtained":[{"floor":6,"key":"Oddly Smooth Stone"},{"floor":9,"key":"Pantograph"},{"floor":20,"key":"Nilry\u0027s Codex"}],"event_choices":[{"damage_healed":0,"gold_gain":0,"cards_transformed":["Strike_B"],"player_choice":"Transformed","damage_taken":0,"max_hp_gain":0,"max_hp_loss":0,"event_name":"Transmorgrifier","floor":2,"gold_loss":0,"cards_obtained":["Static Discharge"]},{"damage_healed":0,"gold_gain":175,"player_choice":"AGREE","damage_taken":0,"max_hp_gain":0,"max_hp_loss":0,"event_name":"Liars Game","floor":5,"gold_loss":0,"cards_obtained":["Doubt"]},{"cards_removed":["Doubt"],"damage_healed":0,"gold_gain":0,"player_choice":"Offered Curse","damage_taken":0,"relics_obtained":["Spirit Poop"],"max_hp_gain":0,"max_hp_loss":0,"event_name":"Bonfire Elementals","floor":10,"gold_loss":0},{"damage_healed":0,"gold_gain":0,"player_choice":"Obtained Book","damage_taken":16,"max_hp_gain":0,"max_hp_loss":0,"event_name":"Cursed Tome","floor":20,"gold_loss":0},{"damage_healed":0,"gold_gain":0,"player_choice":"Bought 0 Potions","damage_taken":0,"max_hp_gain":0,"max_hp_loss":0,"event_name":"The Woman in Blue","floor":21,"gold_loss":0}],"is_beta":false,"boss_relics":[{"not_picked":["Snecko Eye","Coffee Dripper"],"picked":"Eternal Feather"}],"items_purged_floors":[],"is_endless":false,"potions_floor_spawned":[6,13,14,19],"killed_by":"3 Cultists","ascension_level":0}