{"gold_per_floor":[363,363,5,23,40,40,54,54,124,139,158,188,219,219,219,315,315,331,331,331,344,356,356,388,47,122,155,155,155,155],"floor_reached":30,"playtime":1211,"items_purged":[],"score":400,"play_id":"64a246bd-b160-446a-89a8-04d129e3cf4f","local_time":"20190401210907","is_ascension_mode":true,"campfire_choices":[{"data":"Glass Knife","floor":6,"key":"SMITH"},{"floor":8,"key":"REST"},{"floor":15,"key":"REST"},{"floor":23,"key":"REST"}],"neow_cost":"PERCENT_DAMAGE","seed_source_timestamp":1685570306309602,"circlet_count":0,"master_deck":["Defend_G","Defend_G","Defend_G","Defend_G","Defend_G","Strike_G","Strike_G","Strike_G","Strike_G","Strike_G","Survivor","Neutralize+1","Outmaneuver","Sucker Punch","Prepared","Glass Knife+1","Terror","Underhanded Strike","Flying Knee","Noxious Fumes","After Image","Masterful Stab+1","Dodge and Roll","Slice","Concentrate+1","Blade Dance","Caltrops","Dagger Throw+1","Ghostly","Ghostly","Ghostly","Ghostly","Ghostly"],"relics":["Ring of the Snake","Incense Burner","Ornamental Fan","Tiny Chest","Unceasing Top","Kunai","Sozu","Nilry\u0027s Codex","Dream Catcher","Letter Opener","Molten Egg 2","Dodecahedron"],"potions_floor_usage":[13,16,22],"damage_taken":[{"damage":3,"enemies":"Jaw Worm","floor":1,"turns":5},{"damage":0,"enemies":"2 Louse","floor":4,"turns":4},{"damage":0,"enemies":"Small Slimes","floor":5,"turns":3},{"damage":8,"enemies":"Exordium Thugs","floor":7,"turns":5},{"damage":7,"enemies":"Looter","floor":10,"turns":2},{"damage":7,"enemies":"2 Fungi Beasts","floor":11,"turns":3},{"damage":14,"enemies":"Gremlin Nob","floor":13,"turns":4},{"damage":12,"enemies":"Hexaghost","floor":16,"turns":8},{"damage":0,"enemies":"3 Byrds","floor":18,"turns":5},{"damage":1,"enemies":"Spheric Guardian","floor":21,"turns":4},{"damage":0,"enemies":"Snecko","floor":22,"turns":3},{"damage":17,"enemies":"Slavers","floor":24,"turns":4},{"damage":30,"enemies":"Gremlin Leader","floor":27,"turns":5},{"damage":10,"enemies":"Snake Plant","floor":30,"turns":2}],"seed_played":"7096121003056934769","potions_obtained":[{"floor":10,"key":"Ancient Potion"},{"floor":13,"key":"EssenceOfSteel"},{"floor":16,"key":"Fire Potion"}],"is_trial":false,"path_per_floor":["M","?","$","M","M","R","M","R","T","M","M","?","E","T","R","B",null,"M","?","?","M","M","R","E","$","T","E","?","?","M"],"character_chosen":"THE_SILENT","items_purchased":["Incense Burner","Sucker Punch","Letter Opener","Blade Dance","Caltrops"],"campfire_rested":3,"item_purchase_floors":[3,3,25,25,25],"current_hp_per_floor":[42,42,42,42,42,42,34,55,55,48,41,23,9,9,30,18,57,57,41,41,40,40,61,44,44,44,14,14,10,0],"gold":155,"neow_bonus":"TWO_FIFTY_GOLD","is_prod":false,"is_daily":false,"chose_seed":false,"campfire_upgraded":1,"win_rate":0,"timestamp":1554178147,"path_taken":["M","?","$","M","M","R","M","R","T","M","M","?","E","?","R","BOSS","M","?","?","?","M","R","E","?","T","E","?","?","M"],"build_version":"2019-01-23","purchased_purges":0,"victory":false,"max_hp_per_floor":[70,70,70,70,70,70,70,70,70,70,70,70,70,70,70,70,70,70,70,70,70,70,70,70,70,70,70,35,40,40],"card_choices":[{"not_picked":["Blade Dance","Deadly Poison"],"picked":"Outmaneuver","floor":1},{"not_picked":["Deflect","Outmaneuver"],"picked":"Prepared","floor":4},{"not_picked":["Skewer","Deflect"],"picked":"Glass Knife","floor":5},{"not_picked":["Eviscerate","Bane"],"picked":"Terror","floor":7},{"not_picked":["Dagger Spray","Crippling Poison"],"picked":"Underhanded Strike","floor":10},{"not_picked":["Dagger Throw","Quick Slash"],"picked":"Flying Knee","floor":11},{"not_picked":["Reflex","Crippling Poison"],"picked":"Noxious Fumes","floor":13},{"not_picked":["Burst","Venomology"],"picked":"After Image","floor":16},{"not_picked":["Dagger Throw+1","Cloak And Dagger"],"picked":"Masterful Stab+1","floor":18},{"not_picked":["Finisher","Acrobatics"],"picked":"Dodge and Roll","floor":21},{"not_picked":["Flying Knee","Backflip+1"],"picked":"Slice","floor":22},{"not_picked":["After Image","Escape Plan"],"picked":"Concentrate+1","floor":24},{"not_picked":["Deadly Poison","PiercingWail+1"],"picked":"Dagger Throw+1","floor":27}],"player_experience":438945,"relics_obtained":[{"floor":9,"key":"Ornamental Fan"},{"floor":13,"key":"Unceasing Top"},{"floor":14,"key":"Kunai"},{"floor":19,"key":"Nilry\u0027s Codex"},{"floor":24,"key":"Dream Catcher"},{"floor":26,"key":"Molten Egg 2"},{"floor":27,"key":"Dodecahedron"}],"event_choices":[{"damage_healed":0,"gold_gain":0,"player_choice":"Grow","damage_taken":0,"max_hp_gain":0,"max_hp_loss":0,"event_name":"Living Wall","floor":2,"gold_loss":0,"cards_upgraded":["Neutralize"]},{"damage_healed":0,"gold_gain":0,"player_choice":"Success","damage_taken":18,"relics_obtained":["Tiny Chest"],"max_hp_gain":0,"max_hp_loss":0,"event_name":"Scrap Ooze","floor":12,"gold_loss":0},{"damage_healed":0,"gold_gain":0,"player_choice":"Obtained Book","damage_taken":16,"max_hp_gain":0,"max_hp_loss":0,"event_name":"Cursed Tome","floor":19,"gold_loss":0},{"damage_healed":0,"gold_gain":0,"player_choice":"Bought 0 Potions","damage_taken":0,"max_hp_gain":0,"max_hp_loss":0,"event_name":"The Woman in Blue","floor":20,"gold_loss":0},{"damage_healed":0,"gold_gain":0,"player_choice":"Became a Ghost","damage_taken":0,"max_hp_gain":0,"max_hp_loss":35,"event_name":"Ghosts","floor":28,"gold_loss":0,"cards_obtained":["Ghostly","Ghostly","Ghostly","Ghostly","Ghostly"]},{"damage_healed":0,"gold_gain":0,"player_choice":"Shed Blood","damage_taken":9,"max_hp_gain":5,"max_hp_loss":0,"event_name":"Forgotten Altar","floor":29,"gold_loss":0}],"is_beta":false,"boss_relics":[{"not_picked":["Calling Bell","Runic Dome"],"picked":"Sozu"}],"items_purged_floors":[],"is_endless":false,"potions_floor_spawned":[10,13,16,27],"killed_by":"Snake Plant","ascension_level":8}