{"gold_per_floor":[118,72,85,260,230,265,276,276,276,291,291,44,75,93,93,194,194,214,54,74,89,109,137,137,152,152,185,204,204,204,239,239,343,343,357,357,96,96,109,139,139,139,139,169,169,179,40,55,55,80,80,80,27,55,55],"floor_reached":55,"playtime":3656,"items_purged":["Doubt"],"score":859,"play_id":"4e67b5af-bced-414c-8b02-16b4e9b4c9eb","local_time":"20190403171650","is_ascension_mode":true,"campfire_choices":[{"data":"Feed","floor":11.0,"key":"SMITH"},{"data":"Metallicize","floor":15.0,"key":"SMITH"},{"data":"Limit Break","floor":24,"key":"SMITH"},{"floor":29,"key":"REST"},{"floor":32,"key":"REST"},{"floor":41,"key":"REST"},{"floor":49,"key":"RECALL"},{"data":"Flex","floor":52,"key":"SMITH"}],"neow_cost":"NONE","seed_source_timestamp":0,"circlet_count":0,"master_deck":["Strike_R","Strike_R","Strike_R","Strike_R","Defend_R","Defend_R","Defend_R","Defend_R","Bash","Carnage","Shrug It Off","Metallicize+1","Impervious","Clash","Feed+1","Flex+1","Sever Soul+1","Clash+1","Juggernaut","Intimidate","Feel No Pain","Dropkick+1","Heavy Blade+1","Sword Boomerang+1","Burning Pact+1","Wild Strike+1","Limit Break+1","Disarm","Whirlwind+1","Iron Wave+1","Headbutt+1","Barricade","Combust+1","Madness","Madness","Entrench","Magnetism","Finesse","Violence","Wild Strike+1","Pummel+1","Clothesline+1","Doubt","Clothesline+1","Twin Strike+1","Armaments","Evolve"],"special_seed":0,"relics":["Black Blood","NeowsBlessing","Bottled Lightning","Ancient Tea Set","Molten Egg 2","Bag of Marbles","Busted Crown","Vajra","Thread and Needle","MutagenicStrength","Centennial Puzzle","Blood Vial","Nunchaku","Kunai","Bird Faced Urn","Magic Flower","Red Skull","Dodecahedron"],"potions_floor_usage":[23,31,40,40,54],"damage_taken":[{"damage":0.0,"enemies":"Jaw Worm","floor":1.0,"turns":1.0},{"damage":0.0,"enemies":"Cultist","floor":3.0,"turns":1.0},{"damage":0.0,"enemies":"Lagavulin","floor":6.0,"turns":1.0},{"damage":0.0,"enemies":"Small Slimes","floor":7.0,"turns":3.0},{"damage":5.0,"enemies":"Blue Slaver","floor":10.0,"turns":5.0},{"damage":60.0,"enemies":"Gremlin Nob","floor":13.0,"turns":6.0},{"damage":0.0,"enemies":"Large Slime","floor":14.0,"turns":4.0},{"damage":27.0,"enemies":"Hexaghost","floor":16.0,"turns":12.0},{"damage":8,"enemies":"Shell Parasite","floor":18,"turns":4},{"damage":23,"enemies":"2 Thieves","floor":20,"turns":4},{"damage":22,"enemies":"Snake Plant","floor":21,"turns":5},{"damage":22,"enemies":"Shelled Parasite and Fungi","floor":22,"turns":6},{"damage":15,"enemies":"Book of Stabbing","floor":23,"turns":4},{"damage":2,"enemies":"Chosen and Byrds","floor":25,"turns":3},{"damage":23,"enemies":"Slavers","floor":27,"turns":4},{"damage":4,"enemies":"Centurion and Healer","floor":28,"turns":5},{"damage":4,"enemies":"Book of Stabbing","floor":31,"turns":3},{"damage":82,"enemies":"Automaton","floor":33,"turns":10},{"damage":28,"enemies":"3 Darklings","floor":35,"turns":5},{"damage":13,"enemies":"3 Shapes","floor":39,"turns":8},{"damage":51,"enemies":"Reptomancer","floor":40,"turns":8},{"damage":51,"enemies":"Nemesis","floor":44,"turns":9},{"damage":51,"enemies":"Sphere and 2 Shapes","floor":46,"turns":7},{"damage":5,"enemies":"Jaw Worm Horde","floor":48,"turns":4},{"damage":112,"enemies":"Awakened One","floor":50,"turns":14},{"damage":120,"enemies":"Shield and Spear","floor":54,"turns":9},{"damage":69,"enemies":"The Heart","floor":55,"turns":5}],"seed_played":"-3614876258995932550","potions_obtained":[{"floor":5.0,"key":"EssenceOfSteel"},{"floor":5.0,"key":"Block Potion"},{"floor":6.0,"key":"BloodPotion"},{"floor":10.0,"key":"Ancient Potion"},{"floor":14.0,"key":"SpeedPotion"},{"floor":20,"key":"FairyPotion"},{"floor":21,"key":"PowerPotion"},{"floor":28,"key":"Strength Potion"},{"floor":31,"key":"Fire Potion"},{"floor":39,"key":"Explosive Potion"},{"floor":46,"key":"EssenceOfSteel"}],"is_trial":false,"path_per_floor":["M","$","M","?","?","E","M","?","T","M","R","$","E","M","R","B",null,"M","$","M","M","M","E","R","M","T","E","M","R","?","E","R","B",null,"M","?","$","?","M","E","R","T","T","E","?","M","?","M","R","B",null,"R","$","E","B"],"character_chosen":"IRONCLAD","items_purchased":["Shrug It Off","Molten Egg 2","Feel No Pain","Dropkick+1","Heavy Blade+1","Blood Vial","Entrench","Armaments"],"campfire_rested":3,"item_purchase_floors":[2,12,19,19,19,37,37,53],"current_hp_per_floor":[80,80,80,80,80,80,80,80,80,83,83,83,29,39,39,18,87,85,85,72,56,44,35,35,39,39,26,28,57,57,59,88,12,99,81,69,69,59,62,23,53,53,53,24,103,82,82,107,107,19,107,107,107,20,0],"gold":55,"neow_bonus":"THREE_ENEMY_KILL","is_prod":false,"is_daily":false,"chose_seed":false,"campfire_upgraded":4,"win_rate":0,"timestamp":1554337010,"path_taken":["M","$","M","?","?","E","?","?","T","?","R","$","E","M","R","BOSS","M","$","M","M","M","E","R","M","T","E","M","R","?","E","R","BOSS","M","?","$","?","M","E","R","?","T","E","?","?","?","M","R","BOSS","R","$","E","BOSS"],"build_version":"2019-01-23","purchased_purges":1,"victory":false,"max_hp_per_floor":[80,80,80,80,80,80,80,80,80,83,83,83,83,87,87,87,87,87,87,91,91,95,95,95,95,95,99,99,99,99,99,99,99,99,99,99,99,99,103,103,103,103,103,103,103,103,103,107,107,107,107,107,107,107,107],"card_choices":[{"not_picked":["True Grit","Sword Boomerang"],"picked":"Carnage","floor":1.0},{"not_picked":["Cleave","Heavy Blade"],"picked":"Metallicize","floor":3.0},{"not_picked":["Anger","Seeing Red"],"picked":"Impervious","floor":6.0},{"not_picked":["Blood for Blood","Bloodletting"],"picked":"Clash","floor":7.0},{"not_picked":["Perfected Strike","Rage"],"picked":"Flex","floor":10.0},{"not_picked":["Warcry","Body Slam+1"],"picked":"Sever Soul+1","floor":13.0},{"not_picked":["Headbutt+1","Havoc"],"picked":"Clash+1","floor":14.0},{"not_picked":["Double Tap","Bludgeon+1"],"picked":"Juggernaut","floor":16.0},{"not_picked":[],"picked":"Intimidate","floor":18},{"not_picked":[],"picked":"Sword Boomerang+1","floor":20},{"not_picked":[],"picked":"Burning Pact+1","floor":21},{"not_picked":[],"picked":"Wild Strike+1","floor":22},{"not_picked":[],"picked":"Limit Break","floor":23},{"not_picked":[],"picked":"Disarm","floor":25},{"not_picked":[],"picked":"Whirlwind+1","floor":27},{"not_picked":[],"picked":"Iron Wave+1","floor":28},{"not_picked":[],"picked":"Headbutt+1","floor":31},{"not_picked":[],"picked":"Barricade","floor":33},{"not_picked":[],"picked":"Combust+1","floor":35},{"not_picked":[],"picked":"Magnetism","floor":38},{"not_picked":[],"picked":"Finesse","floor":38},{"not_picked":[],"picked":"Violence","floor":38},{"not_picked":[],"picked":"Wild Strike+1","floor":39},{"not_picked":[],"picked":"Pummel+1","floor":40},{"not_picked":[],"picked":"Clothesline+1","floor":44},{"not_picked":[],"picked":"Clothesline+1","floor":46},{"not_picked":[],"picked":"Twin Strike+1","floor":48},{"not_picked":[],"picked":"Evolve","floor":54}],"player_experience":511050,"relics_obtained":[{"floor":6.0,"key":"Bottled Lightning"},{"floor":9.0,"key":"Ancient Tea Set"},{"floor":13.0,"key":"Bag of Marbles"},{"floor":23,"key":"Vajra"},{"floor":27,"key":"Thread and Needle"},{"floor":31,"key":"Centennial Puzzle"},{"floor":40,"key":"Nunchaku"},{"floor":42,"key":"Kunai"},{"floor":43,"key":"Bird Faced Urn"},{"floor":44,"key":"Magic Flower"},{"floor":54,"key":"Dodecahedron"}],"event_choices":[{"damage_healed":0.0,"max_hp_gain":0.0,"max_hp_loss":0.0,"gold_gain":175.0,"event_name":"Liars Game","player_choice":"AGREE","floor":4.0,"gold_loss":0.0,"damage_taken":0.0,"cards_obtained":["Doubt"]},{"damage_healed":0.0,"max_hp_gain":0.0,"max_hp_loss":0.0,"gold_gain":0.0,"event_name":"The Woman in Blue","player_choice":"Bought 2 Potions","floor":5.0,"gold_loss":0.0,"damage_taken":0.0},{"damage_healed":0.0,"max_hp_gain":0.0,"max_hp_loss":0.0,"gold_gain":0.0,"cards_transformed":["Strike_R"],"event_name":"Transmorgrifier","player_choice":"Transformed","floor":8.0,"gold_loss":0.0,"damage_taken":0.0,"cards_obtained":["Feed"]},{"damage_healed":0,"gold_gain":0,"player_choice":"Inject Mutagens","damage_taken":0,"relics_obtained":["MutagenicStrength"],"max_hp_gain":0,"max_hp_loss":0,"event_name":"Drug Dealer","floor":30,"gold_loss":0},{"damage_healed":0,"gold_gain":0,"player_choice":"Embrace Madness","damage_taken":12,"max_hp_gain":0,"max_hp_loss":0,"event_name":"Winding Halls","floor":36,"gold_loss":0,"cards_obtained":["Madness","Madness"]},{"damage_healed":0,"gold_gain":0,"player_choice":"Memory 3","damage_taken":10,"max_hp_gain":0,"max_hp_loss":0,"event_name":"SensoryStone","floor":38,"gold_loss":0},{"damage_healed":79,"gold_gain":0,"player_choice":"Heal","damage_taken":0,"max_hp_gain":0,"max_hp_loss":0,"event_name":"MindBloom","floor":45,"gold_loss":0,"cards_obtained":["Doubt"]},{"damage_healed":0,"gold_gain":0,"player_choice":"Paid Gold","damage_taken":0,"relics_obtained":["Red Skull"],"max_hp_gain":0,"max_hp_loss":0,"event_name":"WeMeetAgain","floor":47,"gold_loss":139}],"is_beta":false,"boss_relics":[{"not_picked":["Velvet Choker","White Beast Statue"],"picked":"Busted Crown"},{"not_picked":["Orrery","Calling Bell"],"picked":"Black Blood"}],"items_purged_floors":[37],"is_endless":false,"potions_floor_spawned":[6,7,10,14,20,21,28,31,39,46],"killed_by":"The Heart","ascension_level":1}