{"gold_per_floor":[118,134,134,209,226,251,251,251,251,251,22,40,40,50,50,50],"floor_reached":16,"playtime":245,"items_purged":["Strike_R"],"score":100,"play_id":"39b936ea-5cfc-4b16-96ef-3870310bf67a","local_time":"20180726153315","is_ascension_mode":false,"campfire_choices":[{"data":"Bash","floor":8,"key":"SMITH"},{"data":"Defend_R","floor":10,"key":"SMITH"},{"floor":15,"key":"REST"}],"neow_cost":"NONE","seed_source_timestamp":3526744637939,"circlet_count":0,"master_deck":["Strike_R","Strike_R","Strike_R","Defend_R","Defend_R","Defend_R","Defend_R+1","Bash+1","Sword Boomerang+1","Limit Break+1","Clash"],"relics":["Runic Cube","Meat on the Bone","Toxic Egg 2"],"potions_floor_usage":[6,12,14],"damage_taken":[{"damage":18,"enemies":"Jaw Worm","floor":1,"turns":3},{"damage":5,"enemies":"2 Louse","floor":2,"turns":3},{"damage":17,"enemies":"Small Slimes","floor":5,"turns":3},{"damage":20,"enemies":"Gremlin Nob","floor":6,"turns":4},{"damage":15,"enemies":"Exordium Thugs","floor":12,"turns":4},{"damage":13,"enemies":"Blue Slaver","floor":14,"turns":4},{"damage":58,"enemies":"The Guardian","floor":16,"turns":6}],"seed_played":"-7308584524219613362","potions_obtained":[{"floor":1,"key":"BloodPotion"},{"floor":5,"key":"Block Potion"},{"floor":6,"key":"Explosive Potion"},{"floor":12,"key":"Regen Potion"}],"is_trial":false,"path_per_floor":["M","M","?","?","M","E","?","R","T","R","$","M","?","M","R"],"character_chosen":"IRONCLAD","items_purchased":["Limit Break+1"],"campfire_rested":1,"item_purchase_floors":[11],"current_hp_per_floor":[62,57,62,51,34,22,22,22,22,22,22,19,19,30,55,0],"gold":50,"neow_bonus":"BOSS_RELIC","is_prod":false,"is_daily":false,"chose_seed":false,"campfire_upgraded":2,"win_rate":0,"timestamp":1532590395,"path_taken":["M","M","?","?","M","E","?","R","T","R","$","M","?","M","R","BOSS"],"build_version":"2018-07-19v2","purchased_purges":1,"victory":false,"max_hp_per_floor":[80,80,85,85,85,85,85,85,85,85,85,85,85,85,85,85],"card_choices":[{"not_picked":["Pommel Strike","Flex"],"picked":"Sword Boomerang","floor":1},{"not_picked":["Combust","Sentinel","Corruption"],"picked":"SKIP","floor":2},{"not_picked":["Dropkick","Wild Strike","Dual Wield"],"picked":"SKIP","floor":5},{"not_picked":["Iron Wave","True Grit","Armaments"],"picked":"SKIP","floor":6},{"not_picked":["Bludgeon","Twin Strike","Fire Breathing"],"picked":"SKIP","floor":12},{"not_picked":["Body Slam","Havoc+1"],"picked":"Clash","floor":14}],"player_experience":319014,"relics_obtained":[{"floor":6,"key":"Meat on the Bone"},{"floor":9,"key":"Toxic Egg 2"}],"event_choices":[{"event_name":"Big Fish","player_choice":"Donut","floor":3,"damage_taken":0},{"event_name":"World of Goop","player_choice":"Gather Gold","floor":4,"damage_taken":0},{"event_name":"Accursed Blacksmith","player_choice":"Forge","floor":7,"damage_taken":0},{"event_name":"Bonfire Elementals","player_choice":"BASIC","floor":13,"damage_taken":0}],"is_beta":false,"boss_relics":[],"items_purged_floors":[11],"is_endless":false,"potions_floor_spawned":[1,5,6,12],"killed_by":"The Guardian","ascension_level":0}