{"gold_per_floor":[117,117,292,292,292,325,350,8,33,66,87,87,126,150,150,273,273,291,304,219,219,22,22,62,13,38,38,61,61,95,7,7,7],"floor_reached":33,"playtime":1393,"items_purged":["Doubt","Injury"],"score":356,"play_id":"f61176ea-229f-4545-8f77-f515828564b0","local_time":"20190323213559","is_ascension_mode":true,"campfire_choices":[{"data":"Chaos","floor":12,"key":"SMITH"},{"floor":15,"key":"REST"},{"data":"Chaos","floor":23,"key":"SMITH"},{"data":"Discovery","floor":27,"key":"SMITH"},{"floor":29,"key":"REST"},{"floor":32,"key":"REST"}],"neow_cost":"NONE","seed_source_timestamp":909410271535022,"circlet_count":0,"master_deck":["Strike_B+1","Strike_B","Strike_B","Strike_B","Defend_B","Defend_B","Defend_B","Defend_B+1","Zap","Dualcast+1","Ball Lightning+1","Tempest","Cold Snap","Defragment","Chaos+1","Genetic Algorithm","Fusion","Chaos+1","Echo Form","Self Repair","Compile Driver","Force Field","Discovery+1","Loop","Stack","Defragment"],"relics":["Cracked Core","NeowsBlessing","Golden Idol","War Paint","OrangePellets","Art of War","Kunai","Black Star","Ancient Tea Set","MutagenicStrength","Membership Card","Du-Vu Doll","Ornamental Fan","Oddly Smooth Stone","PreservedInsect","Incense Burner"],"potions_floor_usage":[16,19,30,30,30,30,30,30,33],"damage_taken":[{"damage":0,"enemies":"Jaw Worm","floor":1,"turns":1},{"damage":0,"enemies":"3 Sentries","floor":6,"turns":1},{"damage":0,"enemies":"2 Louse","floor":7,"turns":1},{"damage":12,"enemies":"Lagavulin","floor":10,"turns":4},{"damage":0,"enemies":"Cultist","floor":11,"turns":2},{"damage":18,"enemies":"3 Sentries","floor":13,"turns":7},{"damage":7,"enemies":"Looter","floor":14,"turns":3},{"damage":17,"enemies":"The Guardian","floor":16,"turns":11},{"damage":0,"enemies":"Spheric Guardian","floor":18,"turns":3},{"damage":17,"enemies":"2 Thieves","floor":19,"turns":4},{"damage":51,"enemies":"Slavers","floor":24,"turns":8},{"damage":19,"enemies":"Snake Plant","floor":28,"turns":3},{"damage":20,"enemies":"Book of Stabbing","floor":30,"turns":4},{"damage":27,"enemies":"Collector","floor":33,"turns":3}],"seed_played":"-8816891884321260319","potions_obtained":[{"floor":5,"key":"Block Potion"},{"floor":5,"key":"Poison Potion"},{"floor":5,"key":"EntropicBrew"},{"floor":6,"key":"Strength Potion"},{"floor":14,"key":"SkillPotion"},{"floor":16,"key":"FearPotion"},{"floor":19,"key":"Strength Potion"},{"floor":30,"key":"GamblersBrew"}],"is_trial":false,"path_per_floor":["M","?","?","?","?","E","M","$","T","E","M","R","E","M","R","B",null,"M","M","?","?","$","R","E","$","T","R","M","R","E","$","R","B"],"character_chosen":"DEFECT","items_purchased":["Defragment","OrangePellets","Membership Card","Discovery","Defragment"],"campfire_rested":3,"item_purchase_floors":[8,8,22,25,31],"current_hp_per_floor":[75,60,60,60,60,60,60,60,60,48,48,48,30,23,45,28,75,75,65,65,65,65,65,21,21,21,21,2,24,4,4,26,0],"gold":7,"neow_bonus":"THREE_ENEMY_KILL","is_prod":false,"is_daily":false,"chose_seed":false,"campfire_upgraded":3,"win_rate":0,"timestamp":1553402159,"path_taken":["M","?","?","?","?","E","M","$","T","E","M","R","E","M","R","BOSS","M","?","?","?","?","R","E","$","T","R","M","R","E","$","R","BOSS"],"build_version":"2019-01-23","purchased_purges":2,"victory":false,"max_hp_per_floor":[75,75,75,75,75,75,75,75,75,75,75,75,75,75,75,75,75,75,75,75,75,75,75,75,75,75,75,75,75,75,75,75,75],"card_choices":[{"not_picked":["Glacier","Coolheaded"],"picked":"Ball Lightning","floor":1},{"not_picked":["Steam","Auto Shields"],"picked":"Tempest","floor":6},{"not_picked":["Steam","Gash"],"picked":"Cold Snap","floor":7},{"not_picked":["Recycle","Melter"],"picked":"Chaos","floor":10},{"not_picked":["Beam Cell","Chaos"],"picked":"Genetic Algorithm","floor":11},{"not_picked":["Darkness","Cold Snap"],"picked":"Fusion","floor":13},{"not_picked":["Hologram","Conserve Battery"],"picked":"Chaos","floor":14},{"not_picked":["All For One","Thunder Strike"],"picked":"Echo Form","floor":16},{"not_picked":["Coolheaded","Streamline"],"picked":"Self Repair","floor":18},{"not_picked":["Hologram+1","Recycle"],"picked":"Compile Driver","floor":19},{"not_picked":["Aggregate","Doom and Gloom"],"picked":"Force Field","floor":24},{"not_picked":["Rebound","Streamline+1"],"picked":"Loop","floor":28},{"not_picked":["Hello World","Beam Cell"],"picked":"Stack","floor":30}],"player_experience":401136,"relics_obtained":[{"floor":6,"key":"War Paint"},{"floor":10,"key":"Art of War"},{"floor":13,"key":"Kunai"},{"floor":24,"key":"Du-Vu Doll"},{"floor":24,"key":"Ornamental Fan"},{"floor":26,"key":"Oddly Smooth Stone"},{"floor":30,"key":"PreservedInsect"},{"floor":30,"key":"Incense Burner"}],"event_choices":[{"damage_healed":0,"gold_gain":0,"player_choice":"Entered Light","damage_taken":15,"max_hp_gain":0,"max_hp_loss":0,"event_name":"Shining Light","floor":2,"gold_loss":0,"cards_upgraded":["Ball Lightning","Strike_B"]},{"damage_healed":0,"gold_gain":175,"player_choice":"AGREE","damage_taken":0,"max_hp_gain":0,"max_hp_loss":0,"event_name":"Liars Game","floor":3,"gold_loss":0,"cards_obtained":["Doubt"]},{"damage_healed":0,"gold_gain":0,"player_choice":"Take Wound","damage_taken":0,"relics_obtained":["Golden Idol"],"max_hp_gain":0,"max_hp_loss":0,"event_name":"Golden Idol","floor":4,"gold_loss":0,"cards_obtained":["Injury"]},{"damage_healed":0,"gold_gain":0,"player_choice":"Got Potions","damage_taken":0,"max_hp_gain":0,"max_hp_loss":0,"event_name":"Lab","floor":5,"gold_loss":0},{"damage_healed":0,"gold_gain":0,"player_choice":"Obtained Relic","damage_taken":0,"relics_obtained":["Ancient Tea Set"],"max_hp_gain":0,"max_hp_loss":0,"event_name":"Addict","floor":20,"gold_loss":85},{"damage_healed":0,"gold_gain":0,"player_choice":"Inject Mutagens","damage_taken":0,"relics_obtained":["MutagenicStrength"],"max_hp_gain":0,"max_hp_loss":0,"event_name":"Drug Dealer","floor":21,"gold_loss":0}],"is_beta":false,"boss_relics":[{"not_picked":["Empty Cage","Velvet Choker"],"picked":"Black Star"}],"items_purged_floors":[8,31],"is_endless":false,"potions_floor_spawned":[6,11,13,14,16,19,28,30],"killed_by":"Collector","ascension_level":2}