{"gold_per_floor":[118,118,138,149,167,196,196,229,310,310,385,398,417,224,224,327,327,342,358,358,273,273,303,503,536,612,612,631,76,90,102,102,204,254,267,280,280,7,21,21,33,133,133,133,133,146,161,174,174,174],"floor_reached":51,"playtime":3848,"items_purged":[],"score":796,"play_id":"cf05ac8b-4a2d-416f-bad9-a0df40965e38","local_time":"20190331143913","is_ascension_mode":true,"campfire_choices":[{"data":"Loop","floor":7.0,"key":"SMITH"},{"floor":10.0,"key":"REST"},{"floor":15.0,"key":"REST"},{"floor":27.0,"key":"REST"},{"data":"Stack","floor":32.0,"key":"SMITH"},{"data":"Conserve Battery","floor":40.0,"key":"SMITH"},{"data":"Redo","floor":44.0,"key":"SMITH"},{"floor":49.0,"key":"REST"}],"neow_cost":"NONE","seed_source_timestamp":1382622713952700,"circlet_count":0,"master_deck":["Strike_B+1","Strike_B+1","Strike_B+1","Strike_B+1","Defend_B+1","Defend_B+1","Defend_B+1","Defend_B+1","Zap","Dualcast","Doom and Gloom","Redo+1","Turbo","Loop+1","Ball Lightning","Barrage","Self Repair","Hologram+1","Multi-Cast","Undo","Hologram","Leap","Sunder","Double Energy","Stack+1","FTL","Auto Shields+1","Conserve Battery+1","Seeing Red+1","Shrug It Off","Madness","Madness","Secret Technique","Stack+1"],"special_seed":0,"relics":["Nuclear Battery","Omamori","Gambling Chip","Blue Candle","Regal Pillow","Sozu","Smiling Mask","The Courier","Ornamental Fan","Bottled Flame","Runic Capacitor","Vajra","Unceasing Top","Tiny House","DataDisk","PrismaticShard","Emotion Chip","Ancient Tea Set"],"potions_floor_usage":[],"damage_taken":[{"damage":8.0,"enemies":"Jaw Worm","floor":1.0,"turns":4.0},{"damage":5.0,"enemies":"Small Slimes","floor":3.0,"turns":3.0},{"damage":0.0,"enemies":"2 Louse","floor":4.0,"turns":2.0},{"damage":0.0,"enemies":"Gremlin Gang","floor":5.0,"turns":2.0},{"damage":20.0,"enemies":"Gremlin Nob","floor":6.0,"turns":4.0},{"damage":21.0,"enemies":"Lagavulin","floor":8.0,"turns":7.0},{"damage":3.0,"enemies":"2 Fungi Beasts","floor":12.0,"turns":3.0},{"damage":0.0,"enemies":"3 Louse","floor":13.0,"turns":2.0},{"damage":31.0,"enemies":"Hexaghost","floor":16.0,"turns":7.0},{"damage":12.0,"enemies":"Chosen","floor":18.0,"turns":3.0},{"damage":24.0,"enemies":"2 Thieves","floor":19.0,"turns":3.0},{"damage":46.0,"enemies":"Gremlin Leader","floor":23.0,"turns":7.0},{"damage":0.0,"enemies":"Book of Stabbing","floor":25.0,"turns":4.0},{"damage":0.0,"enemies":"Shelled Parasite and Fungi","floor":28.0,"turns":4.0},{"damage":3.0,"enemies":"Sentry and Sphere","floor":30.0,"turns":3.0},{"damage":14.0,"enemies":"Snake Plant","floor":31.0,"turns":4.0},{"damage":18.0,"enemies":"Champ","floor":33.0,"turns":5.0},{"damage":27.0,"enemies":"3 Darklings","floor":35.0,"turns":6.0},{"damage":0.0,"enemies":"Orb Walker","floor":36.0,"turns":3.0},{"damage":1.0,"enemies":"Transient","floor":39.0,"turns":5.0},{"damage":0.0,"enemies":"3 Darklings","floor":41.0,"turns":3.0},{"damage":0.0,"enemies":"Mind Bloom Boss Battle","floor":42.0,"turns":6.0},{"damage":17.0,"enemies":"Maw","floor":46.0,"turns":4.0},{"damage":38.0,"enemies":"Transient","floor":47.0,"turns":5.0},{"damage":0.0,"enemies":"4 Shapes","floor":48.0,"turns":4.0},{"damage":54,"enemies":"Donu and Deca","floor":50,"turns":7}],"seed_played":"2084665893084904996","potions_obtained":[{"floor":1.0,"key":"Swift Potion"},{"floor":6.0,"key":"Energy Potion"},{"floor":13.0,"key":"SteroidPotion"},{"floor":16.0,"key":"Strength Potion"}],"is_trial":false,"path_per_floor":["M","?","M","M","M","E","R","E","T","R","?","M","M","$","R","B",null,"M","M","?","?","?","E","?","E","T","R","M","$","M","M","R","B",null,"M","M","?","$","M","R","M","?","T","R","?","M","M","M","R","B",null],"character_chosen":"DEFECT","items_purchased":["Regal Pillow","Hologram","Runic Capacitor","Stack","Vajra","Unceasing Top","DataDisk","PrismaticShard"],"campfire_rested":4,"item_purchase_floors":[14,14,29,29,29,29,38,38],"current_hp_per_floor":[67,67,62,62,62,42,42,21,21,43,32,29,29,29,66,42,75,70,53,53,53,53,14,14,21,21,58,65,65,62,55,55,37,80,60,60,60,60,66,66,66,73,73,73,63,53,22,22,61,14],"gold":174,"neow_bonus":"BOSS_RELIC","is_prod":false,"is_daily":false,"chose_seed":false,"campfire_upgraded":4,"win_rate":0,"timestamp":1554057553,"path_taken":["M","?","M","M","M","E","R","E","T","R","?","M","M","?","R","BOSS","M","M","?","?","?","E","?","E","T","R","?","$","M","M","R","BOSS","M","M","?","$","M","R","M","?","T","R","?","M","M","M","R","BOSS"],"build_version":"2019-01-23","purchased_purges":0,"victory":true,"max_hp_per_floor":[75,75,75,75,75,75,75,75,75,75,75,75,75,75,75,75,75,75,75,75,75,75,75,75,75,75,75,75,75,75,75,75,75,80,80,80,80,80,80,80,80,80,80,80,80,80,80,80,80,80],"card_choices":[{"not_picked":["Reprogram","Barrage"],"picked":"Doom and Gloom","floor":1.0},{"not_picked":["Steam","Streamline"],"picked":"Redo","floor":3.0},{"not_picked":["Lockon","Chaos"],"picked":"Turbo","floor":4.0},{"not_picked":["Melter","Beam Cell","Consume"],"picked":"SKIP","floor":5.0},{"not_picked":["Skim","Gash"],"picked":"Loop","floor":6.0},{"not_picked":["Thunder Strike","Cold Snap"],"picked":"Ball Lightning","floor":8.0},{"not_picked":["Compile Driver","Reprogram"],"picked":"Barrage","floor":12.0},{"not_picked":["Streamline","Turbo"],"picked":"Self Repair","floor":13.0},{"not_picked":["Core Surge","Hyperbeam"],"picked":"Multi-Cast","floor":16.0},{"not_picked":["Force Field","Redo"],"picked":"Undo","floor":18.0},{"not_picked":["Beam Cell+1","Redo+1"],"picked":"Hologram","floor":19.0},{"not_picked":["Lockon","Beam Cell","Storm"],"picked":"SKIP","floor":23.0},{"not_picked":["Redo","Sweeping Beam"],"picked":"Sunder","floor":25.0},{"not_picked":["Capacitor","Compile Driver+1"],"picked":"Double Energy","floor":28.0},{"not_picked":["Reprogram+1","Force Field+1"],"picked":"FTL","floor":30.0},{"not_picked":["Consume","Storm+1","Blizzard"],"picked":"SKIP","floor":31.0},{"not_picked":["Sweeping Beam+1","Doom and Gloom+1"],"picked":"Auto Shields+1","floor":35.0},{"not_picked":["Turbo","Aggregate+1"],"picked":"Conserve Battery","floor":36.0},{"not_picked":["Reinforced Body","Sever Soul"],"picked":"Seeing Red+1","floor":39.0},{"not_picked":["Sucker Punch","Prepared+1"],"picked":"Shrug It Off","floor":41.0},{"not_picked":["Infernal Blade+1","Predator"],"picked":"Secret Technique","floor":46.0},{"not_picked":["Havoc+1","Poisoned Stab+1"],"picked":"Stack+1","floor":47.0},{"not_picked":["Sword Boomerang","Poisoned Stab+1","Body Slam"],"picked":"SKIP","floor":48.0}],"player_experience":226663,"relics_obtained":[{"floor":6.0,"key":"Omamori"},{"floor":8.0,"key":"Gambling Chip"},{"floor":9.0,"key":"Blue Candle"},{"floor":23.0,"key":"The Courier"},{"floor":25.0,"key":"Ornamental Fan"},{"floor":26.0,"key":"Bottled Flame"},{"floor":42.0,"key":"Emotion Chip"},{"floor":43.0,"key":"Ancient Tea Set"}],"event_choices":[{"damage_healed":0.0,"max_hp_gain":0.0,"max_hp_loss":0.0,"gold_gain":0.0,"event_name":"Liars Game","player_choice":"Ignored","floor":2.0,"gold_loss":0.0,"damage_taken":0.0},{"damage_healed":0.0,"max_hp_gain":0.0,"max_hp_loss":0.0,"gold_gain":75.0,"event_name":"World of Goop","player_choice":"Gather Gold","floor":11.0,"gold_loss":0.0,"damage_taken":11.0},{"damage_healed":0.0,"max_hp_gain":0.0,"max_hp_loss":0.0,"gold_gain":0.0,"event_name":"The Library","player_choice":"Read","floor":20.0,"gold_loss":0.0,"damage_taken":0.0,"cards_obtained":["Leap"]},{"damage_healed":0.0,"max_hp_gain":0.0,"max_hp_loss":0.0,"gold_gain":0.0,"event_name":"Addict","player_choice":"Obtained Relic","floor":21.0,"gold_loss":85.0,"damage_taken":0.0,"relics_obtained":["Smiling Mask"]},{"damage_healed":0.0,"max_hp_gain":0.0,"max_hp_loss":0.0,"gold_gain":0.0,"event_name":"Back to Basics","player_choice":"Simplicity","floor":22.0,"gold_loss":0.0,"damage_taken":0.0,"cards_upgraded":["Strike_B","Strike_B","Strike_B","Strike_B","Defend_B","Defend_B","Defend_B","Defend_B"]},{"damage_healed":0.0,"max_hp_gain":0.0,"max_hp_loss":0.0,"gold_gain":200.0,"event_name":"Wheel of Change","player_choice":"Gold","floor":24.0,"gold_loss":0.0,"damage_taken":0.0},{"damage_healed":0.0,"max_hp_gain":0.0,"max_hp_loss":0.0,"gold_gain":0.0,"event_name":"SensoryStone","player_choice":"Memory 1","floor":37.0,"gold_loss":0.0,"damage_taken":0.0},{"damage_healed":0.0,"max_hp_gain":0.0,"max_hp_loss":0.0,"gold_gain":0.0,"event_name":"MindBloom","player_choice":"Fight","floor":42.0,"gold_loss":0.0,"damage_taken":0.0},{"damage_healed":0.0,"max_hp_gain":0.0,"max_hp_loss":0.0,"gold_gain":0.0,"event_name":"Winding Halls","player_choice":"Embrace Madness","floor":45.0,"gold_loss":0.0,"damage_taken":10.0,"cards_obtained":["Madness","Madness"]}],"is_beta":false,"boss_relics":[{"not_picked":["Runic Pyramid","Ectoplasm"],"picked":"Sozu"},{"not_picked":["Astrolabe","Fusion Hammer"],"picked":"Tiny House"}],"items_purged_floors":[],"is_endless":false,"potions_floor_spawned":[1,6,13,16,18,23,33,36,41,46,47],"ascension_level":2}