{"gold_per_floor":[110,210,223,235,249,249,260,260,313,313,357,1,34,52,52,181,181,202,0,99,9,32,32,71,71,118,12,12,33,76,91,91,222,222,246,246,246,5,130,168,184,184,255,0,13,34,53,69,69,69],"floor_reached":51,"playtime":2388,"items_purged":["Strike_G"],"score":887,"play_id":"58d64c67-0e0c-4dfa-a2cd-f286ed40e93b","local_time":"20190503153046","daily_mods":["Specialized","Vintage","Night Terrors"],"is_ascension_mode":true,"campfire_choices":[{"data":"Unload","floor":6,"key":"SMITH"},{"data":"Unload","floor":10,"key":"SMITH"},{"floor":15,"key":"REST"},{"data":"Corpse Explosion","floor":23,"key":"SMITH"},{"data":"Bouncing Flask","floor":25,"key":"SMITH"},{"data":"Neutralize","floor":28,"key":"SMITH"},{"floor":32,"key":"REST"},{"data":"Deadly Poison","floor":49,"key":"SMITH"}],"neow_cost":"","seed_source_timestamp":670842563136800,"circlet_count":0,"master_deck":["Defend_G","Defend_G","Defend_G+1","Defend_G","Defend_G","Strike_G","Strike_G","Strike_G","Survivor","Neutralize+1","Unload+1","Unload+1","Unload","Unload","Unload","Injury","Deadly Poison","Bouncing Flask+1","Deadly Poison+1","Corpse Explosion+1","Well Laid Plans+1","Catalyst+1","Malaise"],"relics":["Ring of the Snake","Kunai","Boot","Blood Vial","Frozen Egg 2","The Courier","Golden Idol","Pen Nib","Mummified Hand","Paper Crane","PreservedInsect","Molten Egg 2","Runic Pyramid","Bottled Flame","Matryoshka","Orichalcum","Bronze Scales","Potion Belt","Centennial Puzzle","Singing Bowl","Dream Catcher","Philosopher\u0027s Stone","Snake Skull","Pear","Bird Faced Urn","Meat on the Bone","Oddly Smooth Stone","Ornamental Fan","Ninja Scroll","Letter Opener","Red Mask","Mercury Hourglass","Du-Vu Doll","Happy Flower","Smiling Mask"],"potions_floor_usage":[13,13,24,24,29,30,33,33,33,40,50,50,50,50],"damage_taken":[{"damage":0,"enemies":"2 Louse","floor":1,"turns":1},{"damage":5,"enemies":"Small Slimes","floor":3,"turns":3},{"damage":1,"enemies":"Jaw Worm","floor":4,"turns":3},{"damage":1,"enemies":"Large Slime","floor":5,"turns":4},{"damage":3,"enemies":"Gremlin Gang","floor":7,"turns":4},{"damage":7,"enemies":"Gremlin Nob","floor":11,"turns":3},{"damage":9,"enemies":"3 Sentries","floor":13,"turns":3},{"damage":0,"enemies":"Red Slaver","floor":14,"turns":2},{"damage":23,"enemies":"Slime Boss","floor":16,"turns":8},{"damage":26,"enemies":"2 Thieves","floor":18,"turns":3},{"damage":2,"enemies":"Chosen","floor":22,"turns":3},{"damage":4,"enemies":"Slavers","floor":24,"turns":2},{"damage":4,"enemies":"Centurion and Healer","floor":29,"turns":2},{"damage":4,"enemies":"Book of Stabbing","floor":30,"turns":3},{"damage":0,"enemies":"Snecko","floor":31,"turns":3},{"damage":60,"enemies":"Automaton","floor":33,"turns":7},{"damage":0,"enemies":"Orb Walker","floor":35,"turns":2},{"damage":0,"enemies":"Mind Bloom Boss Battle","floor":39,"turns":6},{"damage":6,"enemies":"Giant Head","floor":40,"turns":5},{"damage":7,"enemies":"3 Shapes","floor":41,"turns":2},{"damage":9,"enemies":"Maw","floor":45,"turns":4},{"damage":7,"enemies":"Sphere and 2 Shapes","floor":46,"turns":4},{"damage":0,"enemies":"Transient","floor":47,"turns":5},{"damage":0,"enemies":"3 Darklings","floor":48,"turns":2},{"damage":60,"enemies":"Awakened One","floor":50,"turns":12}],"seed_played":"3192660176198392306","potions_obtained":[{"floor":1,"key":"SkillPotion"},{"floor":7,"key":"Poison Potion"},{"floor":13,"key":"EssenceOfSteel"},{"floor":14,"key":"SneckoOil"},{"floor":22,"key":"Poison Potion"},{"floor":29,"key":"Swift Potion"},{"floor":30,"key":"AttackPotion"},{"floor":31,"key":"Energy Potion"},{"floor":45,"key":"Ancient Potion"},{"floor":46,"key":"Swift Potion"},{"floor":47,"key":"Block Potion"},{"floor":48,"key":"Ancient Potion"}],"is_trial":true,"path_per_floor":["M","?","M","M","M","R","M","?","T","R","E","$","E","M","R","B",null,"M","?","?","?","M","R","E","R","T","$","R","M","E","M","R","B",null,"M","?","?","$","?","E","M","T","T","?","M","M","M","M","R","B",null],"character_chosen":"THE_SILENT","items_purchased":["Bouncing Flask","Paper Crane","Deadly Poison","Well Laid Plans+1","SkillPotion","FearPotion","Pear","Poison Potion"],"campfire_rested":2,"item_purchase_floors":[12,12,12,27,27,27,38,38],"current_hp_per_floor":[70,70,65,64,65,65,64,64,64,64,59,59,52,54,65,42,65,39,39,39,39,39,39,37,37,37,37,37,35,35,37,62,2,62,62,64,64,74,76,72,69,69,69,69,64,61,65,67,67,23],"gold":69,"neow_bonus":"","is_prod":false,"is_daily":false,"chose_seed":false,"campfire_upgraded":6,"win_rate":0,"timestamp":1556911846,"path_taken":["M","?","M","M","?","R","M","?","T","R","E","$","E","M","R","BOSS","M","?","?","?","M","R","E","R","T","$","R","M","E","?","R","BOSS","M","?","?","$","?","E","M","?","T","?","M","M","M","M","R","BOSS"],"build_version":"2019-01-23","purchased_purges":1,"victory":true,"max_hp_per_floor":[70,70,70,70,70,70,70,70,70,70,70,70,70,70,65,65,65,65,65,65,65,65,65,65,65,65,65,65,65,67,67,62,62,62,62,64,64,74,76,78,78,78,78,78,78,78,78,78,78,78],"card_choices":[{"not_picked":["Tactician","Underhanded Strike"],"picked":"Deadly Poison","floor":11},{"not_picked":["Dagger Spray","Bane","Dodge and Roll"],"picked":"SKIP","floor":13},{"not_picked":["Glass Knife+1","Grand Finale+1"],"picked":"Corpse Explosion","floor":16},{"not_picked":["Bane+1","Flying Knee+1","Blur"],"picked":"SKIP","floor":24},{"not_picked":["Accuracy+1","Choke+1","Well Laid Plans+1"],"picked":"Singing Bowl","floor":30},{"not_picked":["Backflip+1","Riddle With Holes+1"],"picked":"Catalyst+1","floor":32},{"not_picked":["Phantasmal Killer","Grand Finale+1"],"picked":"Malaise","floor":33},{"not_picked":["Trip","Mayhem+1","Sadistic Nature+1"],"picked":"Singing Bowl","floor":36},{"not_picked":["Cloak And Dagger","Terror","Eviscerate+1"],"picked":"Singing Bowl","floor":39},{"not_picked":["Dagger Throw+1","Outmaneuver","Sucker Punch+1"],"picked":"Singing Bowl","floor":40}],"player_experience":82210,"relics_obtained":[{"floor":1,"key":"Kunai"},{"floor":3,"key":"Boot"},{"floor":4,"key":"Blood Vial"},{"floor":5,"key":"Frozen Egg 2"},{"floor":7,"key":"The Courier"},{"floor":9,"key":"Pen Nib"},{"floor":11,"key":"Mummified Hand"},{"floor":13,"key":"PreservedInsect"},{"floor":14,"key":"Molten Egg 2"},{"floor":18,"key":"Bottled Flame"},{"floor":22,"key":"Matryoshka"},{"floor":24,"key":"Orichalcum"},{"floor":26,"key":"Bronze Scales"},{"floor":26,"key":"Potion Belt"},{"floor":29,"key":"Centennial Puzzle"},{"floor":30,"key":"Singing Bowl"},{"floor":31,"key":"Dream Catcher"},{"floor":35,"key":"Snake Skull"},{"floor":39,"key":"Bird Faced Urn"},{"floor":40,"key":"Meat on the Bone"},{"floor":41,"key":"Oddly Smooth Stone"},{"floor":42,"key":"Ornamental Fan"},{"floor":42,"key":"Ninja Scroll"},{"floor":43,"key":"Letter Opener"},{"floor":45,"key":"Mercury Hourglass"},{"floor":46,"key":"Du-Vu Doll"},{"floor":47,"key":"Happy Flower"},{"floor":48,"key":"Smiling Mask"}],"event_choices":[{"damage_healed":0,"gold_gain":100,"player_choice":"Pray","damage_taken":0,"max_hp_gain":0,"max_hp_loss":0,"event_name":"Golden Shrine","floor":2,"gold_loss":0},{"damage_healed":0,"gold_gain":0,"player_choice":"Take Wound","damage_taken":0,"relics_obtained":["Golden Idol"],"max_hp_gain":0,"max_hp_loss":0,"event_name":"Golden Idol","floor":8,"gold_loss":0,"cards_obtained":["Injury"]},{"damage_healed":0,"gold_gain":0,"player_choice":"Paid Fearfully","damage_taken":0,"max_hp_gain":0,"max_hp_loss":0,"event_name":"Masked Bandits","floor":19,"gold_loss":202},{"damage_healed":0,"gold_gain":99,"player_choice":"Stole From Cult","damage_taken":0,"max_hp_gain":0,"max_hp_loss":0,"event_name":"Nest","floor":20,"gold_loss":0},{"cards_removed":["Strike_G"],"damage_healed":0,"gold_gain":0,"player_choice":"Upgrade and Remove","damage_taken":0,"max_hp_gain":0,"max_hp_loss":0,"event_name":"Designer","floor":21,"gold_loss":90,"cards_upgraded":["Defend_G"]},{"damage_healed":0,"gold_gain":0,"player_choice":"Memory 1","damage_taken":0,"max_hp_gain":0,"max_hp_loss":0,"event_name":"SensoryStone","floor":36,"gold_loss":0},{"damage_healed":0,"gold_gain":0,"player_choice":"Ignored","damage_taken":0,"max_hp_gain":0,"max_hp_loss":0,"event_name":"Mysterious Sphere","floor":37,"gold_loss":0},{"damage_healed":0,"gold_gain":0,"player_choice":"Fight","damage_taken":0,"max_hp_gain":0,"max_hp_loss":0,"event_name":"MindBloom","floor":39,"gold_loss":0},{"damage_healed":0,"gold_gain":0,"player_choice":"Paid","damage_taken":0,"relics_obtained":["Red Mask"],"max_hp_gain":0,"max_hp_loss":0,"event_name":"Tomb of Lord Red Mask","floor":44,"gold_loss":255}],"is_beta":false,"boss_relics":[{"not_picked":["Runic Dome","Coffee Dripper"],"picked":"Runic Pyramid"},{"not_picked":["Busted Crown","Cursed Key"],"picked":"Philosopher\u0027s Stone"}],"items_purged_floors":[12],"is_endless":false,"potions_floor_spawned":[1,7,13,14,22,29,30,31,45,46,47,48],"ascension_level":1}