{"gold_per_floor":[115,115,126,39,39,39,55,55,133,165,240,240,270,287,287,287],"floor_reached":16,"playtime":398,"items_purged":[],"score":191,"play_id":"261985de-1cef-43eb-b3e1-663dfcb19cc3","local_time":"20181123134256","is_ascension_mode":true,"campfire_choices":[{"data":"Noxious Fumes","floor":6,"key":"SMITH"},{"data":"Noxious Fumes","floor":8,"key":"SMITH"},{"data":"A Thousand Cuts","floor":12,"key":"SMITH"},{"data":"Bane","floor":15,"key":"SMITH"}],"neow_cost":"NONE","seed_source_timestamp":605123812729369,"circlet_count":0,"master_deck":["AscendersBane","Defend_G","Defend_G","Defend_G","Defend_G","Defend_G","Strike_G","Strike_G","Strike_G","Strike_G","Survivor","Neutralize","Noxious Fumes+1","Bane+1","Noxious Fumes+1","Blade Dance","A Thousand Cuts+1"],"relics":["Ring of the Snake","Blood Vial","Mercury Hourglass","Lantern"],"potions_floor_usage":[10,10,16],"damage_taken":[{"damage":1,"enemies":"Small Slimes","floor":1,"turns":4},{"damage":6,"enemies":"Cultist","floor":3,"turns":4},{"damage":2,"enemies":"2 Louse","floor":7,"turns":4},{"damage":7,"enemies":"3 Sentries","floor":10,"turns":4},{"damage":6,"enemies":"Looter","floor":14,"turns":3},{"damage":45,"enemies":"Hexaghost","floor":16,"turns":7}],"seed_played":"4698394467178308165","potions_obtained":[{"floor":3,"key":"Poison Potion"},{"floor":7,"key":"Fire Potion"},{"floor":10,"key":"Energy Potion"}],"is_trial":false,"path_per_floor":["M","?","M","$","?","R","M","R","T","E","?","R","?","M","R","B"],"character_chosen":"THE_SILENT","items_purchased":["Noxious Fumes"],"campfire_rested":0,"item_purchase_floors":[4],"current_hp_per_floor":[60,60,56,56,56,56,56,56,56,51,40,40,40,36,36,0],"gold":287,"neow_bonus":"RANDOM_COMMON_RELIC","is_prod":false,"is_daily":false,"chose_seed":false,"campfire_upgraded":4,"win_rate":0,"timestamp":1542998576,"path_taken":["M","?","?","$","?","R","M","R","T","E","?","R","?","M","R","BOSS"],"build_version":"2018-11-15","purchased_purges":0,"victory":false,"max_hp_per_floor":[66,66,66,66,66,66,66,66,66,66,66,66,66,66,66,66],"card_choices":[{"not_picked":["Blade Dance","Deflect"],"picked":"Noxious Fumes","floor":1},{"not_picked":["Backflip","Cloak And Dagger"],"picked":"Bane","floor":3},{"not_picked":["Eviscerate","Dodge and Roll"],"picked":"Blade Dance","floor":7},{"not_picked":["Outmaneuver","Infinite Blades"],"picked":"A Thousand Cuts","floor":10},{"not_picked":["Deadly Poison","Underhanded Strike","Prepared"],"picked":"SKIP","floor":14}],"player_experience":768247,"relics_obtained":[{"floor":9,"key":"Mercury Hourglass"},{"floor":10,"key":"Lantern"}],"event_choices":[{"cards_removed":["Strike_G"],"damage_healed":0,"gold_gain":0,"player_choice":"Offered Basic","damage_taken":0,"max_hp_gain":0,"max_hp_loss":0,"event_name":"Bonfire Elementals","floor":2,"gold_loss":0},{"damage_healed":0,"gold_gain":0,"player_choice":"Ignored","damage_taken":0,"max_hp_gain":0,"max_hp_loss":0,"event_name":"Shining Light","floor":5,"gold_loss":0},{"damage_healed":0,"gold_gain":75,"player_choice":"Gather Gold","damage_taken":11,"max_hp_gain":0,"max_hp_loss":0,"event_name":"World of Goop","floor":11,"gold_loss":0},{"damage_healed":0,"gold_gain":30,"player_choice":"Searched \u00272\u0027 times","damage_taken":0,"max_hp_gain":0,"max_hp_loss":0,"event_name":"Dead Adventurer","floor":13,"gold_loss":0}],"is_beta":false,"boss_relics":[],"items_purged_floors":[],"is_endless":false,"potions_floor_spawned":[3,7,10],"killed_by":"Hexaghost","ascension_level":19}