{"gold_per_floor":[116,131,131,131,143,175,199,209,232,232,243,243,47,78,78,180,210,225,236,161,161,37,69,69],"floor_reached":24,"playtime":1123,"items_purged":["Normality"],"score":311,"play_id":"c9a5cc57-6d6a-4de7-b807-8c8cb15eeaff","local_time":"20190319185412","is_ascension_mode":true,"campfire_choices":[{"floor":10,"key":"REST"},{"floor":15,"key":"REST"}],"neow_cost":"NONE","seed_source_timestamp":554376143282203,"circlet_count":0,"master_deck":["Defend_G","Defend_G","Defend_G","Defend_G","Defend_G","Strike_G","Strike_G","Strike_G","Strike_G","Survivor","Neutralize+1","Blur","Choke+1","Dagger Throw","Escape Plan","Dodge and Roll","PiercingWail","Distraction","Unload","Die Die Die","Flying Knee","A Thousand Cuts","Cloak And Dagger","Crippling Poison","Well Laid Plans","Cloak And Dagger","Prepared"],"relics":["Ring of the Snake","NeowsBlessing","Dream Catcher","Odd Mushroom","TwistedFunnel","Orichalcum","Calling Bell","Tiny Chest","Mummified Hand","Calipers","Bronze Scales"],"potions_floor_usage":[6,6,11,14,18,23],"damage_taken":[{"damage":0,"enemies":"Jaw Worm","floor":1,"turns":1},{"damage":0,"enemies":"Cultist","floor":2,"turns":1},{"damage":0,"enemies":"Small Slimes","floor":5,"turns":1},{"damage":0,"enemies":"Gremlin Nob","floor":6,"turns":3},{"damage":24,"enemies":"The Mushroom Lair","floor":7,"turns":4},{"damage":8,"enemies":"3 Louse","floor":8,"turns":4},{"damage":7,"enemies":"Gremlin Gang","floor":11,"turns":3},{"damage":15,"enemies":"Lagavulin","floor":14,"turns":8},{"damage":8,"enemies":"Slime Boss","floor":16,"turns":10},{"damage":14,"enemies":"Shell Parasite","floor":18,"turns":5},{"damage":13,"enemies":"2 Thieves","floor":19,"turns":3},{"damage":35,"enemies":"Slavers","floor":23,"turns":5},{"damage":5,"enemies":"Centurion and Healer","floor":24,"turns":3}],"seed_played":"4099959550264221127","potions_obtained":[{"floor":2,"key":"Block Potion"},{"floor":5,"key":"Strength Potion"},{"floor":8,"key":"AttackPotion"},{"floor":11,"key":"AttackPotion"},{"floor":16,"key":"AttackPotion"},{"floor":19,"key":"FearPotion"}],"is_trial":false,"path_per_floor":["M","M","?","?","M","E","?","M","T","R","M","?","$","E","R","B",null,"M","M","$","?","$","E","M"],"character_chosen":"THE_SILENT","items_purchased":["TwistedFunnel","Well Laid Plans","Cloak And Dagger"],"campfire_rested":2,"item_purchase_floors":[13,22,22],"current_hp_per_floor":[70,70,70,70,70,70,46,38,38,59,52,52,52,37,58,50,65,51,38,38,38,38,3,0],"gold":69,"neow_bonus":"THREE_ENEMY_KILL","is_prod":false,"is_daily":false,"chose_seed":false,"campfire_upgraded":0,"win_rate":0,"timestamp":1553046852,"path_taken":["M","M","?","?","?","E","?","M","T","R","M","?","$","E","R","BOSS","M","?","$","?","$","E","M"],"build_version":"2019-01-23","purchased_purges":1,"victory":false,"max_hp_per_floor":[70,70,70,70,70,70,70,70,70,70,70,70,70,70,70,70,70,70,70,70,70,70,70,70],"card_choices":[{"not_picked":["Dagger Spray","Quick Slash"],"picked":"Blur","floor":1},{"not_picked":["Quick Slash","PiercingWail"],"picked":"Choke","floor":2},{"not_picked":["Deadly Poison","Dodge and Roll"],"picked":"Dagger Throw","floor":5},{"not_picked":["Bane","Outmaneuver"],"picked":"Escape Plan","floor":6},{"not_picked":["Slice","Calculated Gamble"],"picked":"Dodge and Roll","floor":7},{"not_picked":["Expertise","Bane"],"picked":"PiercingWail","floor":8},{"not_picked":["Well Laid Plans","Finisher"],"picked":"Distraction","floor":10},{"not_picked":["Poisoned Stab","Backflip"],"picked":"Unload","floor":11},{"not_picked":["PiercingWail","Poisoned Stab"],"picked":"Die Die Die","floor":14},{"not_picked":["PiercingWail","Dodge and Roll"],"picked":"Flying Knee","floor":15},{"not_picked":["Malaise","Night Terror"],"picked":"A Thousand Cuts","floor":16},{"not_picked":["Terror","Dash+1"],"picked":"Cloak And Dagger","floor":18},{"not_picked":["Calculated Gamble","Slice"],"picked":"Crippling Poison","floor":19},{"not_picked":["Predator","Acrobatics"],"picked":"Prepared","floor":23}],"player_experience":337556,"relics_obtained":[{"floor":6,"key":"Dream Catcher"},{"floor":7,"key":"Odd Mushroom"},{"floor":14,"key":"Orichalcum"},{"floor":17,"key":"Tiny Chest"},{"floor":17,"key":"Mummified Hand"},{"floor":17,"key":"Calipers"},{"floor":23,"key":"Bronze Scales"}],"event_choices":[{"damage_healed":0,"gold_gain":0,"player_choice":"Grow","damage_taken":0,"max_hp_gain":0,"max_hp_loss":0,"event_name":"Living Wall","floor":3,"gold_loss":0,"cards_upgraded":["Neutralize"]},{"damage_healed":0,"gold_gain":0,"player_choice":"Upgraded","damage_taken":0,"max_hp_gain":0,"max_hp_loss":0,"event_name":"Upgrade Shrine","floor":4,"gold_loss":0,"cards_upgraded":["Choke"]},{"damage_healed":0,"gold_gain":0,"player_choice":"Fought Mushrooms","damage_taken":0,"max_hp_gain":0,"max_hp_loss":0,"event_name":"Mushrooms","floor":7,"gold_loss":0},{"cards_removed":["Strike_G"],"damage_healed":0,"gold_gain":0,"player_choice":"Purged","damage_taken":0,"max_hp_gain":0,"max_hp_loss":0,"event_name":"Purifier","floor":12,"gold_loss":0},{"cards_removed":["Writhe","Shame"],"damage_healed":0,"gold_gain":0,"player_choice":"Removed Curses","damage_taken":0,"max_hp_gain":0,"max_hp_loss":0,"event_name":"Fountain of Cleansing","floor":21,"gold_loss":0}],"is_beta":false,"boss_relics":[{"not_picked":["Velvet Choker","Runic Dome"],"picked":"Calling Bell"}],"items_purged_floors":[20],"is_endless":false,"potions_floor_spawned":[2,5,8,11,16,19],"killed_by":"Centurion and Healer","ascension_level":5}