{"gold_per_floor":[113,113,113,136,151,151,182,182,206,220,220,220,220,244,244,244],"floor_reached":16,"playtime":489,"items_purged":[],"score":99,"play_id":"07101a2a-e182-4839-b10a-b53bfc4b409a","local_time":"20180730014840","is_ascension_mode":true,"campfire_choices":[{"data":"Zap","floor":6,"key":"SMITH"},{"floor":8,"key":"REST"},{"data":"Dualcast","floor":13,"key":"SMITH"},{"floor":15,"key":"REST"}],"neow_cost":"NONE","seed_source_timestamp":1564015641718724,"circlet_count":0,"master_deck":["Strike_B","Defend_B","Defend_B","Defend_B","Zap+1","Dualcast+1","Gash+1","Injury"],"relics":["Empty Cage","Golden Idol","Odd Mushroom","Strawberry"],"potions_floor_usage":[14,14,16],"damage_taken":[{"damage":13,"enemies":"Jaw Worm","floor":1,"turns":4},{"damage":4,"enemies":"Small Slimes","floor":4,"turns":4},{"damage":0,"enemies":"2 Louse","floor":5,"turns":2},{"damage":27,"floor":7,"turns":5},{"damage":5,"enemies":"Exordium Wildlife","floor":10,"turns":4},{"damage":28,"enemies":"Exordium Thugs","floor":14,"turns":4},{"damage":47,"enemies":"Hexaghost","floor":16,"turns":9}],"seed_played":"-6284222613981324033","potions_obtained":[{"floor":1,"key":"Explosive Potion"},{"floor":4,"key":"FearPotion"},{"floor":7,"key":"SpeedPotion"},{"floor":10,"key":"SkillPotion"}],"is_trial":false,"path_per_floor":["M","?","?","M","M","R","?","R","T","M","?","?","R","M","R"],"character_chosen":"DEFECT","items_purchased":[],"campfire_rested":2,"item_purchase_floors":[],"current_hp_per_floor":[62,62,62,58,58,58,31,51,58,53,53,53,53,25,47,0],"gold":244,"neow_bonus":"BOSS_RELIC","is_prod":false,"is_daily":false,"chose_seed":false,"campfire_upgraded":2,"win_rate":0,"timestamp":1532908120,"path_taken":["M","?","?","M","M","R","?","R","T","?","?","?","R","M","R","BOSS"],"build_version":"2018-07-26","purchased_purges":0,"victory":false,"max_hp_per_floor":[75,75,69,69,69,69,69,69,76,76,76,76,76,76,76,76],"card_choices":[{"not_picked":["Undo","Beam Cell"],"picked":"Gash","floor":1},{"not_picked":["Storm","Sweeping Beam","Go for the Eyes"],"picked":"SKIP","floor":4},{"not_picked":["Hologram","Compile Driver","Coolheaded"],"picked":"SKIP","floor":5},{"not_picked":["Stack","Aggregate","Barrage"],"picked":"SKIP","floor":10},{"not_picked":["Barrage","Streamline","Sweeping Beam"],"picked":"SKIP","floor":14}],"player_experience":337757,"relics_obtained":[{"floor":7,"key":"Odd Mushroom"},{"floor":9,"key":"Strawberry"}],"event_choices":[{"event_name":"Living Wall","player_choice":"Forget","floor":2,"damage_taken":0},{"event_name":"Golden Idol","player_choice":"Lose Max HP","floor":3,"damage_taken":0},{"event_name":"Mushrooms","player_choice":"Fought Mushrooms","floor":7,"damage_taken":0},{"event_name":"Bonfire Elementals","player_choice":"BASIC","floor":11,"damage_taken":0},{"event_name":"Accursed Blacksmith","player_choice":"Forge","floor":12,"damage_taken":0}],"is_beta":false,"boss_relics":[],"items_purged_floors":[],"is_endless":false,"potions_floor_spawned":[1,4,7,10],"killed_by":"Hexaghost","ascension_level":2}