{"path_per_floor":["M","$","M","M","M","R","M","E","T","R","$","?","?","M","R","B",null,"M","$","?","M","M","R","E","R","T","M","E","?","R","E","R"],"character_chosen":"THE_SILENT","items_purchased":["Catalyst"],"gold_per_floor":[115,40,52,65,82,82,96,121,145,145,45,145,145,159,159,256,256,274,72,0,14,28,28,59,59,59,70,103,28,28,55,55,55],"floor_reached":33,"campfire_rested":4,"playtime":1485,"current_hp_per_floor":[35,35,35,35,35,35,35,30,30,51,51,51,51,51,51,39,70,70,70,70,69,69,69,53,70,70,70,52,52,70,2,23,0],"items_purged":["Strike_G","Strike_G","Expertise"],"gold":55,"score":380,"play_id":"d6ac9808-9e33-4e16-a740-b801e4318c0f","local_time":"20180514194234","is_prod":false,"is_daily":false,"chose_seed":false,"is_ascension_mode":true,"campfire_upgraded":3,"timestamp":1526298154,"path_taken":["M","$","M","M","M","R","M","E","T","R","$","?","?","?","R","BOSS","M","$","?","M","M","R","E","R","T","M","E","?","R","E","R","BOSS"],"build_version":"2018-05-10","seed_source_timestamp":4817157443346,"purchased_purges":4,"victory":false,"master_deck":["Survivor","Neutralize+1","Noxious Fumes+1","Poisoned Stab","Blur","Poisoned Stab","Tools of the Trade","Cloak And Dagger","Acrobatics","Underhanded Strike","Masterful Stab","Expertise","Catalyst+1","Deadly Poison","Underhanded Strike","Setup+1","Tactician+1","Poisoned Stab"],"max_hp_per_floor":[70,70,70,70,70,70,70,70,70,70,70,70,70,70,70,70,70,70,70,70,70,70,70,70,70,70,70,70,70,70,70,70,70],"relics":["Ring of the Snake","Thread and Needle","Dodecahedron","Orichalcum","Pandora\u0027s Box","Juzu Bracelet","Toxic Egg 2","Bag of Preparation","Blue Candle"],"card_choices":[{"not_picked":["Poisoned Stab","Backflip"],"picked":"Noxious Fumes","floor":1},{"not_picked":["Sucker Punch","Dodge and Roll"],"picked":"Poisoned Stab","floor":3},{"not_picked":["Slice","Acrobatics"],"picked":"Blur","floor":4},{"not_picked":["Dodge and Roll","Quick Slash"],"picked":"Poisoned Stab","floor":5},{"not_picked":["Phantasmal Killer","Glass Knife"],"picked":"Tools of the Trade","floor":16},{"not_picked":["Blur","Bane"],"picked":"Deadly Poison","floor":21},{"not_picked":["Bane","Grand Finale"],"picked":"Underhanded Strike","floor":22},{"not_picked":["Distraction","Sucker Punch"],"picked":"Setup","floor":27},{"not_picked":["Bane","Backflip"],"picked":"Tactician","floor":28},{"not_picked":["Bane","Underhanded Strike"],"picked":"Poisoned Stab","floor":31}],"player_experience":170947,"potions_floor_usage":[24,24,24,27,33],"damage_taken":[{"damage":0,"enemies":"2 Louse","floor":1,"turns":3},{"damage":0,"enemies":"Cultist","floor":3,"turns":6},{"damage":0,"enemies":"Jaw Worm","floor":4,"turns":4},{"damage":0,"enemies":"Looter","floor":5,"turns":4},{"damage":0,"enemies":"Red Slaver","floor":7,"turns":4},{"damage":5,"enemies":"Lagavulin","floor":8,"turns":6},{"damage":0,"enemies":"3 Louse","floor":14,"turns":3},{"damage":12,"enemies":"Hexaghost","floor":16,"turns":10},{"damage":0,"enemies":"3 Byrds","floor":18,"turns":4},{"damage":1,"enemies":"2 Thieves","floor":21,"turns":5},{"damage":0,"enemies":"Snecko","floor":22,"turns":4},{"damage":16,"enemies":"Gremlin Leader","floor":24,"turns":4},{"damage":0,"enemies":"Sentry and Sphere","floor":27,"turns":3},{"damage":18,"enemies":"Book of Stabbing","floor":28,"turns":4},{"damage":68,"enemies":"Gremlin Leader","floor":31,"turns":4},{"damage":40,"enemies":"Champ","floor":33,"turns":7}],"event_choices":[{"event_name":"Golden Shrine","player_choice":"Pray","floor":12,"damage_taken":0},{"event_name":"Purifier","player_choice":"One Purge","floor":13,"damage_taken":0},{"event_name":"Masked Bandits","player_choice":"Paid Bandits 72 gold","floor":20,"damage_taken":0},{"event_name":"Beggar","player_choice":"Gave Gold","floor":29,"damage_taken":0}],"boss_relics":[{"not_picked":["Snecko Eye","Runic Pyramid"],"picked":"Pandora\u0027s Box"}],"potions_floor_spawned":[1,21,22,24,31],"seed_played":"-2781537607460006669","killed_by":"Champ","ascension_level":3,"is_trial":false}