{"gold_per_floor":[115,190,190,36,53,53,79,79,106,24,24,36,53,70,70,165,215,227,227,241,255,255,282,282,308,308,308,327,337,337,287,287,287],"floor_reached":33,"playtime":2111,"items_purged":[],"score":310,"play_id":"381eadfe-80e2-494e-aa75-06cae432d53c","local_time":"20190415201510","is_ascension_mode":false,"campfire_choices":[{"floor":6,"key":"RECALL"},{"floor":8,"key":"REST"},{"data":"Catalyst","floor":11,"key":"SMITH"},{"data":"Deadly Poison","floor":15,"key":"SMITH"},{"data":"Footwork","floor":24,"key":"SMITH"},{"floor":27,"key":"REST"},{"floor":30,"key":"REST"},{"floor":32,"key":"REST"}],"neow_cost":"NONE","seed_source_timestamp":422577989474668,"circlet_count":0,"master_deck":["Defend_G","Defend_G","Defend_G","Defend_G+1","Defend_G","Strike_G","Strike_G","Strike_G","Survivor","Neutralize","Catalyst+1","Malaise","Dash","Finisher","Deadly Poison+1","Catalyst+1","Sucker Punch","Quick Slash","Quick Slash","Tools of the Trade","Dagger Throw","Deadly Poison","Backstab","Finisher","PiercingWail+1","Footwork+1","Enlightenment","Bouncing Flask","Predator","Blur","Prepared","Deadly Poison","Infinite Blades+1"],"relics":["Snecko Eye","The Specimen","Blood Vial","Tiny House","Dream Catcher","Ancient Tea Set"],"potions_floor_usage":[18,28,29,33],"damage_taken":[{"damage":1,"enemies":"Cultist","floor":1,"turns":4},{"damage":8,"enemies":"Small Slimes","floor":5,"turns":5},{"damage":29,"enemies":"Gremlin Nob","floor":7,"turns":9},{"damage":0,"enemies":"2 Louse","floor":12,"turns":3},{"damage":1,"enemies":"Exordium Wildlife","floor":13,"turns":4},{"damage":9,"enemies":"Gremlin Gang","floor":14,"turns":4},{"damage":39,"enemies":"Slime Boss","floor":16,"turns":10},{"damage":3,"enemies":"3 Byrds","floor":18,"turns":3},{"damage":10,"enemies":"2 Thieves","floor":20,"turns":2},{"damage":0,"enemies":"Snake Plant","floor":21,"turns":3},{"damage":22,"enemies":"Book of Stabbing","floor":23,"turns":7},{"damage":12,"enemies":"Gremlin Leader","floor":25,"turns":3},{"damage":28,"enemies":"Centurion and Healer","floor":28,"turns":6},{"damage":11,"enemies":"Shelled Parasite and Fungi","floor":29,"turns":7},{"damage":68,"enemies":"Collector","floor":33,"turns":7}],"seed_played":"6470752464023625618","potions_obtained":[{"floor":7,"key":"EssenceOfSteel"},{"floor":16,"key":"GhostInAJar"},{"floor":17,"key":"Explosive Potion"},{"floor":21,"key":"Swift Potion"},{"floor":25,"key":"Fruit Juice"}],"is_trial":false,"path_per_floor":["M","?","?","$","M","R","E","R","T","$","R","M","M","M","R","B",null,"M","?","M","M","?","E","R","E","T","R","M","M","R","?","R","B"],"character_chosen":"THE_SILENT","items_purchased":["Malaise","Deadly Poison","Catalyst"],"campfire_rested":4,"item_purchase_floors":[4,10,10],"current_hp_per_floor":[69,58,58,58,50,50,21,42,42,42,42,44,45,38,38,1,75,72,72,64,66,52,32,32,22,22,44,23,14,38,38,62,0],"gold":287,"neow_bonus":"BOSS_RELIC","is_prod":false,"is_daily":false,"chose_seed":false,"campfire_upgraded":3,"win_rate":0,"timestamp":1555377310,"path_taken":["M","?","?","$","M","R","E","R","T","$","R","M","M","M","R","BOSS","M","?","M","M","?","E","R","E","T","R","M","?","R","?","R","BOSS"],"build_version":"2019-01-23","purchased_purges":0,"victory":false,"max_hp_per_floor":[70,70,70,70,70,70,70,70,70,70,70,70,70,70,70,70,75,75,75,75,75,75,75,75,75,75,75,80,80,80,80,80,80],"card_choices":[{"not_picked":["Prepared","Blade Dance"],"picked":"Catalyst","floor":1},{"not_picked":["Expertise","Endless Agony"],"picked":"Dash","floor":5},{"not_picked":["Reflex","Dodge and Roll"],"picked":"Finisher","floor":7},{"not_picked":["Dodge and Roll","Dagger Spray"],"picked":"Sucker Punch","floor":12},{"not_picked":["Dodge and Roll","Underhanded Strike"],"picked":"Quick Slash","floor":13},{"not_picked":["Concentrate","Deflect"],"picked":"Quick Slash","floor":14},{"not_picked":["After Image","Storm of Steel"],"picked":"Tools of the Trade","floor":16},{"not_picked":["Calculated Gamble","PiercingWail"],"picked":"Dagger Throw","floor":17},{"not_picked":["Dagger Throw","Quick Slash"],"picked":"Deadly Poison","floor":18},{"not_picked":["Underhanded Strike","Prepared"],"picked":"PiercingWail+1","floor":20},{"not_picked":["Underhanded Strike","Quick Slash"],"picked":"Footwork","floor":21},{"not_picked":["Finisher","PiercingWail"],"picked":"Bouncing Flask","floor":23},{"not_picked":["Venomology","Blade Dance"],"picked":"Predator","floor":25},{"not_picked":["Expertise","Slice"],"picked":"Blur","floor":27},{"not_picked":["Deflect","Blade Dance"],"picked":"Prepared","floor":28},{"not_picked":["All Out Attack","Heel Hook"],"picked":"Deadly Poison","floor":29},{"not_picked":["Acrobatics","Flechettes+1"],"picked":"Infinite Blades+1","floor":32}],"player_experience":198696,"relics_obtained":[{"floor":7,"key":"The Specimen"},{"floor":9,"key":"Blood Vial"},{"floor":23,"key":"Dream Catcher"},{"floor":25,"key":"Ancient Tea Set"}],"event_choices":[{"damage_healed":0,"gold_gain":75,"player_choice":"Gather Gold","damage_taken":11,"max_hp_gain":0,"max_hp_loss":0,"event_name":"World of Goop","floor":2,"gold_loss":0},{"damage_healed":0,"gold_gain":0,"player_choice":"Grow","damage_taken":0,"max_hp_gain":0,"max_hp_loss":0,"event_name":"Living Wall","floor":3,"gold_loss":0,"cards_upgraded":["Catalyst"]},{"damage_healed":0,"gold_gain":0,"cards_transformed":["Strike_G","Strike_G"],"player_choice":"Became Test Subject","damage_taken":0,"max_hp_gain":0,"max_hp_loss":0,"event_name":"Drug Dealer","floor":19,"gold_loss":0,"cards_obtained":["Backstab","Finisher"]},{"damage_healed":0,"gold_gain":0,"player_choice":"CARD ","damage_taken":14,"max_hp_gain":0,"max_hp_loss":0,"event_name":"Knowing Skull","floor":22,"potions_obtained":[],"gold_loss":0,"cards_obtained":["Enlightenment"]},{"damage_healed":0,"gold_gain":0,"player_choice":"Bet on Murderer","damage_taken":0,"max_hp_gain":0,"max_hp_loss":0,"event_name":"The Joust","floor":31,"gold_loss":50}],"is_beta":false,"boss_relics":[{"not_picked":["Runic Dome","Busted Crown"],"picked":"Tiny House"}],"items_purged_floors":[],"is_endless":false,"potions_floor_spawned":[7,16,21,25],"killed_by":"Collector","ascension_level":0}