{"gold_per_floor":[10,10,29,29,29,29,29,29,52,52,65,90,104,29,29,131,131,147,47,66,78,78],"floor_reached":22,"playtime":2406,"items_purged":["Strike_B","Defend_B"],"score":200,"play_id":"9e2055c1-38e7-49f4-976b-40aad2a4ccc0","local_time":"20180730153220","is_ascension_mode":true,"campfire_choices":[{"data":"Zap","floor":6,"key":"SMITH"},{"data":"Dualcast","floor":8,"key":"SMITH"},{"floor":15,"key":"REST"}],"neow_cost":"NO_GOLD","seed_source_timestamp":1611517753511574,"circlet_count":0,"master_deck":["Strike_B","Strike_B+1","Strike_B+1","Defend_B","Defend_B","Defend_B","Zap+1","Dualcast+1","Capacitor","Buffer","Glacier+1","Loop+1"],"relics":["Cracked Core","Whetstone","Omamori","Runic Pyramid"],"potions_floor_usage":[16,18],"damage_taken":[{"damage":0,"enemies":"Cultist","floor":1,"turns":3},{"damage":4,"enemies":"Jaw Worm","floor":3,"turns":3},{"damage":0,"enemies":"2 Louse","floor":11,"turns":1},{"damage":14,"enemies":"Lots of Slimes","floor":13,"turns":3},{"damage":29,"enemies":"The Guardian","floor":16,"turns":13},{"damage":40,"enemies":"2 Thieves","floor":18,"turns":4},{"damage":0,"enemies":"Chosen","floor":20,"turns":6},{"damage":33,"enemies":"Slaver and Parasite","floor":21,"turns":7},{"damage":19,"enemies":"Snake Plant","floor":22,"turns":1}],"seed_played":"-2440964877805616118","potions_obtained":[{"floor":11,"key":"Weak Potion"},{"floor":13,"key":"EssenceOfSteel"},{"floor":16,"key":"Ancient Potion"},{"floor":18,"key":"Ancient Potion"},{"floor":20,"key":"SpeedPotion"}],"is_trial":false,"path_per_floor":["M","$","M","?","?","R","$","R","T","$","M","T","M","$","R","B",null,"M","$","M","M"],"character_chosen":"DEFECT","items_purchased":[],"campfire_rested":1,"item_purchase_floors":[],"current_hp_per_floor":[89,89,85,85,77,77,77,77,77,77,77,77,63,63,89,60,89,49,49,49,16,0],"gold":78,"neow_bonus":"TWENTY_PERCENT_HP_BONUS","is_prod":false,"is_daily":false,"chose_seed":false,"campfire_upgraded":2,"win_rate":0,"timestamp":1532957540,"path_taken":["M","?","?","?","?","R","$","R","T","?","M","?","M","$","R","BOSS","M","$","M","?","M"],"build_version":"2018-07-26","purchased_purges":2,"victory":false,"max_hp_per_floor":[89,89,89,89,89,89,89,89,89,89,89,89,89,89,89,89,89,89,89,89,89,89],"card_choices":[{"not_picked":["Turbo","Rebound","Undo"],"picked":"SKIP","floor":1},{"not_picked":["Coolheaded","Stack","Turbo"],"picked":"SKIP","floor":3},{"not_picked":["Blizzard","Rebound"],"picked":"Capacitor","floor":11},{"not_picked":["Turbo","Blizzard","Hologram"],"picked":"SKIP","floor":13},{"not_picked":["Amplify","Meteor Strike"],"picked":"Buffer","floor":16},{"not_picked":["Gash","Sweeping Beam"],"picked":"Glacier+1","floor":18},{"not_picked":["Hologram","Rebound"],"picked":"Loop+1","floor":20},{"not_picked":["Stack","Hologram","Compile Driver"],"picked":"SKIP","floor":21}],"player_experience":347958,"relics_obtained":[{"floor":9,"key":"Whetstone"},{"floor":12,"key":"Omamori"}],"event_choices":[{"event_name":"The Cleric","player_choice":"Leave","floor":4,"damage_taken":0},{"event_name":"Wheel of Change","player_choice":"Damage","floor":5,"damage_taken":0}],"is_beta":false,"boss_relics":[{"not_picked":["White Beast Statue","Ectoplasm"],"picked":"Runic Pyramid"}],"items_purged_floors":[14,19],"is_endless":false,"potions_floor_spawned":[11,13,16,18,20],"killed_by":"Snake Plant","ascension_level":3}