{"gold_per_floor":[113,133,24,24,24,55,55,74,74,91,5,62,79,91,91,165,165,137,137,160,177,177],"floor_reached":22,"playtime":647,"items_purged":[],"score":442,"play_id":"6565093b-617e-4f96-ad24-cc51201f10c9","local_time":"20190316081325","is_ascension_mode":true,"campfire_choices":[{"data":"Infinite Blades","floor":7,"key":"SMITH"},{"data":"Accuracy","floor":15,"key":"SMITH"}],"neow_cost":"NONE","seed_source_timestamp":310905313391854,"circlet_count":0,"master_deck":["AscendersBane","Defend_G","Defend_G","Defend_G","Defend_G","Defend_G","Strike_G","Strike_G","Strike_G","Strike_G","Strike_G","Survivor","Neutralize","Masterful Stab","Slice","Poisoned Stab+1","Infinite Blades+1","Blade Dance","Accuracy+1","Finisher","Cloak And Dagger","PiercingWail","Infinite Blades","Adrenaline","Noxious Fumes","Footwork+1","Glass Knife"],"relics":["Ring of the Snake","NeowsBlessing","Orichalcum","Letter Opener","Tiny Chest","Orrery","Regal Pillow"],"potions_floor_usage":[12,14,16,16,21,22],"damage_taken":[{"damage":0,"enemies":"Cultist","floor":1,"turns":1},{"damage":0,"enemies":"Small Slimes","floor":2,"turns":1},{"damage":0,"enemies":"Gremlin Nob","floor":6,"turns":1},{"damage":0,"enemies":"2 Louse","floor":8,"turns":2},{"damage":0,"enemies":"2 Fungi Beasts","floor":10,"turns":3},{"damage":7,"enemies":"Lagavulin","floor":12,"turns":4},{"damage":4,"enemies":"Blue Slaver","floor":13,"turns":2},{"damage":3,"enemies":"Lots of Slimes","floor":14,"turns":3},{"damage":41,"enemies":"The Guardian","floor":16,"turns":6},{"damage":16,"enemies":"2 Thieves","floor":18,"turns":4},{"damage":4,"enemies":"Spheric Guardian","floor":21,"turns":4},{"damage":38,"enemies":"Cultist and Chosen","floor":22,"turns":4}],"seed_played":"4307785593050382236","potions_obtained":[{"floor":1,"key":"Poison Potion"},{"floor":10,"key":"PowerPotion"},{"floor":12,"key":"Ancient Potion"},{"floor":13,"key":"FearPotion"},{"floor":14,"key":"Poison Potion"},{"floor":18,"key":"Block Potion"},{"floor":21,"key":"Explosive Potion"}],"is_trial":false,"path_per_floor":["M","M","$","?","?","E","R","M","T","M","$","E","M","M","R","B",null,"M","?","T","M","M"],"character_chosen":"THE_SILENT","items_purchased":["Slice","Poisoned Stab","Finisher"],"campfire_rested":0,"item_purchase_floors":[3,3,11],"current_hp_per_floor":[59,59,59,59,59,59,59,59,59,59,59,52,48,45,45,4,51,35,35,35,31,0],"gold":177,"neow_bonus":"THREE_ENEMY_KILL","is_prod":false,"is_daily":false,"chose_seed":false,"campfire_upgraded":2,"win_rate":0,"timestamp":1552738405,"path_taken":["M","?","$","?","?","E","R","M","T","M","$","E","M","M","R","BOSS","M","?","?","M","M"],"build_version":"2019-01-23","purchased_purges":0,"victory":false,"max_hp_per_floor":[66,66,66,66,66,66,66,66,66,66,66,66,66,66,66,66,66,66,66,66,66,66],"card_choices":[{"not_picked":["Eviscerate","Underhanded Strike","Sucker Punch"],"picked":"SKIP","floor":1},{"not_picked":["Escape Plan","Dagger Throw"],"picked":"Masterful Stab","floor":2},{"not_picked":["PiercingWail","Dagger Spray"],"picked":"Infinite Blades","floor":6},{"not_picked":["Choke","Concentrate"],"picked":"Blade Dance","floor":8},{"not_picked":["Heel Hook","A Thousand Cuts"],"picked":"Accuracy","floor":10},{"not_picked":["Deadly Poison","Underhanded Strike"],"picked":"Cloak And Dagger","floor":12},{"not_picked":["Acrobatics","Leg Sweep"],"picked":"PiercingWail","floor":13},{"not_picked":["Poisoned Stab","Deadly Poison"],"picked":"Infinite Blades","floor":14},{"not_picked":["A Thousand Cuts","Wraith Form v2"],"picked":"Adrenaline","floor":16},{"not_picked":["Concentrate","All Out Attack"],"picked":"Noxious Fumes","floor":17},{"not_picked":["Concentrate","Slice"],"picked":"Footwork+1","floor":18},{"not_picked":["Infinite Blades","Noxious Fumes"],"picked":"Glass Knife","floor":21}],"player_experience":871615,"relics_obtained":[{"floor":6,"key":"Orichalcum"},{"floor":9,"key":"Letter Opener"},{"floor":12,"key":"Tiny Chest"},{"floor":20,"key":"Regal Pillow"}],"event_choices":[{"damage_healed":0,"gold_gain":0,"player_choice":"Leave","damage_taken":0,"max_hp_gain":0,"max_hp_loss":0,"event_name":"The Cleric","floor":4,"gold_loss":0},{"damage_healed":0,"gold_gain":0,"player_choice":"Grow","damage_taken":0,"max_hp_gain":0,"max_hp_loss":0,"event_name":"Living Wall","floor":5,"gold_loss":0,"cards_upgraded":["Poisoned Stab"]},{"damage_healed":0,"gold_gain":0,"player_choice":"Ignored","damage_taken":0,"max_hp_gain":0,"max_hp_loss":0,"event_name":"Ghosts","floor":19,"gold_loss":0}],"is_beta":false,"boss_relics":[{"not_picked":["Coffee Dripper","Runic Pyramid"],"picked":"Orrery"}],"items_purged_floors":[],"is_endless":false,"potions_floor_spawned":[1,10,12,13,14,18,21],"killed_by":"Cultist and Chosen","ascension_level":20}