{"gold_per_floor":[112,11,26,26,56,90,90,106,106,136,152,177,193,193,193,193],"floor_reached":16,"playtime":456,"items_purged":["Defend_R"],"score":138,"play_id":"75fc7b3e-9adb-4569-bfc1-0309fdd3f2e7","local_time":"20190321153023","is_ascension_mode":true,"campfire_choices":[{"data":"Spot Weakness","floor":7,"key":"SMITH"},{"data":"True Grit","floor":15,"key":"SMITH"}],"neow_cost":"NONE","seed_source_timestamp":150538643374100,"circlet_count":0,"master_deck":["Strike_R","Strike_R","Strike_R","Strike_R","Strike_R","Defend_R","Defend_R","Defend_R","Bash","Finesse","Clash","Flex","Spot Weakness+1","Heavy Blade+1","Sword Boomerang+1","Pummel+1","True Grit+1"],"relics":["Burning Blood","Molten Egg 2","Tiny Chest","Bronze Scales","Dream Catcher","Odd Mushroom","The Courier","Golden Idol"],"potions_floor_usage":[12,16],"damage_taken":[{"damage":9,"enemies":"Cultist","floor":1,"turns":4},{"damage":0,"enemies":"Small Slimes","floor":3,"turns":2},{"damage":25,"enemies":"Gremlin Nob","floor":6,"turns":4},{"damage":7,"enemies":"Jaw Worm","floor":8,"turns":2},{"damage":7,"enemies":"The Mushroom Lair","floor":10,"turns":3},{"damage":6,"enemies":"Exordium Wildlife","floor":11,"turns":3},{"damage":35,"enemies":"Lagavulin","floor":12,"turns":4},{"damage":8,"enemies":"Blue Slaver","floor":13,"turns":2},{"damage":27,"enemies":"The Guardian","floor":16,"turns":7}],"seed_played":"1365102169707898096","potions_obtained":[{"floor":6,"key":"PowerPotion"},{"floor":10,"key":"SteroidPotion"},{"floor":12,"key":"Energy Potion"}],"is_trial":false,"path_per_floor":["M","$","M","T","?","E","R","M","T","?","M","E","M","?","R","B"],"character_chosen":"IRONCLAD","items_purchased":["Flex"],"campfire_rested":0,"item_purchase_floors":[2],"current_hp_per_floor":[77,77,80,80,77,58,58,57,57,56,56,27,25,25,25,0],"gold":193,"neow_bonus":"RANDOM_COLORLESS","is_prod":false,"is_daily":false,"chose_seed":false,"campfire_upgraded":2,"win_rate":0,"timestamp":1553153423,"path_taken":["M","$","M","?","?","E","R","M","T","?","M","E","M","?","R","BOSS"],"build_version":"2019-01-23","purchased_purges":1,"victory":false,"max_hp_per_floor":[80,80,80,80,80,80,80,80,80,80,80,80,80,74,74,74],"card_choices":[{"not_picked":["Anger","Disarm"],"picked":"Clash","floor":1},{"not_picked":["Headbutt","Rampage"],"picked":"Spot Weakness","floor":3},{"not_picked":["Warcry","Intimidate"],"picked":"Heavy Blade+1","floor":6},{"not_picked":["Ghostly Armor","Reaper+1"],"picked":"Sword Boomerang+1","floor":8},{"not_picked":["Pommel Strike+1","Seeing Red","Sword Boomerang+1"],"picked":"SKIP","floor":11},{"not_picked":["Brutality","Seeing Red"],"picked":"Pummel+1","floor":12},{"not_picked":["Anger+1","Perfected Strike+1"],"picked":"True Grit","floor":13}],"player_experience":402436,"relics_obtained":[{"floor":4,"key":"Molten Egg 2"},{"floor":6,"key":"Bronze Scales"},{"floor":9,"key":"Dream Catcher"},{"floor":10,"key":"Odd Mushroom"},{"floor":12,"key":"The Courier"}],"event_choices":[{"damage_healed":0,"gold_gain":0,"player_choice":"Success","damage_taken":3,"relics_obtained":["Tiny Chest"],"max_hp_gain":0,"max_hp_loss":0,"event_name":"Scrap Ooze","floor":5,"gold_loss":0},{"damage_healed":0,"gold_gain":0,"player_choice":"Fought Mushrooms","damage_taken":0,"max_hp_gain":0,"max_hp_loss":0,"event_name":"Mushrooms","floor":10,"gold_loss":0},{"damage_healed":0,"gold_gain":0,"player_choice":"Lose Max HP","damage_taken":0,"relics_obtained":["Golden Idol"],"max_hp_gain":0,"max_hp_loss":6,"event_name":"Golden Idol","floor":14,"gold_loss":0}],"is_beta":false,"boss_relics":[],"items_purged_floors":[2],"is_endless":false,"potions_floor_spawned":[6,10,12],"killed_by":"The Guardian","ascension_level":5}