{"gold_per_floor":[114,125,141,141,141,141,165,165,165,183,183,198,222,245,245,371,371,385,399],"floor_reached":19,"playtime":911,"items_purged":[],"score":165,"play_id":"955838fc-b811-49a2-a033-c832360630db","local_time":"20190413164945","is_ascension_mode":false,"campfire_choices":[{"data":"Poisoned Stab","floor":6.0,"key":"SMITH"},{"data":"Madness","floor":8.0,"key":"SMITH"},{"data":"Blur","floor":15.0,"key":"SMITH"}],"neow_cost":"NONE","seed_source_timestamp":259554925104300,"circlet_count":0,"master_deck":["Defend_G","Defend_G","Defend_G","Defend_G","Defend_G","Strike_G","Strike_G","Strike_G","Strike_G","Strike_G","Survivor","Neutralize","Madness+1","Blade Dance","Backstab","Poisoned Stab+1","Injury","Bouncing Flask","Dagger Throw","All Out Attack","Dagger Spray","Blur+1","A Thousand Cuts"],"special_seed":0,"relics":["Ring of the Snake","Golden Idol","Letter Opener","Eternal Feather"],"potions_floor_usage":[16,16],"damage_taken":[{"damage":4.0,"enemies":"Jaw Worm","floor":1.0,"turns":6.0},{"damage":0.0,"enemies":"Small Slimes","floor":2.0,"turns":5.0},{"damage":0.0,"enemies":"2 Louse","floor":3.0,"turns":2.0},{"damage":0.0,"enemies":"Red Slaver","floor":7.0,"turns":3.0},{"damage":1.0,"enemies":"3 Louse","floor":10.0,"turns":3.0},{"damage":6.0,"enemies":"Exordium Wildlife","floor":12.0,"turns":4.0},{"damage":0.0,"enemies":"Gremlin Gang","floor":13.0,"turns":3.0},{"damage":6.0,"enemies":"Large Slime","floor":14.0,"turns":4.0},{"damage":51,"enemies":"The Guardian","floor":16,"turns":9},{"damage":22,"enemies":"Spheric Guardian","floor":18,"turns":5},{"damage":18,"enemies":"Chosen","floor":19,"turns":6}],"seed_played":"5637271139660378675","potions_obtained":[{"floor":3.0,"key":"Regen Potion"},{"floor":7.0,"key":"Regen Potion"},{"floor":10.0,"key":"FairyPotion"},{"floor":12.0,"key":"Swift Potion"},{"floor":14.0,"key":"Poison Potion"}],"is_trial":false,"path_per_floor":["M","M","M","?","?","R","M","R","T","M","?","M","M","M","R","B",null,"M","M"],"character_chosen":"THE_SILENT","items_purchased":[],"campfire_rested":0,"item_purchase_floors":[],"current_hp_per_floor":[66,66,66,71,71,71,71,71,71,70,70,73,73,67,67,31,75,53,35],"gold":399,"neow_bonus":"RANDOM_COLORLESS","is_prod":false,"is_daily":false,"chose_seed":false,"campfire_upgraded":3,"win_rate":0.0,"timestamp":1555192185,"path_taken":["M","M","M","?","?","R","M","R","T","M","?","?","M","M","R","BOSS","M","M"],"build_version":"2019-01-23","purchased_purges":0,"victory":false,"max_hp_per_floor":[70,70,70,75,75,75,75,75,75,75,75,75,75,75,75,75,75,75,75],"card_choices":[{"not_picked":["Acrobatics","PiercingWail"],"picked":"Blade Dance","floor":1.0},{"not_picked":["Choke","Catalyst"],"picked":"Backstab","floor":2.0},{"not_picked":["PiercingWail","Skewer"],"picked":"Poisoned Stab","floor":3.0},{"not_picked":["Endless Agony","Concentrate"],"picked":"Bouncing Flask","floor":7.0},{"not_picked":["Underhanded Strike","Well Laid Plans"],"picked":"Dagger Throw","floor":10.0},{"not_picked":["Catalyst","Backflip"],"picked":"All Out Attack","floor":12.0},{"not_picked":["Prepared","Dodge and Roll"],"picked":"Dagger Spray","floor":13.0},{"not_picked":["Heel Hook","Prepared"],"picked":"Blur","floor":14.0},{"not_picked":["Doppelganger","Die Die Die"],"picked":"A Thousand Cuts","floor":16},{"not_picked":["Choke","Flechettes","Sucker Punch+1"],"picked":"SKIP","floor":18},{"not_picked":["Prepared","Crippling Poison","Cloak And Dagger"],"picked":"SKIP","floor":19}],"player_experience":110499,"relics_obtained":[{"floor":9.0,"key":"Letter Opener"}],"event_choices":[{"damage_healed":0.0,"max_hp_gain":5.0,"max_hp_loss":0.0,"gold_gain":0.0,"event_name":"Big Fish","player_choice":"Donut","floor":4.0,"gold_loss":0.0,"damage_taken":0.0},{"damage_healed":0.0,"max_hp_gain":0.0,"max_hp_loss":0.0,"gold_gain":0.0,"event_name":"Golden Idol","player_choice":"Take Wound","floor":5.0,"gold_loss":0.0,"damage_taken":0.0,"relics_obtained":["Golden Idol"],"cards_obtained":["Injury"]},{"damage_healed":0.0,"max_hp_gain":0.0,"max_hp_loss":0.0,"gold_gain":0.0,"event_name":"NoteForYourself","player_choice":"Ignored","floor":11.0,"gold_loss":0.0,"damage_taken":0.0}],"is_beta":false,"boss_relics":[{"not_picked":["Tiny House","Busted Crown"],"picked":"Eternal Feather"}],"items_purged_floors":[],"is_endless":false,"potions_floor_spawned":[3,7,10,12,14],"killed_by":"Chosen","ascension_level":0}