{"gold_per_floor":[118,129,147,247,266,291,291,347,347,347,347,75,106,122,122,217,217,232,256,256,276,124,153,153,186,211,223,250,262,304,316,328,340],"floor_reached":33,"playtime":1917,"items_purged":["Strike_R"],"score":467,"play_id":"227dd1a4-4e68-4608-a8b9-e8e5152a62d3","local_time":"20190406203121","is_ascension_mode":true,"campfire_choices":[{"data":"1","floor":10,"key":"LIFT"},{"floor":15,"key":"REST"},{"data":"2","floor":24,"key":"LIFT"},{"data":"3","floor":27,"key":"LIFT"},{"floor":32,"key":"REST"}],"neow_cost":"NONE","seed_source_timestamp":1924739437524300,"circlet_count":0,"master_deck":["Strike_R","Strike_R","Strike_R","Strike_R","Defend_R+1","Defend_R","Defend_R","Defend_R","Bash","Metallicize","Cleave","Clothesline+1","Pommel Strike","Impervious","Bash","Shrug It Off","Ghostly Armor","Headbutt","Immolate","Clothesline+1","Metallicize","Heavy Blade+1","Pummel","Shrug It Off","Shockwave+1"],"relics":["Fusion Hammer","Girya","Tiny Chest","Juzu Bracelet","Bag of Preparation","Gremlin Horn","Runic Dome","Strawberry","Anchor","Lantern","Self Forming Clay","MawBank","Nilry\u0027s Codex","War Paint"],"potions_floor_usage":[6,8,18,30,33,33],"damage_taken":[{"damage":2,"enemies":"Small Slimes","floor":1,"turns":4},{"damage":0,"enemies":"Cultist","floor":2,"turns":3},{"damage":0,"enemies":"Jaw Worm","floor":3,"turns":3},{"damage":3,"enemies":"Gremlin Gang","floor":5,"turns":6},{"damage":9,"enemies":"Lagavulin","floor":6,"turns":5},{"damage":19,"enemies":"3 Sentries","floor":8,"turns":7},{"damage":5,"enemies":"Gremlin Nob","floor":13,"turns":3},{"damage":1,"enemies":"Exordium Thugs","floor":14,"turns":6},{"damage":15,"enemies":"Hexaghost","floor":16,"turns":12},{"damage":6,"enemies":"2 Thieves","floor":18,"turns":3},{"damage":0,"enemies":"Chosen","floor":21,"turns":3},{"damage":7,"enemies":"Book of Stabbing","floor":23,"turns":6},{"damage":4,"enemies":"Slavers","floor":25,"turns":4},{"damage":10,"enemies":"Centurion and Healer","floor":28,"turns":4},{"damage":0,"enemies":"Book of Stabbing","floor":30,"turns":4},{"damage":64,"enemies":"Champ","floor":33,"turns":11}],"seed_played":"7529520154023934503","potions_obtained":[{"floor":1,"key":"LiquidBronze"},{"floor":2,"key":"PowerPotion"},{"floor":8,"key":"SpeedPotion"},{"floor":13,"key":"Dexterity Potion"},{"floor":18,"key":"SkillPotion"},{"floor":30,"key":"LiquidBronze"}],"is_trial":false,"path_per_floor":["M","M","M","?","M","E","?","E","T","R","?","$","E","M","R","B",null,"M","T","?","M","$","E","R","E","T","R","M","?","E","?","R","B"],"character_chosen":"IRONCLAD","items_purchased":["Bag of Preparation","SkillPotion","Anchor"],"campfire_rested":2,"item_purchase_floors":[12,12,22],"current_hp_per_floor":[70,70,70,70,67,58,58,39,39,39,39,39,34,33,57,42,71,65,72,72,72,72,65,65,61,61,61,51,35,35,35,61,0],"gold":340,"neow_bonus":"BOSS_RELIC","is_prod":false,"is_daily":false,"chose_seed":false,"campfire_upgraded":0,"win_rate":0,"timestamp":1554597081,"path_taken":["M","M","M","?","?","E","?","E","T","R","?","$","E","M","R","BOSS","M","?","?","M","?","E","R","E","T","R","M","?","E","?","R","BOSS"],"build_version":"2019-01-23","purchased_purges":1,"victory":false,"max_hp_per_floor":[80,80,80,80,80,80,80,80,80,80,80,80,80,80,80,80,80,80,87,87,87,87,87,87,87,87,87,87,87,87,87,87,87],"card_choices":[{"not_picked":["Uppercut","Dual Wield"],"picked":"Metallicize","floor":1},{"not_picked":["Wild Strike","Corruption"],"picked":"Cleave","floor":2},{"not_picked":["Fire Breathing","Pummel"],"picked":"Clothesline","floor":3},{"not_picked":["Blood for Blood","Pummel"],"picked":"Pommel Strike","floor":5},{"not_picked":["Clothesline","Clash"],"picked":"Impervious","floor":6},{"not_picked":["Sever Soul","Body Slam"],"picked":"Shrug It Off","floor":8},{"not_picked":["Searing Blow","Clothesline"],"picked":"Ghostly Armor","floor":13},{"not_picked":["Whirlwind","Second Wind"],"picked":"Headbutt","floor":14},{"not_picked":["Fiend Fire","Berserk"],"picked":"Immolate","floor":16},{"not_picked":["Perfected Strike","Rampage"],"picked":"Clothesline+1","floor":18},{"not_picked":["Perfected Strike","Pommel Strike"],"picked":"Heavy Blade","floor":21},{"not_picked":["Whirlwind","Wild Strike+1"],"picked":"Pummel","floor":23},{"not_picked":["Dual Wield","Twin Strike"],"picked":"Shrug It Off","floor":25},{"not_picked":["Flex","Fire Breathing+1"],"picked":"Shockwave","floor":28},{"not_picked":["Feel No Pain+1","Burning Pact","Blood for Blood+1"],"picked":"SKIP","floor":30}],"player_experience":283808,"relics_obtained":[{"floor":6,"key":"Girya"},{"floor":8,"key":"Tiny Chest"},{"floor":9,"key":"Juzu Bracelet"},{"floor":13,"key":"Gremlin Horn"},{"floor":19,"key":"Strawberry"},{"floor":23,"key":"Lantern"},{"floor":25,"key":"Self Forming Clay"},{"floor":26,"key":"MawBank"},{"floor":29,"key":"Nilry\u0027s Codex"},{"floor":30,"key":"War Paint"}],"event_choices":[{"damage_healed":0,"gold_gain":100,"player_choice":"Pray","damage_taken":0,"max_hp_gain":0,"max_hp_loss":0,"event_name":"Golden Shrine","floor":4,"gold_loss":0},{"damage_healed":0,"gold_gain":0,"player_choice":"1 cards matched","damage_taken":0,"max_hp_gain":0,"max_hp_loss":0,"event_name":"Match and Keep!","floor":7,"gold_loss":0,"cards_obtained":["Bash"]},{"damage_healed":0,"gold_gain":0,"player_choice":"Upgraded","damage_taken":0,"max_hp_gain":0,"max_hp_loss":0,"event_name":"Upgrade Shrine","floor":11,"gold_loss":0,"cards_upgraded":["Clothesline"]},{"damage_healed":0,"gold_gain":0,"player_choice":"Copied","damage_taken":0,"max_hp_gain":0,"max_hp_loss":0,"event_name":"Duplicator","floor":20,"gold_loss":0,"cards_obtained":["Metallicize"]},{"damage_healed":0,"gold_gain":0,"player_choice":"Obtained Book","damage_taken":16,"max_hp_gain":0,"max_hp_loss":0,"event_name":"Cursed Tome","floor":29,"gold_loss":0},{"damage_healed":0,"gold_gain":0,"player_choice":"Forge","damage_taken":0,"max_hp_gain":0,"max_hp_loss":0,"event_name":"Accursed Blacksmith","floor":31,"gold_loss":0,"cards_upgraded":["Heavy Blade"]}],"is_beta":false,"boss_relics":[{"not_picked":["Busted Crown","Cursed Key"],"picked":"Runic Dome"}],"items_purged_floors":[12],"is_endless":false,"potions_floor_spawned":[1,2,8,13,18,25,30],"killed_by":"Champ","ascension_level":7}