{"gold_per_floor":[363,382,382,382,332,367,367,402,480,480,515,529,183,214,214,313,313,331,431,293,263,278,304,304,317,317,242,276,276,276],"floor_reached":30,"playtime":1972,"items_purged":["Strike_B"],"score":307,"play_id":"510e267b-4373-4b9c-a450-5a25a3c7539a","local_time":"20180924001153","is_ascension_mode":true,"campfire_choices":[{"floor":7,"key":"REST"},{"floor":10,"key":"REST"},{"data":"Static Discharge","floor":15,"key":"SMITH"},{"floor":24,"key":"REST"}],"neow_cost":"CURSE","seed_source_timestamp":799413216064441,"circlet_count":0,"master_deck":["Strike_B+1","Defend_B","Defend_B","Defend_B+1","Zap","Dualcast","Redo","Leap","Thunder Strike","Conserve Battery","Static Discharge+1","Auto Shields","Electrodynamics","Rip and Tear+1","Storm+1","Gash+1","Self Repair","Loop","Tempest+1","Turbo+1","Loop+1","Force Field+1"],"relics":["Cracked Core","PreservedInsect","WingedGreaves","Nunchaku","Sundial","Singing Bowl","Lee\u0027s Waffle","Pantograph","Astrolabe","Turnip","Darkstone Periapt","Peace Pipe","Toxic Egg 2","Letter Opener"],"potions_floor_usage":[11,19,19,23,30],"damage_taken":[{"damage":6,"enemies":"Jaw Worm","floor":1,"turns":2},{"damage":7,"enemies":"2 Louse","floor":2,"turns":2},{"damage":14,"enemies":"3 Sentries","floor":6,"turns":6},{"damage":29,"enemies":"Gremlin Nob","floor":8,"turns":4},{"damage":9,"enemies":"3 Sentries","floor":11,"turns":5},{"damage":6,"enemies":"Small Slimes","floor":12,"turns":4},{"damage":7,"enemies":"Gremlin Nob","floor":14,"turns":4},{"damage":23,"enemies":"The Guardian","floor":16,"turns":9},{"damage":10,"enemies":"3 Byrds","floor":18,"turns":2},{"damage":23,"enemies":"Colosseum Slavers","floor":19,"turns":3},{"damage":27,"enemies":"Colosseum Nobs","floor":19,"turns":4},{"damage":24,"enemies":"Chosen","floor":22,"turns":5},{"damage":7,"enemies":"Gremlin Leader","floor":23,"turns":5},{"damage":15,"enemies":"Snecko","floor":25,"turns":4},{"damage":12,"enemies":"Book of Stabbing","floor":28,"turns":3},{"damage":29,"enemies":"Centurion and Healer","floor":30,"turns":2}],"seed_played":"4292035139001377902","potions_obtained":[{"floor":8,"key":"GamblersBrew"},{"floor":14,"key":"EssenceOfSteel"},{"floor":16,"key":"Weak Potion"},{"floor":19,"key":"FocusPotion"},{"floor":21,"key":"Block Potion"},{"floor":21,"key":"Ancient Potion"},{"floor":25,"key":"Energy Potion"}],"is_trial":false,"path_per_floor":["M","M","?","?","?","E","R","E","T","R","E","M","$","E","R","B",null,"M","?","$","?","M","E","R","M","T","?","E","?"],"character_chosen":"DEFECT","items_purchased":["Lee\u0027s Waffle","Lockon","Loop","Tempest"],"campfire_rested":3,"item_purchase_floors":[13,13,20,20],"current_hp_per_floor":[69,62,47,35,35,21,43,14,14,36,27,21,82,77,77,61,84,74,40,40,40,23,25,51,36,36,36,24,24,0],"gold":276,"neow_bonus":"TWO_FIFTY_GOLD","is_prod":false,"is_daily":false,"chose_seed":false,"campfire_upgraded":1,"win_rate":0,"timestamp":1537740713,"path_taken":["M","M","?","?","?","E","R","E","T","R","E","?","$","E","R","BOSS","M","?","$","?","?","E","R","M","T","?","E","?","?"],"build_version":"2018-09-20","purchased_purges":1,"victory":false,"max_hp_per_floor":[75,75,75,75,75,75,75,75,75,75,75,75,82,84,84,84,84,84,86,86,86,86,88,88,88,88,88,88,88,88],"card_choices":[{"not_picked":["Ball Lightning","Hologram"],"picked":"Redo","floor":1},{"not_picked":["Redo","Sweeping Beam"],"picked":"Leap","floor":2},{"not_picked":["Darkness","Leap"],"picked":"Thunder Strike","floor":6},{"not_picked":["Darkness","Steam Power"],"picked":"Conserve Battery","floor":8},{"not_picked":["Recycle","Compile Driver"],"picked":"Static Discharge","floor":11},{"not_picked":["Reprogram","Turbo"],"picked":"Auto Shields","floor":12},{"not_picked":["Force Field","Double Energy","Leap"],"picked":"Singing Bowl","floor":14},{"not_picked":["Meteor Strike","All For One"],"picked":"Electrodynamics","floor":16},{"not_picked":["Conserve Battery","Rebound+1"],"picked":"Self Repair","floor":18},{"not_picked":["Double Energy","Static Discharge","Ball Lightning"],"picked":"Singing Bowl","floor":19},{"not_picked":["Rebound","Gash"],"picked":"Turbo+1","floor":22},{"not_picked":["Rebound","Steam Power","Redo"],"picked":"Singing Bowl","floor":23},{"not_picked":["Self Repair+1","Double Energy"],"picked":"Loop+1","floor":25},{"not_picked":["Rebound+1","Reprogram+1"],"picked":"Force Field+1","floor":28}],"player_experience":124649,"relics_obtained":[{"floor":6,"key":"WingedGreaves"},{"floor":8,"key":"Nunchaku"},{"floor":9,"key":"Sundial"},{"floor":11,"key":"Singing Bowl"},{"floor":14,"key":"Pantograph"},{"floor":19,"key":"Turnip"},{"floor":19,"key":"Darkstone Periapt"},{"floor":23,"key":"Peace Pipe"},{"floor":26,"key":"Toxic Egg 2"},{"floor":28,"key":"Letter Opener"}],"event_choices":[{"event_name":"Shining Light","player_choice":"Entered Light","floor":3,"damage_taken":0},{"event_name":"Scrap Ooze","player_choice":"success","floor":4,"damage_taken":12},{"event_name":"The Cleric","player_choice":"Card Removal","floor":5,"damage_taken":0},{"event_name":"Colosseum","player_choice":"Fight","floor":19,"damage_taken":0},{"event_name":"Colosseum","player_choice":"Fought Nobs","floor":19,"damage_taken":0},{"event_name":"The Woman in Blue","player_choice":"Bought 2 Potions","floor":21,"damage_taken":0},{"event_name":"Beggar","player_choice":"Gave Gold","floor":27,"damage_taken":0},{"event_name":"Upgrade Shrine","player_choice":"Upgraded","floor":29,"damage_taken":0}],"is_beta":true,"boss_relics":[{"not_picked":["Cursed Key","Velvet Choker"],"picked":"Astrolabe"}],"items_purged_floors":[13],"is_endless":false,"potions_floor_spawned":[8,14,16,19,19,25,28],"killed_by":"Centurion and Healer","ascension_level":1}