{"gold_per_floor":[110,130,9,20,33,59,77,77,77,105,105,105,105,118,118,244,244,259,229],"floor_reached":19,"playtime":947,"items_purged":[],"score":213,"play_id":"9a515b0b-9f0d-422d-b804-ef3c7b979a45","local_time":"20190407142319","is_ascension_mode":true,"campfire_choices":[{"floor":15,"key":"RECALL"}],"neow_cost":"PERCENT_DAMAGE","seed_source_timestamp":140553210022237,"circlet_count":0,"master_deck":["Bash","Armaments","Twin Strike","Inflame","Perfected Strike","Sword Boomerang","Headbutt","Infernal Blade","Pummel","Pommel Strike","Injury","Dual Wield","Iron Wave","Limit Break","Limit Break","Brutality","Burning Pact","Wild Strike","Bloodletting","Infernal Blade","Anger","Rampage","Pummel+1"],"relics":["Burning Blood","Dream Catcher","Pantograph","Golden Idol","Turnip","Pandora\u0027s Box"],"potions_floor_usage":[10,10,14,19],"damage_taken":[{"damage":1,"enemies":"Cultist","floor":1,"turns":3},{"damage":6,"enemies":"Jaw Worm","floor":2,"turns":3},{"damage":3,"enemies":"Small Slimes","floor":4,"turns":3},{"damage":7,"enemies":"Blue Slaver","floor":5,"turns":3},{"damage":28,"enemies":"Gremlin Nob","floor":6,"turns":4},{"damage":8,"enemies":"2 Fungi Beasts","floor":7,"turns":3},{"damage":31,"enemies":"Lagavulin","floor":10,"turns":4},{"damage":0,"enemies":"Looter","floor":14,"turns":1},{"damage":19,"enemies":"Slime Boss","floor":16,"turns":10},{"damage":32,"enemies":"Chosen","floor":18,"turns":5},{"damage":9,"enemies":"2 Thieves","floor":19,"turns":2}],"seed_played":"-6690572307332415146","potions_obtained":[{"floor":2,"key":"FearPotion"},{"floor":4,"key":"AttackPotion"},{"floor":10,"key":"SteroidPotion"},{"floor":14,"key":"Regen Potion"},{"floor":16,"key":"Block Potion"},{"floor":18,"key":"FearPotion"}],"is_trial":false,"path_per_floor":["M","M","$","M","M","E","M","$","T","E","?","T","?","M","R","B",null,"M","M"],"character_chosen":"IRONCLAD","items_purchased":["Inflame","Perfected Strike"],"campfire_rested":0,"item_purchase_floors":[3,3],"current_hp_per_floor":[77,77,77,80,79,57,55,55,55,30,30,30,30,36,36,48,96,70,61],"gold":229,"neow_bonus":"TWENTY_PERCENT_HP_BONUS","is_prod":false,"is_daily":false,"chose_seed":false,"campfire_upgraded":0,"win_rate":0,"timestamp":1554664999,"path_taken":["M","?","$","M","M","E","M","$","T","E","?","?","?","M","R","BOSS","M","M"],"build_version":"2019-01-23","purchased_purges":0,"victory":false,"max_hp_per_floor":[96,96,96,96,96,96,96,96,96,96,96,96,96,96,96,96,96,96,96],"card_choices":[{"not_picked":["Blood for Blood","True Grit"],"picked":"Armaments","floor":1},{"not_picked":["Wild Strike","Carnage"],"picked":"Twin Strike","floor":2},{"not_picked":["Thunderclap","Dropkick"],"picked":"Sword Boomerang","floor":4},{"not_picked":["Power Through","Ghostly Armor"],"picked":"Headbutt","floor":5},{"not_picked":["Juggernaut","Entrench"],"picked":"Infernal Blade","floor":6},{"not_picked":["Shockwave","Body Slam"],"picked":"Pummel","floor":7},{"not_picked":["Warcry","Evolve"],"picked":"Pommel Strike","floor":10},{"not_picked":["Fire Breathing","Ghostly Armor"],"picked":"Iron Wave","floor":14},{"not_picked":["Impervious","Reaper"],"picked":"Limit Break","floor":16},{"not_picked":["Feel No Pain","Warcry"],"picked":"Pummel+1","floor":18}],"player_experience":147246,"relics_obtained":[{"floor":6,"key":"Dream Catcher"},{"floor":10,"key":"Pantograph"},{"floor":12,"key":"Turnip"}],"event_choices":[{"damage_healed":0,"gold_gain":0,"player_choice":"Take Wound","damage_taken":0,"relics_obtained":["Golden Idol"],"max_hp_gain":0,"max_hp_loss":0,"event_name":"Golden Idol","floor":11,"gold_loss":0,"cards_obtained":["Injury"]},{"damage_healed":0,"gold_gain":0,"cards_transformed":["Strike_R"],"player_choice":"Change","damage_taken":0,"max_hp_gain":0,"max_hp_loss":0,"event_name":"Living Wall","floor":13,"gold_loss":0,"cards_obtained":["Dual Wield"]}],"is_beta":false,"boss_relics":[{"not_picked":["Fusion Hammer","Runic Cube"],"picked":"Pandora\u0027s Box"}],"items_purged_floors":[],"is_endless":false,"potions_floor_spawned":[2,4,10,14,16,18],"killed_by":"2 Thieves","ascension_level":1}