{"gold_per_floor":[116,128,139,158,175,175,206,218,305,242,270,282,321,353,365,454,466,495,138,138,138,138,138,156,156,208,208,208],"floor_reached":28,"playtime":614,"items_purged":["Strike_R"],"score":527,"play_id":"78013fd5-f01e-4565-9776-6d13e60429da","local_time":"20190305150516","is_ascension_mode":true,"campfire_choices":[{"data":"Armaments","floor":6,"key":"SMITH"},{"data":"Flex","floor":8,"key":"SMITH"},{"data":"Sword Boomerang","floor":12,"key":"SMITH"},{"data":"Battle Trance","floor":15,"key":"SMITH"},{"data":"Offering","floor":23,"key":"SMITH"},{"data":"True Grit","floor":25,"key":"SMITH"},{"data":"Immolate","floor":27,"key":"SMITH"}],"neow_cost":"NONE","seed_source_timestamp":245634829723781,"circlet_count":0,"master_deck":["AscendersBane","Strike_R","Strike_R","Strike_R","Defend_R","Defend_R","Defend_R","Defend_R","Bash","Evolve","Sword Boomerang+1","Flex+1","Armaments+1","Battle Trance+1","Power Through","Immolate+1","Offering+1","Shrug It Off+1","True Grit+1","Parasite"],"relics":["Burning Blood","NeowsBlessing","MawBank","Sundial","FossilizedHelix","Odd Mushroom","Cursed Key","Prayer Wheel"],"potions_floor_usage":[7,13],"damage_taken":[{"damage":0,"enemies":"Jaw Worm","floor":1,"turns":1},{"damage":1,"enemies":"Small Slimes","floor":2,"turns":2},{"damage":0,"enemies":"Cultist","floor":3,"turns":1},{"damage":19,"enemies":"Blue Slaver","floor":4,"turns":4},{"damage":28,"enemies":"Exordium Thugs","floor":5,"turns":5},{"damage":21,"enemies":"Lagavulin","floor":7,"turns":8},{"damage":9,"enemies":"Exordium Wildlife","floor":11,"turns":4},{"damage":0,"enemies":"3 Sentries","floor":13,"turns":8},{"damage":0,"enemies":"The Mushroom Lair","floor":14,"turns":3},{"damage":0,"enemies":"Slime Boss","floor":16,"turns":7},{"damage":0,"enemies":"2 Thieves","floor":18,"turns":1},{"damage":0,"enemies":"Chosen","floor":24,"turns":3},{"damage":58,"enemies":"Gremlin Leader","floor":28,"turns":4}],"seed_played":"1452245841471572282","potions_obtained":[{"floor":2,"key":"EssenceOfSteel"},{"floor":5,"key":"AttackPotion"},{"floor":7,"key":"Swift Potion"},{"floor":14,"key":"FearPotion"}],"is_trial":false,"path_per_floor":["M","M","M","M","M","R","E","R","T","?","M","R","E","?","R","B",null,"M","$","?","?","?","R","M","R","T","R","E"],"character_chosen":"IRONCLAD","items_purchased":["Prayer Wheel"],"campfire_rested":0,"item_purchase_floors":[19],"current_hp_per_floor":[74,75,75,62,40,40,25,25,25,25,22,22,28,34,34,40,66,72,72,72,72,51,51,57,57,57,57,0],"gold":208,"neow_bonus":"THREE_ENEMY_KILL","is_prod":false,"is_daily":false,"chose_seed":false,"campfire_upgraded":7,"win_rate":0,"timestamp":1551769516,"path_taken":["M","M","M","M","M","R","E","R","T","?","M","R","E","?","R","BOSS","M","$","?","?","?","R","?","R","T","R","E"],"build_version":"2019-01-23","purchased_purges":1,"victory":false,"max_hp_per_floor":[75,75,75,75,75,75,75,75,75,75,75,75,75,75,75,75,75,75,75,75,75,80,80,80,80,80,80,80],"card_choices":[{"not_picked":["Warcry","Shrug It Off"],"picked":"Evolve","floor":1},{"not_picked":["Evolve","Thunderclap"],"picked":"Sword Boomerang","floor":2},{"not_picked":["Warcry","Havoc"],"picked":"Flex","floor":3},{"not_picked":["Headbutt","Iron Wave"],"picked":"Armaments","floor":4},{"not_picked":["Corruption","Fire Breathing"],"picked":"Battle Trance","floor":5},{"not_picked":["Body Slam","Thunderclap","Sword Boomerang"],"picked":"SKIP","floor":7},{"not_picked":["Combust","Thunderclap"],"picked":"Power Through","floor":11},{"not_picked":["Intimidate","Sever Soul"],"picked":"Immolate","floor":13},{"not_picked":["Reaper","Brutality"],"picked":"Offering","floor":16},{"not_picked":["Searing Blow","Infernal Blade","Iron Wave"],"picked":"SKIP","floor":18},{"not_picked":["Perfected Strike","Cleave"],"picked":"Shrug It Off+1","floor":24},{"not_picked":["Perfected Strike","Warcry"],"picked":"True Grit","floor":24}],"player_experience":1120512,"relics_obtained":[{"floor":7,"key":"MawBank"},{"floor":9,"key":"Sundial"},{"floor":13,"key":"FossilizedHelix"},{"floor":14,"key":"Odd Mushroom"}],"event_choices":[{"cards_removed":["Strike_R"],"damage_healed":0,"gold_gain":0,"player_choice":"Card Removal","damage_taken":0,"max_hp_gain":0,"max_hp_loss":0,"event_name":"The Cleric","floor":10,"gold_loss":75},{"damage_healed":0,"gold_gain":0,"player_choice":"Fought Mushrooms","damage_taken":0,"max_hp_gain":0,"max_hp_loss":0,"event_name":"Mushrooms","floor":14,"gold_loss":0},{"damage_healed":0,"gold_gain":0,"player_choice":"Ignored","damage_taken":0,"max_hp_gain":0,"max_hp_loss":0,"event_name":"Vampires","floor":20,"gold_loss":0},{"damage_healed":0,"gold_gain":0,"player_choice":"Ignored","damage_taken":0,"max_hp_gain":0,"max_hp_loss":0,"event_name":"The Mausoleum","floor":21,"gold_loss":0},{"damage_healed":0,"gold_gain":0,"player_choice":"Shed Blood","damage_taken":26,"max_hp_gain":5,"max_hp_loss":0,"event_name":"Forgotten Altar","floor":22,"gold_loss":0}],"is_beta":false,"boss_relics":[{"not_picked":["Fusion Hammer","Ectoplasm"],"picked":"Cursed Key"}],"items_purged_floors":[19],"is_endless":false,"potions_floor_spawned":[2,5,7,14,16],"killed_by":"Gremlin Leader","ascension_level":15}