{"gold_per_floor":[109,109,109,127,127,127,153,228,254,36,36,65,65,340,340,438,438,458,213,213,230,243,243,260,270,270,270,270,280,280,294,294,294],"floor_reached":33,"playtime":1919,"items_purged":["Regret"],"score":418,"play_id":"a6f11a4d-bad3-4485-800c-2dbf4f672d03","local_time":"20190410215539","is_ascension_mode":true,"campfire_choices":[{"data":"Conserve Battery","floor":6,"key":"SMITH"},{"data":"Echo Form","floor":11,"key":"SMITH"},{"data":"Leap","floor":15,"key":"SMITH"},{"data":"Zap","floor":23,"key":"SMITH"},{"floor":28,"key":"REST"},{"data":"Capacitor","floor":30,"key":"SMITH"},{"floor":32,"key":"REST"}],"neow_cost":"NONE","seed_source_timestamp":708856109800,"circlet_count":0,"master_deck":["Strike_B","Strike_B","Strike_B+1","Strike_B+1","Defend_B","Defend_B","Defend_B","Defend_B","Zap+1","Dualcast","Hello World","Conserve Battery+1","Echo Form+1","Leap+1","All For One","Conserve Battery+1","Capacitor+1","Stack+1","Conserve Battery+1"],"relics":["Cracked Core","NeowsBlessing","Omamori","Pen Nib","Bottled Tornado","Bag of Preparation","Anchor","Whetstone","Busted Crown","Toxic Egg 2","Vajra"],"potions_floor_usage":[18,22,25,27],"damage_taken":[{"damage":0,"enemies":"Small Slimes","floor":1,"turns":1},{"damage":0,"enemies":"2 Louse","floor":4,"turns":1},{"damage":2,"enemies":"3 Sentries","floor":7,"turns":2},{"damage":15,"enemies":"Lagavulin","floor":12,"turns":6},{"damage":0,"enemies":"Hexaghost","floor":16,"turns":10},{"damage":20,"enemies":"3 Byrds","floor":18,"turns":6},{"damage":4,"enemies":"Shell Parasite","floor":21,"turns":4},{"damage":4,"enemies":"Shelled Parasite and Fungi","floor":22,"turns":5},{"damage":16,"enemies":"Centurion and Healer","floor":24,"turns":8},{"damage":4,"enemies":"Snake Plant","floor":25,"turns":5},{"damage":0,"enemies":"Slavers","floor":27,"turns":1},{"damage":3,"enemies":"3 Cultists","floor":29,"turns":5},{"damage":20,"enemies":"Centurion and Healer","floor":31,"turns":8},{"damage":49,"enemies":"Collector","floor":33,"turns":5}],"seed_played":"-2949064019567156590","potions_obtained":[{"floor":12,"key":"AttackPotion"},{"floor":18,"key":"SmokeBomb"},{"floor":21,"key":"SkillPotion"},{"floor":24,"key":"Weak Potion"},{"floor":25,"key":"FearPotion"}],"is_trial":false,"path_per_floor":["M","?","?","M","?","R","E","?","T","$","R","E","$","?","R","B",null,"M","$","?","M","M","R","M","M","T","E","R","M","R","M","R","B"],"character_chosen":"DEFECT","items_purchased":["Anchor","Toxic Egg 2"],"campfire_rested":2,"item_purchase_floors":[10,19],"current_hp_per_floor":[75,75,75,75,72,72,70,59,59,59,59,44,44,44,44,44,75,55,55,55,51,47,47,31,27,27,27,49,46,46,26,48,0],"gold":294,"neow_bonus":"THREE_ENEMY_KILL","is_prod":false,"is_daily":false,"chose_seed":false,"campfire_upgraded":5,"win_rate":0,"timestamp":1554947739,"path_taken":["M","?","?","M","?","R","E","?","T","$","R","E","?","?","R","BOSS","M","?","?","M","?","R","M","M","T","E","R","M","R","M","R","BOSS"],"build_version":"2019-01-23","purchased_purges":1,"victory":false,"max_hp_per_floor":[75,75,75,75,75,75,75,75,75,75,75,75,75,75,75,75,75,75,75,75,75,75,75,75,75,75,75,75,75,75,75,75,75],"card_choices":[{"not_picked":["Stack","Beam Cell"],"picked":"Hello World","floor":1},{"not_picked":["Sweeping Beam","Stack"],"picked":"Conserve Battery","floor":4},{"not_picked":["Redo","Steam"],"picked":"Echo Form","floor":7},{"not_picked":["Tempest","Gash"],"picked":"Leap","floor":12},{"not_picked":["Thunder Strike","Buffer"],"picked":"All For One","floor":16},{"not_picked":["Streamline"],"picked":"SKIP","floor":18},{"not_picked":[],"picked":"Capacitor","floor":21},{"not_picked":["Skim+1"],"picked":"SKIP","floor":22},{"not_picked":[],"picked":"Stack+1","floor":24},{"not_picked":["Turbo+1"],"picked":"SKIP","floor":25},{"not_picked":["Redo+1"],"picked":"SKIP","floor":29},{"not_picked":[],"picked":"Conserve Battery+1","floor":31}],"player_experience":315388,"relics_obtained":[{"floor":7,"key":"Bottled Tornado"},{"floor":9,"key":"Bag of Preparation"},{"floor":12,"key":"Whetstone"},{"floor":26,"key":"Vajra"}],"event_choices":[{"damage_healed":0,"gold_gain":0,"player_choice":"Leave","damage_taken":0,"max_hp_gain":0,"max_hp_loss":0,"event_name":"The Cleric","floor":2,"gold_loss":0},{"damage_healed":0,"gold_gain":0,"player_choice":"Box","damage_taken":0,"relics_obtained":["Omamori"],"max_hp_gain":0,"max_hp_loss":0,"event_name":"Big Fish","floor":3,"gold_loss":0,"cards_obtained":["Regret"]},{"damage_healed":0,"gold_gain":0,"player_choice":"Success","damage_taken":3,"relics_obtained":["Pen Nib"],"max_hp_gain":0,"max_hp_loss":0,"event_name":"Scrap Ooze","floor":5,"gold_loss":0},{"damage_healed":0,"gold_gain":75,"player_choice":"Gather Gold","damage_taken":11,"max_hp_gain":0,"max_hp_loss":0,"event_name":"World of Goop","floor":8,"gold_loss":0},{"damage_healed":0,"gold_gain":275,"player_choice":"Desecrate","damage_taken":0,"max_hp_gain":0,"max_hp_loss":0,"event_name":"Golden Shrine","floor":14,"gold_loss":0,"cards_obtained":["Regret"]},{"damage_healed":0,"gold_gain":0,"player_choice":"Copied","damage_taken":0,"max_hp_gain":0,"max_hp_loss":0,"event_name":"Duplicator","floor":20,"gold_loss":0,"cards_obtained":["Conserve Battery"]}],"is_beta":false,"boss_relics":[{"not_picked":["Orrery","Eternal Feather"],"picked":"Busted Crown"}],"items_purged_floors":[10],"is_endless":false,"potions_floor_spawned":[12,18,21,24,25],"killed_by":"Collector","ascension_level":4}