{"path_per_floor":["M","?","?","M","M","E","M","$","T","M","M","M","M","M","R","B",null,"M","?","?","M","M","R","?","$","T","M","M","M","M","M","R"],"character_chosen":"IRONCLAD","items_purchased":["Armaments","Regen Potion","Shrug It Off"],"gold_per_floor":[116,116,116,129,145,176,186,34,34,53,63,34,45,58,58,153,153,119,34,34,50,64,64,64,18,45,63,74,84,103,121,121],"floor_reached":33,"campfire_rested":2,"playtime":4699,"current_hp_per_floor":[71,71,71,69,63,30,21,21,21,21,24,18,23,14,38,21,80,56,56,56,30,11,11,37,37,37,42,15,17,15,18,42],"items_purged":["Defend_R"],"gold":121,"play_id":"c9056a84-fe9d-4acb-929d-2d8edc54893a","is_prod":false,"is_daily":false,"campfire_rituals":0,"campfire_upgraded":1,"is_hardmode":false,"path_taken":["M","?","?","M","M","E","M","$","T","M","M","M","M","M","R","BOSS","M","?","?","M","M","R","?","$","T","M","M","M","M","M","R","BOSS"],"build_version":"2018-01-11-PROD2","purchased_purges":1,"victory":false,"master_deck":["Strike_R","Strike_R","Strike_R","Defend_R","Defend_R","Bash","Rage","Barricade","Blood for Blood","Pommel Strike","Flex","Armaments","Bloodletting","Metallicize","Pommel Strike","Second Wind","Battle Trance","Impervious","Disarm","Rage","Seeing Red","True Grit","Burning Pact","Combust","Shrug It Off","Bludgeon","Reckless Charge","Rampage"],"max_hp_per_floor":[80,80,80,80,80,80,80,80,80,80,80,80,80,80,80,80,80,80,80,80,80,80,80,80,80,80,80,80,80,80,80,80],"relics":["Burning Blood","Torii","Pantograph","Astrolabe","Mercury Hourglass","Anchor"],"campfire_meditates":0,"card_choices":[{"not_picked":["Pommel Strike","Body Slam"],"picked":"Rage"},{"not_picked":["Clash","Armaments"],"picked":"Barricade"},{"not_picked":["Perfected Strike","Power Through"],"picked":"Blood for Blood"},{"not_picked":["Juggernaut","Clothesline"],"picked":"Pommel Strike"},{"not_picked":["Sword Boomerang","Perfected Strike"],"picked":"Flex"},{"not_picked":["Power Through","Dual Wield"],"picked":"Bloodletting"},{"not_picked":["Iron Wave","Warcry"],"picked":"Metallicize"},{"not_picked":["Whirlwind","Sword Boomerang"],"picked":"Pommel Strike"},{"not_picked":["Inflame","Warcry"],"picked":"Second Wind"},{"not_picked":["True Grit","Rupture"],"picked":"Battle Trance"},{"not_picked":["Barricade","Brutality"],"picked":"Impervious"},{"not_picked":["Cleave","Combust"],"picked":"True Grit"},{"not_picked":["Dual Wield","Feel No Pain"],"picked":"Burning Pact"},{"not_picked":["Corruption","Rupture"],"picked":"Combust"},{"not_picked":["Armaments","Uppercut"],"picked":"Bludgeon"},{"not_picked":["Dropkick","Flame Barrier"],"picked":"Reckless Charge"},{"not_picked":["Armaments","Warcry"],"picked":"Rampage"}],"player_experience":0,"potions_floor_usage":[6,10,11,12,31],"damage_taken":[{"damage":15.0,"enemies":"2 Louse","floor":1.0,"turns":4.0},{"damage":8.0,"enemies":"Jaw Worm","floor":4.0,"turns":4.0},{"damage":12.0,"enemies":"Blue Slaver","floor":5.0,"turns":6.0},{"damage":39,"enemies":"Lagavulin","floor":6,"turns":12},{"damage":15,"enemies":"Large Slime","floor":7,"turns":8},{"damage":18,"enemies":"Red Slaver","floor":10,"turns":6},{"damage":3,"enemies":"Looter","floor":11,"turns":3},{"damage":12,"enemies":"Exordium Thugs","floor":12,"turns":5},{"damage":1,"enemies":"Large Slime","floor":13,"turns":6},{"damage":15,"enemies":"3 Louse","floor":14,"turns":2},{"damage":48,"enemies":"The Guardian","floor":16,"turns":17},{"damage":30,"enemies":"2 Thieves","floor":18,"turns":5},{"damage":32,"enemies":"3 Byrds","floor":21,"turns":6},{"damage":25,"enemies":"3 Cultists","floor":22,"turns":8},{"damage":1,"enemies":"Snecko","floor":27,"turns":9},{"damage":33,"enemies":"Sentry and Sphere","floor":28,"turns":7},{"damage":4,"enemies":"Centurion and Healer","floor":29,"turns":8},{"damage":8,"enemies":"Snake Plant","floor":30,"turns":3},{"damage":12,"enemies":"Snecko","floor":31,"turns":7},{"damage":68,"enemies":"Champ","floor":33,"turns":21}],"event_choices":[{"event_name":"Liars Game","player_choice":"disagreed","floor":2.0,"damage_taken":0.0},{"event_name":"Upgrade Shrine","player_choice":"Upgraded","floor":3.0,"damage_taken":0.0},{"event_name":"Addict","player_choice":"Obtained Relic","floor":19,"damage_taken":0},{"event_name":"The Mausoleum","player_choice":"No","floor":20,"damage_taken":0},{"event_name":"The Library","player_choice":"Heal","floor":24,"damage_taken":0}],"boss_relics":[{"not_picked":["Black Blood","Runic Cube"],"picked":"Astrolabe"}],"potions_floor_spawned":[5,6,7,13,21,22,27],"seed_played":"8410289197139524530","killed_by":"Champ","is_trial":false}