{"gold_per_floor":[368,11,26,37,37,76,76,95,95,95,108,123,123,123,123,253,253,278,278,316,316,31,67,67,67,67,67,98,98,116,241,241,241],"floor_reached":33,"playtime":1939,"items_purged":["Injury"],"score":447,"play_id":"c95b2082-ffb8-4aa0-ba3d-fbecff0cfa05","local_time":"20190409214715","is_ascension_mode":true,"campfire_choices":[{"floor":7.0,"key":"REST"},{"floor":10.0,"key":"REST"},{"floor":13.0,"key":"REST"},{"floor":15.0,"key":"REST"},{"data":"Prepared","floor":24.0,"key":"SMITH"},{"data":"Noxious Fumes","floor":27.0,"key":"SMITH"},{"floor":29.0,"key":"REST"},{"data":"Concentrate","floor":32,"key":"SMITH"}],"neow_cost":"PERCENT_DAMAGE","seed_source_timestamp":2378301434437232,"circlet_count":0,"master_deck":["AscendersBane","Survivor","Neutralize","Dagger Throw+1","Noxious Fumes+1","Dagger Throw","Distraction","Backflip","Bane","Eviscerate","Prepared+1","Crippling Poison","Unload","Eviscerate","Glass Knife","After Image","Blade Dance","Choke","Eviscerate","Predator","Adrenaline","PiercingWail","Accuracy","Dodge and Roll+1","Bite","Bite","Bite","Bite","Bite","Infinite Blades+1","Cloak And Dagger","Flying Knee+1","Heel Hook+1","Concentrate+1"],"special_seed":0,"relics":["Ring of the Snake","Gremlin Horn","Golden Idol","Regal Pillow","Centennial Puzzle","Pandora\u0027s Box","Red Mask","Vajra","TwistedFunnel","Pantograph","Pear","Ancient Tea Set","Shovel","Bottled Flame"],"potions_floor_usage":[33],"damage_taken":[{"damage":0.0,"enemies":"Small Slimes","floor":1.0,"turns":4.0},{"damage":4.0,"enemies":"Jaw Worm","floor":3.0,"turns":4.0},{"damage":0.0,"enemies":"2 Louse","floor":4.0,"turns":2.0},{"damage":25.0,"enemies":"3 Sentries","floor":6.0,"turns":7.0},{"damage":19.0,"enemies":"Large Slime","floor":8.0,"turns":6.0},{"damage":35.0,"enemies":"Exordium Thugs","floor":11.0,"turns":6.0},{"damage":18.0,"enemies":"3 Louse","floor":12.0,"turns":3.0},{"damage":62.0,"enemies":"The Guardian","floor":16.0,"turns":14.0},{"damage":8.0,"enemies":"Chosen","floor":18.0,"turns":4.0},{"damage":17.0,"enemies":"Masked Bandits","floor":20.0,"turns":3.0},{"damage":13.0,"enemies":"Slavers","floor":23.0,"turns":5.0},{"damage":20.0,"enemies":"Book of Stabbing","floor":28.0,"turns":6.0},{"damage":0.0,"enemies":"Spheric Guardian","floor":30.0,"turns":1.0},{"damage":16.0,"enemies":"Colosseum Slavers","floor":31.0,"turns":4.0},{"damage":20.0,"enemies":"Colosseum Nobs","floor":31.0,"turns":4.0},{"damage":71,"enemies":"Champ","floor":33,"turns":7}],"seed_played":"-6774254653984413966","potions_obtained":[{"floor":1.0,"key":"Block Potion"},{"floor":3.0,"key":"PowerPotion"},{"floor":11.0,"key":"SpeedPotion"},{"floor":12.0,"key":"FearPotion"},{"floor":16.0,"key":"Strength Potion"},{"floor":23.0,"key":"Weak Potion"},{"floor":31.0,"key":"Block Potion"}],"is_trial":false,"path_per_floor":["M","$","M","M","?","E","R","M","T","R","M","M","R","?","R","B",null,"M","?","?","T","$","E","R","?","T","R","E","R","M","?","R","B"],"character_chosen":"THE_SILENT","items_purchased":["Gremlin Horn","Noxious Fumes","Dagger Throw","TwistedFunnel"],"campfire_rested":5,"item_purchase_floors":[2,2,2,22],"current_hp_per_floor":[45,45,41,41,41,16,52,33,33,69,34,16,52,38,70,8,55,47,47,32,32,32,27,27,27,37,37,19,51,53,27,27,0],"gold":241,"neow_bonus":"TWO_FIFTY_GOLD","is_prod":false,"is_daily":false,"chose_seed":false,"campfire_upgraded":3,"win_rate":0,"timestamp":1554871635,"path_taken":["M","$","M","M","?","E","R","M","T","R","M","M","R","?","R","BOSS","M","?","?","?","?","E","R","?","T","R","E","R","M","?","R","BOSS"],"build_version":"2019-01-23","purchased_purges":1,"victory":false,"max_hp_per_floor":[70,70,70,70,70,70,70,70,70,70,70,70,70,70,70,70,70,70,49,49,49,49,49,49,49,59,59,59,59,59,59,59,59],"card_choices":[{"not_picked":["Bane","Prepared"],"picked":"Dagger Throw","floor":1.0},{"not_picked":["Predator","Acrobatics"],"picked":"Distraction","floor":3.0},{"not_picked":["Underhanded Strike","Quick Slash"],"picked":"Backflip","floor":4.0},{"not_picked":["Storm of Steel","Dodge and Roll"],"picked":"Bane","floor":6.0},{"not_picked":["Deadly Poison","Prepared"],"picked":"Eviscerate","floor":8.0},{"not_picked":["Dagger Spray","Deadly Poison"],"picked":"Prepared","floor":11.0},{"not_picked":["Dagger Throw","Footwork"],"picked":"Crippling Poison","floor":12.0},{"not_picked":["Doppelganger","Venomology"],"picked":"Unload","floor":16.0},{"not_picked":["Cloak And Dagger","Dagger Throw"],"picked":"Dodge and Roll+1","floor":18.0},{"not_picked":["Backflip","Outmaneuver+1"],"picked":"Infinite Blades+1","floor":20.0},{"not_picked":["Dagger Throw","Infinite Blades"],"picked":"Cloak And Dagger","floor":23.0},{"not_picked":["All Out Attack","Backstab"],"picked":"Flying Knee+1","floor":28.0},{"not_picked":["Backstab","Prepared"],"picked":"Heel Hook+1","floor":30.0},{"not_picked":["Blade Dance","Dagger Spray+1"],"picked":"Concentrate","floor":31.0}],"player_experience":529417,"relics_obtained":[{"floor":6.0,"key":"Regal Pillow"},{"floor":9.0,"key":"Centennial Puzzle"},{"floor":20.0,"key":"Red Mask"},{"floor":21.0,"key":"Vajra"},{"floor":23.0,"key":"Pantograph"},{"floor":26.0,"key":"Pear"},{"floor":28.0,"key":"Ancient Tea Set"},{"floor":31.0,"key":"Shovel"},{"floor":31.0,"key":"Bottled Flame"}],"event_choices":[{"damage_healed":0.0,"max_hp_gain":0.0,"max_hp_loss":0.0,"gold_gain":0.0,"event_name":"Golden Idol","player_choice":"Take Wound","floor":5.0,"gold_loss":0.0,"damage_taken":0.0,"relics_obtained":["Golden Idol"],"cards_obtained":["Injury"]},{"damage_healed":0.0,"max_hp_gain":0.0,"max_hp_loss":0.0,"gold_gain":0.0,"event_name":"Shining Light","player_choice":"Entered Light","floor":14.0,"gold_loss":0.0,"damage_taken":14.0,"cards_upgraded":["Defend_G","Dagger Throw"]},{"damage_healed":0.0,"max_hp_gain":0.0,"max_hp_loss":21.0,"gold_gain":0.0,"event_name":"Vampires","player_choice":"Became a vampire","floor":19.0,"gold_loss":0.0,"damage_taken":0.0,"cards_obtained":["Bite","Bite","Bite","Bite","Bite"]},{"damage_healed":0.0,"max_hp_gain":0.0,"max_hp_loss":0.0,"gold_gain":0.0,"event_name":"Masked Bandits","player_choice":"Fought Bandits","floor":20.0,"gold_loss":0.0,"damage_taken":0.0},{"damage_healed":0.0,"max_hp_gain":0.0,"max_hp_loss":0.0,"gold_gain":0.0,"event_name":"Beggar","player_choice":"Ignored","floor":25.0,"gold_loss":0.0,"damage_taken":0.0},{"damage_healed":0.0,"max_hp_gain":0.0,"max_hp_loss":0.0,"gold_gain":0.0,"event_name":"Colosseum","player_choice":"Fight","floor":31.0,"gold_loss":0.0,"damage_taken":0.0},{"damage_healed":0.0,"max_hp_gain":0.0,"max_hp_loss":0.0,"gold_gain":0.0,"event_name":"Colosseum","player_choice":"Fought Nobs","floor":31.0,"gold_loss":0.0,"damage_taken":0.0}],"is_beta":false,"boss_relics":[{"not_picked":["Orrery","Lizard Tail"],"picked":"Pandora\u0027s Box"}],"items_purged_floors":[22],"is_endless":false,"potions_floor_spawned":[1,3,11,12,16,23,31],"killed_by":"Champ","ascension_level":10}