{"gold_per_floor":[363,377,377,393,393,393,424,44,70,97,97,116,47,59,59,154,154,167,167,167,178,197,231,231,231],"floor_reached":25,"playtime":4971,"items_purged":["Pain"],"score":268,"play_id":"13641ee4-4c66-4934-b5dc-fd4d8cf35f96","local_time":"20180921191645","is_ascension_mode":true,"campfire_choices":[{"data":"Zap","floor":6.0,"key":"SMITH"},{"floor":15.0,"key":"REST"}],"neow_cost":"CURSE","seed_source_timestamp":0,"circlet_count":0,"master_deck":["Strike_B","Defend_B","Defend_B","Defend_B","Defend_B","Zap+1","Dualcast","Glacier","Sweeping Beam","Gash","Conserve Battery","Buffer","Scrape","Biased Cognition","Hologram","Go for the Eyes"],"special_seed":0,"relics":["Cracked Core","Singing Bowl","Juzu Bracelet","Torii","Strawberry","Pen Nib","Empty Cage","Omamori","Centennial Puzzle","Regal Pillow"],"potions_floor_usage":[23,25],"damage_taken":[{"damage":18.0,"enemies":"Jaw Worm","floor":1.0,"turns":4.0},{"damage":6.0,"enemies":"Small Slimes","floor":2.0,"turns":5.0},{"damage":4.0,"enemies":"Cultist","floor":4.0,"turns":3.0},{"damage":18.0,"enemies":"Gremlin Nob","floor":7.0,"turns":4.0},{"damage":22.0,"enemies":"Lagavulin","floor":10.0,"turns":7.0},{"damage":9.0,"enemies":"Exordium Thugs","floor":12.0,"turns":4.0},{"damage":0.0,"enemies":"Looter","floor":14.0,"turns":4.0},{"damage":20.0,"enemies":"Slime Boss","floor":16.0,"turns":10.0},{"damage":10.0,"enemies":"3 Byrds","floor":18.0,"turns":6.0},{"damage":0,"enemies":"Chosen","floor":21,"turns":6},{"damage":19,"enemies":"Centurion and Healer","floor":22,"turns":15},{"damage":47,"enemies":"Book of Stabbing","floor":23,"turns":9},{"damage":21,"enemies":"Slavers","floor":25,"turns":1}],"seed_played":"1688925192874280258","potions_obtained":[{"floor":2.0,"key":"PowerPotion"},{"floor":7.0,"key":"Energy Potion"},{"floor":12.0,"key":"SteroidPotion"},{"floor":14.0,"key":"Strength Potion"},{"floor":16.0,"key":"FearPotion"},{"floor":21,"key":"Ancient Potion"}],"is_trial":false,"path_per_floor":["M","M","?","M","T","R","E","$","T","E","?","M","$","M","R","B",null,"M","?","?","M","M","E","T"],"character_chosen":"DEFECT","items_purchased":["Torii","Buffer"],"campfire_rested":1,"item_purchase_floors":[8,13],"current_hp_per_floor":[57,51,56,52,52,52,34,34,41,21,21,14,14,14,41,21,91,83,83,83,85,68,21,21,0],"gold":231,"neow_bonus":"TWO_FIFTY_GOLD","is_prod":false,"is_daily":false,"chose_seed":false,"campfire_upgraded":1,"win_rate":0,"timestamp":1537550205,"path_taken":["M","M","?","?","?","R","E","$","T","E","?","M","$","M","R","BOSS","M","?","?","M","M","E","?","E"],"build_version":"2018-09-20","purchased_purges":1,"victory":false,"max_hp_per_floor":[75,75,80,80,80,80,80,80,87,89,89,91,91,91,91,91,91,93,93,93,95,97,97,97,97],"card_choices":[{"not_picked":["FTL","Rebound"],"picked":"Glacier","floor":1.0},{"not_picked":["Rebound","Ball Lightning"],"picked":"Sweeping Beam","floor":2.0},{"not_picked":["Cold Snap","Hologram"],"picked":"Gash","floor":4.0},{"not_picked":["Coolheaded","Redo"],"picked":"Conserve Battery","floor":7.0},{"not_picked":["Cold Snap","Stack","Rebound"],"picked":"Singing Bowl","floor":10.0},{"not_picked":["Sunder","Chaos","Compile Driver"],"picked":"Singing Bowl","floor":12.0},{"not_picked":["Conserve Battery","Blizzard"],"picked":"Scrape","floor":14.0},{"not_picked":["Reboot","Hyperbeam"],"picked":"Biased Cognition","floor":16.0},{"not_picked":["Coolheaded+1","Double Energy+1","Glacier"],"picked":"Singing Bowl","floor":18},{"not_picked":["Darkness","Steam","Streamline"],"picked":"Singing Bowl","floor":21},{"not_picked":["Force Field","Hologram","Streamline+1"],"picked":"Singing Bowl","floor":22},{"not_picked":["Storm","Coolheaded+1"],"picked":"Go for the Eyes","floor":23}],"player_experience":118713,"relics_obtained":[{"floor":5.0,"key":"Singing Bowl"},{"floor":7.0,"key":"Juzu Bracelet"},{"floor":9.0,"key":"Strawberry"},{"floor":10.0,"key":"Pen Nib"},{"floor":23,"key":"Centennial Puzzle"},{"floor":24,"key":"Regal Pillow"}],"event_choices":[{"event_name":"Big Fish","player_choice":"Donut","floor":3.0,"damage_taken":0.0},{"event_name":"Shining Light","player_choice":"Ignored","floor":11.0,"damage_taken":0.0},{"event_name":"Transmorgrifier","player_choice":"Transform","floor":19,"damage_taken":0},{"event_name":"WeMeetAgain","player_choice":"Potion","floor":20,"damage_taken":0}],"is_beta":true,"boss_relics":[{"not_picked":["Coffee Dripper","Snecko Eye"],"picked":"Empty Cage"}],"items_purged_floors":[8],"is_endless":false,"potions_floor_spawned":[2,7,12,14,16,21],"killed_by":"Slavers","ascension_level":1}