{"gold_per_floor":[117,117,117,37,55,98,98,132,185,203,48,64,105,130,130,219,219,244,67,117,138,138,138,173,173,200,59,78,96,111,125,125,223,223,242,242,242,242,266,310,310,328,399,433,456,470,470,501,501,501,501,501,501,116,149,149],"floor_reached":57,"playtime":3071,"items_purged":["Strike_B","Zap+1"],"score":3114,"play_id":"f171d27b-832a-43ef-972e-581e3214a121","local_time":"20190411214937","is_ascension_mode":true,"campfire_choices":[{"data":"Zap","floor":7.0,"key":"SMITH"},{"data":"Dualcast","floor":15.0,"key":"SMITH"},{"data":"Turbo","floor":23.0,"key":"SMITH"},{"floor":32.0,"key":"REST"},{"data":"Hologram","floor":41.0,"key":"SMITH"},{"floor":47.0,"key":"RECALL"},{"data":"Double Energy","floor":49.0,"key":"SMITH"},{"data":"Fusion","floor":53.0,"key":"SMITH"}],"neow_cost":"NONE","seed_source_timestamp":0,"circlet_count":0,"master_deck":["AscendersBane","Dualcast+1","Turbo+1","Skim+1","Compile Driver+1","Buffer+1","Core Surge+1","Heatsinks+1","BootSequence+1","Recycle+1","Meteor Strike+1","Rainbow+1","Tempest+1","Reinforced Body+1","Buffer+1","Chaos+1","Consume+1","Stack+1","Glacier+1","Capacitor+1","Coolheaded+1","Auto Shields+1","Hologram+1","Loop+1","Thunder Strike+1","Multi-Cast+1","Hologram+1","Go for the Eyes+1","Fusion+1","Double Energy+1"],"special_seed":0,"relics":["Cracked Core","NeowsBlessing","Golden Idol","Omamori","Pen Nib","DataDisk","Ancient Tea Set","Pandora\u0027s Box","Darkstone Periapt","Art of War","Snecko Eye","Mark of the Bloom","Bottled Flame","Mercury Hourglass","Oddly Smooth Stone","Dodecahedron","Medical Kit","Pantograph"],"potions_floor_usage":[56],"damage_taken":[{"damage":0.0,"enemies":"2 Louse","floor":1.0,"turns":1.0},{"damage":0.0,"enemies":"Small Slimes","floor":5.0,"turns":1.0},{"damage":0.0,"enemies":"Gremlin Nob","floor":6.0,"turns":1.0},{"damage":15.0,"enemies":"Lagavulin","floor":8.0,"turns":6.0},{"damage":2.0,"enemies":"Jaw Worm","floor":10.0,"turns":3.0},{"damage":9.0,"enemies":"Red Slaver","floor":12.0,"turns":2.0},{"damage":10.0,"enemies":"3 Sentries","floor":13.0,"turns":3.0},{"damage":2.0,"enemies":"3 Louse","floor":14.0,"turns":3.0},{"damage":25.0,"enemies":"Hexaghost","floor":16.0,"turns":7.0},{"damage":22.0,"enemies":"2 Thieves","floor":18.0,"turns":4.0},{"damage":0.0,"enemies":"Spheric Guardian","floor":21.0,"turns":4.0},{"damage":10.0,"enemies":"Colosseum Slavers","floor":22.0,"turns":4.0},{"damage":19.0,"enemies":"Slavers","floor":24.0,"turns":5.0},{"damage":2.0,"enemies":"Shelled Parasite and Fungi","floor":28.0,"turns":6.0},{"damage":0.0,"enemies":"Snecko","floor":29.0,"turns":4.0},{"damage":0.0,"enemies":"Snake Plant","floor":30.0,"turns":6.0},{"damage":0.0,"enemies":"Cultist and Chosen","floor":31.0,"turns":6.0},{"damage":25.0,"enemies":"Automaton","floor":33.0,"turns":10.0},{"damage":0.0,"enemies":"Orb Walker","floor":35.0,"turns":3.0},{"damage":0.0,"enemies":"3 Shapes","floor":39.0,"turns":3.0},{"damage":0.0,"enemies":"Giant Head","floor":40.0,"turns":5.0},{"damage":0.0,"enemies":"Transient","floor":42.0,"turns":6.0},{"damage":0.0,"enemies":"Nemesis","floor":44.0,"turns":5.0},{"damage":0.0,"enemies":"3 Darklings","floor":45.0,"turns":4.0},{"damage":0.0,"enemies":"Maw","floor":46.0,"turns":5.0},{"damage":0.0,"enemies":"Giant Head","floor":48.0,"turns":4.0},{"damage":0.0,"enemies":"Awakened One","floor":50.0,"turns":7.0},{"damage":0.0,"enemies":"Donu and Deca","floor":51.0,"turns":7.0},{"damage":13.0,"enemies":"Shield and Spear","floor":55.0,"turns":5.0},{"damage":20,"enemies":"The Heart","floor":56,"turns":13}],"seed_played":"-2000123825986074495","potions_obtained":[{"floor":8.0,"key":"Strength Potion"},{"floor":10.0,"key":"AttackPotion"},{"floor":12.0,"key":"FocusPotion"},{"floor":16.0,"key":"EssenceOfSteel"},{"floor":21.0,"key":"Regen Potion"},{"floor":24.0,"key":"AttackPotion"},{"floor":28.0,"key":"Fruit Juice"},{"floor":29.0,"key":"Poison Potion"},{"floor":44.0,"key":"SpeedPotion"},{"floor":45.0,"key":"Regen Potion"},{"floor":46.0,"key":"Strength Potion"}],"is_trial":false,"path_per_floor":["M","?","?","$","M","E","R","E","T","M","$","M","E","M","R","B",null,"M","$","?","M","?","R","E","?","T","$","M","M","M","M","R","B",null,"M","?","?","T","M","E","R","M","T","E","M","M","R","E","R","B","B",null,"R","$","E","B",null],"character_chosen":"DEFECT","items_purchased":["Skim","Heatsinks","Glacier","Capacitor","Energy Potion","Hologram","Ancient Potion","Medical Kit","AttackPotion"],"campfire_rested":1,"item_purchase_floors":[4,11,19,19,19,27,27,54,54],"current_hp_per_floor":[64,64,64,64,64,64,64,49,49,47,47,38,28,26,26,1,48,26,26,26,26,28,28,9,9,9,9,12,12,12,12,32,7,54,54,54,54,54,54,54,54,54,54,54,54,54,54,54,54,54,54,54,54,54,41,21],"gold":149,"neow_bonus":"THREE_ENEMY_KILL","is_prod":false,"is_daily":false,"chose_seed":false,"campfire_upgraded":6,"win_rate":0,"timestamp":1554990577,"path_taken":["M","?","?","$","M","E","R","E","T","M","?","?","E","M","R","BOSS","M","$","?","?","?","R","E","?","T","$","M","M","?","M","R","BOSS","M","?","?","?","M","E","R","?","T","E","M","M","R","E","R","BOSS","BOSS","R","$","E","BOSS"],"build_version":"2019-01-23","purchased_purges":2,"victory":true,"max_hp_per_floor":[71,71,64,64,64,64,64,64,64,64,64,64,64,64,64,64,64,64,64,64,64,64,64,64,64,64,64,69,69,69,69,69,69,69,69,69,69,69,69,69,69,69,69,69,69,69,69,69,69,69,69,69,69,69,69,69],"card_choices":[{"not_picked":["Rebound","Stack"],"picked":"Turbo","floor":1.0},{"not_picked":["Barrage","Hologram"],"picked":"Compile Driver","floor":5.0},{"not_picked":["Redo","Streamline"],"picked":"Buffer","floor":6.0},{"not_picked":["Beam Cell","Compile Driver"],"picked":"Core Surge","floor":8.0},{"not_picked":["Aggregate","Sweeping Beam"],"picked":"Ball Lightning","floor":10.0},{"not_picked":["Streamline","Sweeping Beam"],"picked":"BootSequence","floor":12.0},{"not_picked":["Streamline","Leap","Lockon"],"picked":"SKIP","floor":13.0},{"not_picked":["Compile Driver","Leap"],"picked":"Recycle","floor":14.0},{"not_picked":["Electrodynamics","Reboot"],"picked":"Meteor Strike","floor":16.0},{"not_picked":["Barrage","Redo"],"picked":"Stack+1","floor":18.0},{"not_picked":["Go for the Eyes","Rip and Tear"],"picked":"Coolheaded","floor":21.0},{"not_picked":["Ball Lightning","Force Field","Recycle"],"picked":"SKIP","floor":24.0},{"not_picked":["Steam","Streamline","Storm"],"picked":"SKIP","floor":28.0},{"not_picked":["BootSequence+1","Blizzard"],"picked":"Loop","floor":29.0},{"not_picked":["Scrape","Redo+1"],"picked":"Thunder Strike","floor":30.0},{"not_picked":["Storm","Stack","Compile Driver"],"picked":"SKIP","floor":31.0},{"not_picked":["Amplify","Creative AI"],"picked":"Multi-Cast","floor":33.0},{"not_picked":["Stack","Genetic Algorithm","Force Field"],"picked":"SKIP","floor":35.0},{"not_picked":["Sweeping Beam","Steam","Rebound"],"picked":"SKIP","floor":39.0},{"not_picked":["Compile Driver","Ball Lightning"],"picked":"Hologram","floor":40.0},{"not_picked":["Turbo","Chaos"],"picked":"Go for the Eyes+1","floor":42.0},{"not_picked":["Go for the Eyes","BootSequence+1","Conserve Battery"],"picked":"SKIP","floor":44.0},{"not_picked":["Sweeping Beam","Darkness","Ball Lightning"],"picked":"SKIP","floor":45.0},{"not_picked":["Gash","Leap"],"picked":"Fusion","floor":46.0},{"not_picked":["Ball Lightning","Go for the Eyes"],"picked":"Double Energy","floor":48.0},{"not_picked":["Self Repair","Hello World","Sweeping Beam"],"picked":"SKIP","floor":55.0}],"player_experience":1364506,"relics_obtained":[{"floor":6.0,"key":"Omamori"},{"floor":8.0,"key":"Pen Nib"},{"floor":9.0,"key":"DataDisk"},{"floor":13.0,"key":"Ancient Tea Set"},{"floor":24.0,"key":"Darkstone Periapt"},{"floor":26.0,"key":"Art of War"},{"floor":38.0,"key":"Bottled Flame"},{"floor":40.0,"key":"Mercury Hourglass"},{"floor":44.0,"key":"Oddly Smooth Stone"},{"floor":48.0,"key":"Dodecahedron"},{"floor":55.0,"key":"Pantograph"}],"event_choices":[{"damage_healed":0.0,"max_hp_gain":0.0,"max_hp_loss":0.0,"gold_gain":0.0,"cards_transformed":["Strike_B"],"event_name":"Living Wall","player_choice":"Change","floor":2.0,"gold_loss":0.0,"damage_taken":0.0,"cards_obtained":["Doom and Gloom"]},{"damage_healed":0.0,"max_hp_gain":0.0,"max_hp_loss":7.0,"gold_gain":0.0,"event_name":"Golden Idol","player_choice":"Lose Max HP","floor":3.0,"gold_loss":0.0,"damage_taken":0.0,"relics_obtained":["Golden Idol"]},{"damage_healed":0.0,"max_hp_gain":0.0,"max_hp_loss":0.0,"gold_gain":100.0,"event_name":"The Joust","player_choice":"Bet on Murderer","floor":20.0,"gold_loss":50.0,"damage_taken":0.0},{"damage_healed":0.0,"max_hp_gain":0.0,"max_hp_loss":0.0,"gold_gain":0.0,"event_name":"Colosseum","player_choice":"Fight","floor":22.0,"gold_loss":0.0,"damage_taken":0.0},{"damage_healed":0.0,"max_hp_gain":0.0,"max_hp_loss":0.0,"gold_gain":0.0,"event_name":"Colosseum","player_choice":"Fled From Nobs","floor":22.0,"gold_loss":0.0,"damage_taken":0.0},{"damage_healed":0.0,"max_hp_gain":0.0,"max_hp_loss":0.0,"gold_gain":0.0,"cards_transformed":["Doom and Gloom"],"event_name":"Transmorgrifier","player_choice":"Transformed","floor":25.0,"gold_loss":0.0,"damage_taken":0.0,"cards_obtained":["Auto Shields"]},{"damage_healed":0.0,"max_hp_gain":0.0,"max_hp_loss":0.0,"gold_gain":0.0,"event_name":"MindBloom","player_choice":"Upgrade","floor":36.0,"gold_loss":0.0,"damage_taken":0.0,"cards_upgraded":["Skim","Compile Driver","Buffer","Core Surge","Ball Lightning","Heatsinks","BootSequence","Recycle","Meteor Strike","Rainbow","Tempest","Reinforced Body","Buffer","Chaos","Consume","Glacier","Capacitor","Coolheaded","Auto Shields","Hologram","Loop","Thunder Strike","Multi-Cast"],"relics_obtained":["Mark of the Bloom"]},{"cards_removed":["Ball Lightning"],"damage_healed":0.0,"max_hp_gain":0.0,"max_hp_loss":0.0,"gold_gain":0.0,"event_name":"Falling","player_choice":"Removed Attack","floor":37.0,"gold_loss":0.0,"damage_taken":0.0}],"is_beta":false,"boss_relics":[{"not_picked":["Busted Crown","Runic Dome"],"picked":"Pandora\u0027s Box"},{"not_picked":["Orrery","FrozenCore"],"picked":"Snecko Eye"}],"items_purged_floors":[11,54],"is_endless":false,"potions_floor_spawned":[8,10,12,16,21,24,28,29,44,45,46,48],"ascension_level":20}