{"gold_per_floor":[115,115,115,290,290,290,315,315,315,349,349,378,393,407,407,484,534,552,502,518,518,33,63,63,338,338,373,373,373],"floor_reached":29,"playtime":974,"items_purged":["Doubt"],"score":536,"play_id":"e9cd1936-67d1-4016-97ca-bff8b3d00ed3","local_time":"20190506222253","is_ascension_mode":true,"campfire_choices":[{"data":"Neutralize","floor":6,"key":"SMITH"},{"data":"Cloak And Dagger","floor":8,"key":"SMITH"},{"data":"Deadly Poison","floor":11,"key":"SMITH"},{"data":"Noxious Fumes","floor":15,"key":"SMITH"},{"floor":24,"key":"REST"},{"floor":28,"key":"REST"}],"neow_cost":"NONE","seed_source_timestamp":101117568072945,"circlet_count":0,"master_deck":["AscendersBane","Defend_G+1","Defend_G+1","Defend_G+1","Defend_G+1","Defend_G+1","Strike_G+1","Strike_G+1","Strike_G+1","Strike_G+1","Strike_G+1","Survivor","Neutralize+1","Deadly Poison+1","Cloak And Dagger+1","Crippling Poison+1","Dagger Spray+1","Noxious Fumes+1","Distraction+1","Adrenaline+1","Blur+1","Dodge and Roll+1","Underhanded Strike","Tactician+1","Blade Dance+1","Eviscerate+1","Regret","Backstab+1"],"relics":["Ring of the Snake","NeowsBlessing","Mummified Hand","Sundial","Question Card","Toxic Egg 2","Whetstone","The Courier","Tiny House","Oddly Smooth Stone","Kunai","Molten Egg 2","Gremlin Horn","Smiling Mask"],"potions_floor_usage":[12,16,16,18],"damage_taken":[{"damage":0,"enemies":"Small Slimes","floor":1,"turns":1},{"damage":0,"enemies":"Lagavulin","floor":7,"turns":1},{"damage":0,"enemies":"Gremlin Nob","floor":10,"turns":1},{"damage":4,"enemies":"3 Sentries","floor":12,"turns":13},{"damage":0,"enemies":"2 Louse","floor":13,"turns":2},{"damage":0,"enemies":"Cultist","floor":14,"turns":3},{"damage":26,"enemies":"Slime Boss","floor":16,"turns":8},{"damage":16,"enemies":"2 Thieves","floor":18,"turns":3},{"damage":2,"enemies":"3 Byrds","floor":20,"turns":3},{"damage":19,"enemies":"Slavers","floor":23,"turns":4},{"damage":34,"enemies":"Book of Stabbing","floor":27,"turns":7},{"damage":42,"enemies":"Slavers","floor":29,"turns":2}],"seed_played":"-6553722006825796566","potions_obtained":[{"floor":1,"key":"EssenceOfSteel"},{"floor":10,"key":"Regen Potion"},{"floor":13,"key":"FearPotion"},{"floor":17,"key":"Poison Potion"}],"is_trial":false,"path_per_floor":["M","?","?","?","T","R","E","R","T","E","R","E","M","M","R","B",null,"M","?","M","?","$","E","R","?","T","E","R","E"],"character_chosen":"THE_SILENT","items_purchased":["Oddly Smooth Stone","Kunai","Tactician+1","Blade Dance+1"],"campfire_rested":2,"item_purchase_floors":[22,22,22,22],"current_hp_per_floor":[63,63,63,63,63,63,63,63,63,63,63,59,59,59,59,47,69,53,53,51,51,51,32,54,54,54,20,42,0],"gold":373,"neow_bonus":"THREE_ENEMY_KILL","is_prod":false,"is_daily":false,"chose_seed":false,"campfire_upgraded":4,"win_rate":0,"timestamp":1557206573,"path_taken":["M","?","?","?","?","R","E","R","T","E","R","E","M","M","R","BOSS","M","?","?","?","$","E","R","?","T","E","R","E"],"build_version":"2019-01-23","purchased_purges":1,"victory":false,"max_hp_per_floor":[70,70,70,70,70,70,70,70,70,70,70,70,70,70,70,70,75,75,75,75,75,75,75,75,75,75,75,75,75],"card_choices":[{"not_picked":["Concentrate","Terror"],"picked":"Deadly Poison","floor":1},{"not_picked":["Deadly Poison","Masterful Stab"],"picked":"Cloak And Dagger","floor":7},{"not_picked":["Acrobatics+1","Dagger Throw","Dagger Spray"],"picked":"Crippling Poison+1","floor":10},{"not_picked":["Acrobatics+1","Eviscerate","Dash"],"picked":"Dagger Spray","floor":12},{"not_picked":["Acrobatics+1","Sucker Punch","Deflect+1"],"picked":"Noxious Fumes","floor":13},{"not_picked":["Slice","Grand Finale","Calculated Gamble+1"],"picked":"Distraction+1","floor":14},{"not_picked":["Grand Finale","Storm of Steel+1","A Thousand Cuts"],"picked":"Adrenaline+1","floor":16},{"not_picked":["Setup+1","Calculated Gamble+1","Escape Plan+1"],"picked":"Blur+1","floor":17},{"not_picked":["Leg Sweep+1","Deadly Poison+1","Dagger Throw"],"picked":"Dodge and Roll+1","floor":18},{"not_picked":["Calculated Gamble+1","Dodge and Roll+1","Outmaneuver+1"],"picked":"Underhanded Strike","floor":20},{"not_picked":["Finisher","Poisoned Stab","PiercingWail+1"],"picked":"Eviscerate","floor":23},{"not_picked":["Dodge and Roll+1","Sucker Punch+1","Masterful Stab+1"],"picked":"Backstab+1","floor":27}],"player_experience":601467,"relics_obtained":[{"floor":5,"key":"Sundial"},{"floor":7,"key":"Question Card"},{"floor":9,"key":"Toxic Egg 2"},{"floor":10,"key":"Whetstone"},{"floor":12,"key":"The Courier"},{"floor":23,"key":"Molten Egg 2"},{"floor":26,"key":"Gremlin Horn"},{"floor":27,"key":"Smiling Mask"}],"event_choices":[{"damage_healed":0,"gold_gain":0,"player_choice":"Box","damage_taken":0,"relics_obtained":["Mummified Hand"],"max_hp_gain":0,"max_hp_loss":0,"event_name":"Big Fish","floor":2,"gold_loss":0,"cards_obtained":["Regret"]},{"cards_removed":["Regret"],"damage_healed":0,"gold_gain":0,"player_choice":"Forget","damage_taken":0,"max_hp_gain":0,"max_hp_loss":0,"event_name":"Living Wall","floor":3,"gold_loss":0},{"damage_healed":0,"gold_gain":175,"player_choice":"AGREE","damage_taken":0,"max_hp_gain":0,"max_hp_loss":0,"event_name":"Liars Game","floor":4,"gold_loss":0,"cards_obtained":["Doubt"]},{"damage_healed":0,"gold_gain":0,"player_choice":"Bet on Murderer","damage_taken":0,"max_hp_gain":0,"max_hp_loss":0,"event_name":"The Joust","floor":19,"gold_loss":50},{"damage_healed":0,"gold_gain":0,"player_choice":"Simplicity","damage_taken":0,"max_hp_gain":0,"max_hp_loss":0,"event_name":"Back to Basics","floor":21,"gold_loss":0,"cards_upgraded":["Defend_G","Defend_G","Defend_G","Defend_G","Defend_G","Strike_G","Strike_G","Strike_G"]},{"damage_healed":0,"gold_gain":275,"player_choice":"Desecrate","damage_taken":0,"max_hp_gain":0,"max_hp_loss":0,"event_name":"Golden Shrine","floor":25,"gold_loss":0,"cards_obtained":["Regret"]}],"is_beta":false,"boss_relics":[{"not_picked":["HoveringKite","Snecko Eye"],"picked":"Tiny House"}],"items_purged_floors":[22],"is_endless":false,"potions_floor_spawned":[1,10,13],"killed_by":"Slavers","ascension_level":13}