{"gold_per_floor":[20,20,20,34,109,109,89,105,105,105,133,151,151,171,171,273,273,292,292,309,309,309],"floor_reached":22,"playtime":1024,"items_purged":[],"score":184,"play_id":"b15eda62-a3bc-47a5-a7cf-2af955595350","local_time":"20190218161105","is_ascension_mode":false,"campfire_choices":[{"data":"Static Discharge","floor":6,"key":"SMITH"},{"data":"Static Discharge","floor":13,"key":"SMITH"},{"floor":15,"key":"REST"}],"neow_cost":"NO_GOLD","seed_source_timestamp":165139162378097,"circlet_count":0,"master_deck":["Strike_B","Strike_B","Strike_B","Strike_B","Defend_B","Defend_B","Defend_B","Defend_B","Zap","Dualcast","Good Instincts","Finesse","Static Discharge+1","Doom and Gloom","Static Discharge+1","Parasite","Streamline","Go for the Eyes","Go for the Eyes","Barrage","Sweeping Beam","Creative AI","Defragment","Coolheaded","Melter+1","Ball Lightning"],"relics":["Cracked Core","Bag of Marbles","Prayer Wheel","Inserter"],"potions_floor_usage":[18,22],"damage_taken":[{"damage":0,"enemies":"2 Louse","floor":1,"turns":2},{"damage":5,"enemies":"Cultist","floor":4,"turns":4},{"damage":6,"enemies":"Small Slimes","floor":8,"turns":2},{"damage":19,"enemies":"3 Sentries","floor":11,"turns":4},{"damage":13,"enemies":"Looter","floor":12,"turns":2},{"damage":5,"enemies":"Large Slime","floor":14,"turns":4},{"damage":25,"enemies":"Slime Boss","floor":16,"turns":6},{"damage":29,"enemies":"3 Byrds","floor":18,"turns":3},{"damage":14,"enemies":"Chosen","floor":20,"turns":5},{"damage":28,"enemies":"Snecko","floor":22,"turns":3}],"seed_played":"-6197385923758334238","potions_obtained":[{"floor":1,"key":"Energy Potion"},{"floor":4,"key":"SteroidPotion"},{"floor":7,"key":"Swift Potion"},{"floor":12,"key":"Energy Potion"}],"is_trial":false,"path_per_floor":["M","?","$","M","?","R","?","M","T","?","E","M","R","M","R","B",null,"M","?","M","?","M"],"character_chosen":"DEFECT","items_purchased":[],"campfire_rested":1,"item_purchase_floors":[],"current_hp_per_floor":[75,68,68,63,52,52,52,46,46,64,45,32,32,27,49,24,75,46,32,18,18,0],"gold":309,"neow_bonus":"RANDOM_COLORLESS_2","is_prod":false,"is_daily":false,"chose_seed":false,"campfire_upgraded":2,"win_rate":0.0,"timestamp":1550527865,"path_taken":["M","?","?","M","?","R","?","?","T","?","E","M","R","M","R","BOSS","M","?","M","?","M"],"build_version":"2019-01-23","purchased_purges":0,"victory":false,"max_hp_per_floor":[75,75,75,75,75,75,75,75,75,75,75,75,75,75,75,75,75,75,80,80,80,80],"card_choices":[{"not_picked":["Barrage","Redo"],"picked":"Static Discharge","floor":1},{"not_picked":["Compile Driver","Leap"],"picked":"Doom and Gloom","floor":4},{"not_picked":["Beam Cell","Leap"],"picked":"Static Discharge","floor":8},{"not_picked":["Glacier","Biased Cognition"],"picked":"Streamline","floor":11},{"not_picked":["Steam","Gash"],"picked":"Go for the Eyes","floor":12},{"not_picked":["Steam","Compile Driver"],"picked":"Go for the Eyes","floor":12},{"not_picked":["Stack","Blizzard"],"picked":"Barrage","floor":14},{"not_picked":["Beam Cell","Heatsinks"],"picked":"Sweeping Beam","floor":14},{"not_picked":["All For One","Machine Learning"],"picked":"Creative AI","floor":16},{"not_picked":["Storm","Leap"],"picked":"Defragment","floor":18},{"not_picked":["Scrape","Go for the Eyes"],"picked":"Coolheaded","floor":18},{"not_picked":["Cold Snap","Steam"],"picked":"Melter+1","floor":20},{"not_picked":["Consume+1","Heatsinks"],"picked":"Ball Lightning","floor":20}],"player_experience":32107,"relics_obtained":[{"floor":9,"key":"Bag of Marbles"},{"floor":11,"key":"Prayer Wheel"}],"event_choices":[{"damage_healed":0,"gold_gain":0,"player_choice":"Damaged","damage_taken":7,"max_hp_gain":0,"max_hp_loss":0,"event_name":"Wheel of Change","floor":2,"gold_loss":0},{"damage_healed":0,"gold_gain":75,"player_choice":"Gather Gold","damage_taken":11,"max_hp_gain":0,"max_hp_loss":0,"event_name":"World of Goop","floor":5,"gold_loss":0},{"damage_healed":0,"gold_gain":0,"player_choice":"Bought 1 Potion","damage_taken":0,"max_hp_gain":0,"max_hp_loss":0,"event_name":"The Woman in Blue","floor":7,"gold_loss":0},{"damage_healed":18,"gold_gain":0,"player_choice":"Healed and dodged fight","damage_taken":0,"max_hp_gain":0,"max_hp_loss":0,"event_name":"Mushrooms","floor":10,"gold_loss":0,"cards_obtained":["Parasite"]},{"damage_healed":0,"gold_gain":0,"player_choice":"Shed Blood","damage_taken":19,"max_hp_gain":5,"max_hp_loss":0,"event_name":"Forgotten Altar","floor":19,"gold_loss":0},{"damage_healed":0,"gold_gain":0,"player_choice":"Ignored","damage_taken":0,"max_hp_gain":0,"max_hp_loss":0,"event_name":"Cursed Tome","floor":21,"gold_loss":0}],"is_beta":false,"boss_relics":[{"not_picked":["Astrolabe","Runic Dome"],"picked":"Inserter"}],"items_purged_floors":[],"is_endless":false,"potions_floor_spawned":[1,4,12,14,16],"killed_by":"Snecko","ascension_level":0}