{"gold_per_floor":[117,128,128,128,29,62,80,80,156,191,211,211,486,505,505,608,608,620,695,695,706,720,720,746,765,765,765,690,690,690,690,690,795,795,806,31,0,0,14,14,49,49,49,59,159,159,173,173,173,173],"floor_reached":50,"playtime":2666,"items_purged":["Writhe"],"score":778,"play_id":"4c989751-3fba-4060-a36f-0e522b81adfc","local_time":"20190324160158","is_ascension_mode":true,"campfire_choices":[{"data":"Noxious Fumes","floor":8,"key":"SMITH"},{"data":"A Thousand Cuts","floor":12,"key":"SMITH"},{"data":"Footwork","floor":15,"key":"SMITH"},{"floor":23,"key":"REST"},{"floor":27,"key":"REST"},{"floor":29,"key":"REST"},{"floor":32,"key":"REST"},{"floor":40,"key":"REST"},{"floor":42,"key":"REST"},{"floor":46,"key":"REST"},{"floor":49,"key":"REST"}],"neow_cost":"NONE","seed_source_timestamp":974494930847359,"circlet_count":0,"master_deck":["Defend_G","Defend_G","Defend_G","Defend_G","Defend_G","Strike_G","Strike_G","Strike_G","Strike_G","Strike_G","Survivor","Neutralize","Outmaneuver","Predator","Noxious Fumes+1","Footwork+1","Quick Slash","Escape Plan","Dagger Throw","A Thousand Cuts+1","Blade Dance","Dodge and Roll","Adrenaline","Underhanded Strike","Prepared","Slice","Sucker Punch","Endless Agony","Terror+1","Corpse Explosion","Dagger Spray","Heel Hook+1","Tools of the Trade","Noxious Fumes+1","Infinite Blades","Metamorphosis","Madness","Madness","Bouncing Flask","Backflip","Doppelganger","Parasite","Bane+1","Leg Sweep","A Thousand Cuts","Tactician","PiercingWail+1"],"relics":["Ring of the Snake","NeowsBlessing","Prayer Wheel","Gambling Chip","Busted Crown","Ornamental Fan","Nloth\u0027s Gift","Vajra","Bag of Marbles","StoneCalendar","White Beast Statue","Lantern","Strawberry","Chemical X","Red Mask","Ancient Tea Set","Letter Opener","Dead Branch"],"potions_floor_usage":[6,14,16,24,24,33,33,35,41,45,50,50],"damage_taken":[{"damage":0,"enemies":"Cultist","floor":1,"turns":1},{"damage":0,"enemies":"Jaw Worm","floor":2,"turns":1},{"damage":0,"enemies":"Lagavulin","floor":6,"turns":1},{"damage":0,"enemies":"2 Louse","floor":7,"turns":4},{"damage":16,"enemies":"3 Sentries","floor":10,"turns":8},{"damage":10,"enemies":"Red Slaver","floor":11,"turns":4},{"damage":1,"enemies":"3 Louse","floor":14,"turns":2},{"damage":18,"enemies":"Hexaghost","floor":16,"turns":9},{"damage":18,"enemies":"Spheric Guardian","floor":18,"turns":4},{"damage":6,"enemies":"Shell Parasite","floor":21,"turns":4},{"damage":16,"enemies":"Snecko","floor":22,"turns":4},{"damage":31,"enemies":"Book of Stabbing","floor":24,"turns":5},{"damage":11,"enemies":"Snake Plant","floor":25,"turns":3},{"damage":37,"enemies":"Champ","floor":33,"turns":8},{"damage":6,"enemies":"3 Darklings","floor":35,"turns":3},{"damage":9,"enemies":"Orb Walker","floor":39,"turns":3},{"damage":63,"enemies":"Reptomancer","floor":41,"turns":5},{"damage":14,"enemies":"Writhing Mass","floor":44,"turns":6},{"damage":19,"enemies":"Mind Bloom Boss Battle","floor":45,"turns":6},{"damage":9,"enemies":"Spire Growth","floor":47,"turns":3},{"damage":45,"enemies":"Time Eater","floor":50,"turns":6}],"seed_played":"7481099831702002364","potions_obtained":[{"floor":2,"key":"GamblersBrew"},{"floor":10,"key":"GhostInAJar"},{"floor":16,"key":"Dexterity Potion"},{"floor":18,"key":"Poison Potion"},{"floor":21,"key":"Swift Potion"},{"floor":25,"key":"Energy Potion"},{"floor":33,"key":"SkillPotion"},{"floor":35,"key":"SpeedPotion"},{"floor":39,"key":"GamblersBrew"},{"floor":41,"key":"Strength Potion"},{"floor":44,"key":"Dexterity Potion"},{"floor":45,"key":"Fire Potion"}],"is_trial":false,"path_per_floor":["M","M","$","T","$","E","M","R","T","E","M","R","?","M","R","B",null,"M","T","?","M","M","R","E","M","T","R","?","R","?","?","R","B",null,"M","$","?","?","M","R","E","R","T","M","?","R","M","?","R","B"],"character_chosen":"THE_SILENT","items_purchased":["Fruit Juice","Lantern","Strawberry","Chemical X","Infinite Blades","Metamorphosis"],"campfire_rested":8,"item_purchase_floors":[5,36,36,36,36,36],"current_hp_per_floor":[63,63,63,63,63,68,68,68,68,52,42,42,42,41,41,23,62,44,44,44,38,22,44,13,2,2,24,24,46,32,32,56,19,65,59,66,66,55,46,72,9,35,35,21,2,28,19,19,45,0],"gold":173,"neow_bonus":"THREE_ENEMY_KILL","is_prod":false,"is_daily":false,"chose_seed":false,"campfire_upgraded":3,"win_rate":0,"timestamp":1553468518,"path_taken":["M","?","$","?","$","E","M","R","T","E","?","R","?","M","R","BOSS","M","?","?","M","M","R","E","?","T","R","?","R","?","?","R","BOSS","M","$","?","?","M","R","E","R","T","M","?","R","M","?","R","BOSS"],"build_version":"2019-01-23","purchased_purges":1,"victory":false,"max_hp_per_floor":[70,70,70,70,70,75,75,75,75,75,75,75,75,75,75,75,75,75,75,75,75,75,75,75,75,75,75,75,75,80,80,80,80,80,80,87,87,87,87,87,87,87,87,87,87,87,87,87,87,87],"card_choices":[{"not_picked":["Deflect","Flying Knee"],"picked":"Outmaneuver","floor":1},{"not_picked":["Quick Slash","Cloak And Dagger"],"picked":"Predator","floor":2},{"not_picked":["Slice","Crippling Poison"],"picked":"Noxious Fumes","floor":6},{"not_picked":["Eviscerate","Acrobatics"],"picked":"Footwork","floor":7},{"not_picked":["Dagger Spray","PiercingWail"],"picked":"Quick Slash","floor":7},{"not_picked":["Choke","Poisoned Stab"],"picked":"Escape Plan","floor":10},{"not_picked":["Prepared","Bane"],"picked":"Dagger Throw","floor":11},{"not_picked":["Blade Dance","Flying Knee"],"picked":"A Thousand Cuts","floor":11},{"not_picked":["Crippling Poison","Riddle With Holes"],"picked":"Blade Dance","floor":14},{"not_picked":["Concentrate","Deflect"],"picked":"Dodge and Roll","floor":14},{"not_picked":["Wraith Form v2","Doppelganger"],"picked":"Adrenaline","floor":16},{"not_picked":[],"picked":"Underhanded Strike","floor":18},{"not_picked":[],"picked":"Prepared","floor":18},{"not_picked":[],"picked":"Slice","floor":21},{"not_picked":[],"picked":"Sucker Punch","floor":21},{"not_picked":[],"picked":"Endless Agony","floor":22},{"not_picked":[],"picked":"Terror+1","floor":22},{"not_picked":[],"picked":"Corpse Explosion","floor":24},{"not_picked":[],"picked":"Dagger Spray","floor":25},{"not_picked":[],"picked":"Heel Hook+1","floor":25},{"not_picked":[],"picked":"Tools of the Trade","floor":33},{"not_picked":[],"picked":"Noxious Fumes+1","floor":35},{"not_picked":[],"picked":"Poisoned Stab+1","floor":35},{"not_picked":[],"picked":"Bouncing Flask","floor":39},{"not_picked":[],"picked":"Backflip","floor":39},{"not_picked":[],"picked":"Doppelganger","floor":41},{"not_picked":[],"picked":"Bane+1","floor":44},{"not_picked":[],"picked":"Leg Sweep","floor":44},{"not_picked":[],"picked":"A Thousand Cuts","floor":45},{"not_picked":[],"picked":"Tactician","floor":47},{"not_picked":[],"picked":"PiercingWail+1","floor":47}],"player_experience":411587,"relics_obtained":[{"floor":4,"key":"Prayer Wheel"},{"floor":6,"key":"Anchor"},{"floor":10,"key":"Gambling Chip"},{"floor":19,"key":"Ornamental Fan"},{"floor":24,"key":"Vajra"},{"floor":26,"key":"Bag of Marbles"},{"floor":41,"key":"Ancient Tea Set"},{"floor":43,"key":"Letter Opener"},{"floor":45,"key":"Dead Branch"}],"event_choices":[{"damage_healed":0,"gold_gain":275,"player_choice":"Desecrate","damage_taken":0,"max_hp_gain":0,"max_hp_loss":0,"event_name":"Golden Shrine","floor":13,"gold_loss":0,"cards_obtained":["Regret"]},{"damage_healed":0,"gold_gain":0,"player_choice":"Traded Relic","damage_taken":0,"relics_obtained":["Nloth\u0027s Gift"],"max_hp_gain":0,"max_hp_loss":0,"event_name":"N\u0027loth","floor":20,"relics_lost":["Anchor"],"gold_loss":0},{"cards_removed":["Regret"],"damage_healed":0,"gold_gain":0,"player_choice":"Gave Gold","damage_taken":0,"max_hp_gain":0,"max_hp_loss":0,"event_name":"Beggar","floor":28,"gold_loss":75},{"damage_healed":0,"gold_gain":0,"player_choice":"Shed Blood","damage_taken":19,"max_hp_gain":5,"max_hp_loss":0,"event_name":"Forgotten Altar","floor":30,"gold_loss":0},{"damage_healed":0,"gold_gain":0,"player_choice":"Opened","damage_taken":0,"relics_obtained":["StoneCalendar"],"max_hp_gain":0,"max_hp_loss":0,"event_name":"The Mausoleum","floor":31,"gold_loss":0,"cards_obtained":["Writhe"]},{"damage_healed":0,"gold_gain":0,"player_choice":"Paid","damage_taken":0,"relics_obtained":["Red Mask"],"max_hp_gain":0,"max_hp_loss":0,"event_name":"Tomb of Lord Red Mask","floor":37,"gold_loss":31},{"damage_healed":0,"gold_gain":0,"player_choice":"Embrace Madness","damage_taken":11,"max_hp_gain":0,"max_hp_loss":0,"event_name":"Winding Halls","floor":38,"gold_loss":0,"cards_obtained":["Madness","Madness"]},{"damage_healed":0,"gold_gain":0,"player_choice":"Fight","damage_taken":0,"max_hp_gain":0,"max_hp_loss":0,"event_name":"MindBloom","floor":45,"gold_loss":0},{"cards_removed":["Poisoned Stab"],"damage_healed":0,"gold_gain":0,"player_choice":"Removed Attack","damage_taken":0,"max_hp_gain":0,"max_hp_loss":0,"event_name":"Falling","floor":48,"gold_loss":0}],"is_beta":false,"boss_relics":[{"not_picked":["Philosopher\u0027s Stone","Eternal Feather"],"picked":"Busted Crown"},{"not_picked":["Fusion Hammer","Runic Dome"],"picked":"White Beast Statue"}],"items_purged_floors":[36],"is_endless":false,"potions_floor_spawned":[2,10,16,18,21,25,33,35,39,41,44,45,47],"killed_by":"Time Eater","ascension_level":7}