{"gold_per_floor":[110,125,125,35,110,154,154,329,329,348,4,4,17,35,35,35],"floor_reached":16,"playtime":741,"items_purged":["Doubt"],"score":100,"play_id":"b6c4444e-6f0e-4ed2-9ec3-dbfd02d3aab0","local_time":"20190423161941","is_ascension_mode":false,"campfire_choices":[{"floor":7,"key":"REST"},{"floor":12,"key":"RECALL"},{"data":"White Noise","floor":15,"key":"SMITH"}],"neow_cost":"NONE","seed_source_timestamp":1101011105836309,"circlet_count":0,"master_deck":["Strike_B","Strike_B","Strike_B","Strike_B","Defend_B","Defend_B","Defend_B","Defend_B","Zap","Dualcast","Leap","FTL","Melter","Leap","Gash","Force Field","Barrage","White Noise+1"],"relics":["Cracked Core","Golden Idol","Letter Opener","Membership Card","PreservedInsect"],"potions_floor_usage":[6,16,16],"damage_taken":[{"damage":5,"enemies":"Small Slimes","floor":1,"turns":2},{"damage":4,"enemies":"Jaw Worm","floor":2,"turns":4},{"damage":41,"enemies":"Lagavulin","floor":6,"turns":8},{"damage":3,"enemies":"2 Louse","floor":10,"turns":2},{"damage":2,"enemies":"Blue Slaver","floor":13,"turns":4},{"damage":0,"enemies":"Exordium Wildlife","floor":14,"turns":3},{"damage":28,"enemies":"The Guardian","floor":16,"turns":9}],"seed_played":"4006619414512654021","potions_obtained":[{"floor":2,"key":"Fruit Juice"},{"floor":10,"key":"SpeedPotion"},{"floor":13,"key":"SkillPotion"}],"is_trial":false,"path_per_floor":["M","M","?","$","?","E","R","?","T","M","$","R","M","M","R","B"],"character_chosen":"DEFECT","items_purchased":["Melter","Leap","Membership Card","PreservedInsect"],"campfire_rested":1,"item_purchase_floors":[4,4,11,11],"current_hp_per_floor":[77,73,53,53,42,6,32,32,32,29,29,29,27,27,27,0],"gold":35,"neow_bonus":"TEN_PERCENT_HP_BONUS","is_prod":false,"is_daily":false,"chose_seed":false,"campfire_upgraded":1,"win_rate":0,"timestamp":1556054381,"path_taken":["M","M","?","?","?","E","R","?","T","M","$","R","M","M","R","BOSS"],"build_version":"2019-01-23","purchased_purges":1,"victory":false,"max_hp_per_floor":[82,82,82,82,82,87,87,87,87,87,87,87,87,87,87,87],"card_choices":[{"not_picked":["Rebound","Compile Driver"],"picked":"Leap","floor":1},{"not_picked":["Streamline","Sweeping Beam"],"picked":"FTL","floor":2},{"not_picked":["Capacitor","Compile Driver"],"picked":"Gash","floor":6},{"not_picked":["Recycle","Hello World"],"picked":"Force Field","floor":10},{"not_picked":["Compile Driver","Sweeping Beam"],"picked":"Barrage","floor":13},{"not_picked":["BootSequence","Barrage"],"picked":"White Noise","floor":14}],"player_experience":225015,"relics_obtained":[{"floor":6,"key":"Letter Opener"}],"event_choices":[{"damage_healed":0,"gold_gain":0,"player_choice":"Take Damage","damage_taken":20,"relics_obtained":["Golden Idol"],"max_hp_gain":0,"max_hp_loss":0,"event_name":"Golden Idol","floor":3,"gold_loss":0},{"damage_healed":0,"gold_gain":75,"player_choice":"Gather Gold","damage_taken":11,"max_hp_gain":0,"max_hp_loss":0,"event_name":"World of Goop","floor":5,"gold_loss":0},{"damage_healed":0,"gold_gain":175,"player_choice":"AGREE","damage_taken":0,"max_hp_gain":0,"max_hp_loss":0,"event_name":"Liars Game","floor":8,"gold_loss":0,"cards_obtained":["Doubt"]}],"is_beta":false,"boss_relics":[],"items_purged_floors":[11],"is_endless":false,"potions_floor_spawned":[2,10,13],"killed_by":"The Guardian","ascension_level":0}