{"gold_per_floor":[112,112,187,187,206,233,157,172,247,264,69,69,69,82,82,180,180,192,217,217,62,80,80,80],"floor_reached":24,"playtime":956,"items_purged":["Strike_B"],"score":219,"play_id":"eb7926cc-d5e8-429d-b9e4-e1f4bfbacb65","local_time":"20190503080520","is_ascension_mode":false,"campfire_choices":[{"floor":13,"key":"REST"},{"floor":15,"key":"REST"},{"floor":23,"key":"REST"}],"neow_cost":"NONE","seed_source_timestamp":649295438271400,"circlet_count":0,"master_deck":["Strike_B","Strike_B","Strike_B","Defend_B","Defend_B","Defend_B","Zap","Dualcast","Gash","Redo","Capacitor","Electrodynamics","Ball Lightning","Fusion","Beam Cell","Apotheosis","Loop","Leg Sweep","Capacitor","Body Slam"],"relics":["Cracked Core","NeowsBlessing","Bag of Marbles","Question Card","Mummified Hand","PrismaticShard","Strawberry","Inserter","Red Mask"],"potions_floor_usage":[16,16],"damage_taken":[{"damage":0,"enemies":"Cultist","floor":1,"turns":1},{"damage":0,"enemies":"Jaw Worm","floor":5,"turns":1},{"damage":0,"enemies":"Lagavulin","floor":6,"turns":1},{"damage":11,"enemies":"2 Louse","floor":8,"turns":2},{"damage":9,"enemies":"Blue Slaver","floor":10,"turns":3},{"damage":10,"enemies":"Looter","floor":14,"turns":2},{"damage":52,"enemies":"Hexaghost","floor":16,"turns":8},{"damage":19,"enemies":"Spheric Guardian","floor":18,"turns":4},{"damage":29,"enemies":"Masked Bandits","floor":19,"turns":4},{"damage":21,"enemies":"3 Byrds","floor":22,"turns":5},{"damage":38,"enemies":"Centurion and Healer","floor":24,"turns":4}],"seed_played":"3954001510114925490","potions_obtained":[{"floor":6,"key":"SpeedPotion"},{"floor":10,"key":"LiquidBronze"}],"is_trial":false,"path_per_floor":["M","?","?","?","M","E","$","M","T","M","$","T","R","M","R","B",null,"M","?","?","$","M","R","M"],"character_chosen":"DEFECT","items_purchased":["Electrodynamics","PrismaticShard","Capacitor"],"campfire_rested":3,"item_purchase_floors":[7,11,21],"current_hp_per_floor":[75,63,52,52,52,52,52,41,41,32,32,39,63,53,77,25,82,63,34,34,34,13,37,0],"gold":80,"neow_bonus":"THREE_ENEMY_KILL","is_prod":false,"is_daily":false,"chose_seed":false,"campfire_upgraded":0,"win_rate":0.0,"timestamp":1556885120,"path_taken":["M","?","?","?","M","E","?","M","T","M","$","?","R","M","R","BOSS","M","?","?","$","?","R","M"],"build_version":"2019-01-23","purchased_purges":1,"victory":false,"max_hp_per_floor":[75,75,75,75,75,75,75,75,75,75,75,82,82,82,82,82,82,82,82,82,82,82,82,82],"card_choices":[{"not_picked":["Redo","Rebound"],"picked":"Gash","floor":1},{"not_picked":["Steam Power","Leap"],"picked":"Redo","floor":5},{"not_picked":["Turbo","Barrage"],"picked":"Capacitor","floor":6},{"not_picked":["Hologram","Genetic Algorithm","Chaos"],"picked":"Ball Lightning","floor":8},{"not_picked":["Meteor Strike","Blizzard","Steam Power"],"picked":"Fusion","floor":10},{"not_picked":["Stack","Warcry","Steam"],"picked":"Beam Cell","floor":14},{"not_picked":["Burst","Limit Break","Panache"],"picked":"Apotheosis","floor":16},{"not_picked":["Armaments","Dodge and Roll+1","Deflect"],"picked":"Loop","floor":18},{"not_picked":["Sucker Punch","Prepared","Go for the Eyes"],"picked":"Leg Sweep","floor":19},{"not_picked":["Havoc","Clothesline","Coolheaded"],"picked":"Body Slam","floor":22}],"player_experience":69739,"relics_obtained":[{"floor":6,"key":"Question Card"},{"floor":9,"key":"Mummified Hand"},{"floor":12,"key":"Strawberry"},{"floor":19,"key":"Red Mask"}],"event_choices":[{"damage_healed":0,"gold_gain":0,"player_choice":"Success","damage_taken":12,"relics_obtained":["Bag of Marbles"],"max_hp_gain":0,"max_hp_loss":0,"event_name":"Scrap Ooze","floor":2,"gold_loss":0},{"damage_healed":0,"gold_gain":75,"player_choice":"Gather Gold","damage_taken":11,"max_hp_gain":0,"max_hp_loss":0,"event_name":"World of Goop","floor":3,"gold_loss":0},{"damage_healed":0,"gold_gain":0,"player_choice":"Ignored","damage_taken":0,"max_hp_gain":0,"max_hp_loss":0,"event_name":"Liars Game","floor":4,"gold_loss":0},{"damage_healed":0,"gold_gain":0,"player_choice":"Fought Bandits","damage_taken":0,"max_hp_gain":0,"max_hp_loss":0,"event_name":"Masked Bandits","floor":19,"gold_loss":0},{"cards_removed":["Defend_B"],"damage_healed":0,"gold_gain":0,"player_choice":"Elegance","damage_taken":0,"max_hp_gain":0,"max_hp_loss":0,"event_name":"Back to Basics","floor":20,"gold_loss":0}],"is_beta":false,"boss_relics":[{"not_picked":["Runic Pyramid","Velvet Choker"],"picked":"Inserter"}],"items_purged_floors":[21],"is_endless":false,"potions_floor_spawned":[6,10],"killed_by":"Centurion and Healer","ascension_level":0}