{"gold_per_floor":[116,116,64,64,77,77,110,86,122,134,146,184,215,245,257,269],"floor_reached":16,"playtime":339,"items_purged":[],"score":266,"play_id":"6a88ff4c-4e3f-44f3-b820-f632d907ffe3","local_time":"20190129144251","is_ascension_mode":true,"campfire_choices":[{"data":"Bash","floor":6,"key":"SMITH"},{"data":"Cleave","floor":10,"key":"SMITH"},{"data":"Flex","floor":15,"key":"SMITH"}],"neow_cost":"NONE","seed_source_timestamp":175283278289333,"circlet_count":0,"master_deck":["AscendersBane","Strike_R","Strike_R","Strike_R","Strike_R","Strike_R","Defend_R","Defend_R","Defend_R","Defend_R","Bash+1","Thunderclap+1","Headbutt","Cleave+1","Flex+1","Armaments"],"relics":["Burning Blood","NeowsBlessing","MawBank","Dream Catcher","Blood Vial"],"potions_floor_usage":[14,16,16],"damage_taken":[{"damage":0,"enemies":"Small Slimes","floor":1,"turns":2},{"damage":0,"enemies":"Jaw Worm","floor":5,"turns":1},{"damage":0,"enemies":"3 Sentries","floor":7,"turns":1},{"damage":40,"enemies":"Lagavulin","floor":12,"turns":5},{"damage":7,"enemies":"2 Louse","floor":13,"turns":2},{"damage":4,"enemies":"2 Fungi Beasts","floor":14,"turns":3},{"damage":63,"enemies":"Hexaghost","floor":16,"turns":8}],"seed_played":"-2097807954415701646","potions_obtained":[{"floor":12,"key":"BloodPotion"},{"floor":13,"key":"Energy Potion"},{"floor":14,"key":"BloodPotion"}],"is_trial":false,"path_per_floor":["M","?","$","?","M","R","E","?","T","R","$","E","M","M","R","B"],"character_chosen":"IRONCLAD","items_purchased":["Headbutt"],"campfire_rested":0,"item_purchase_floors":[3],"current_hp_per_floor":[74,74,74,74,75,75,75,75,75,75,75,41,42,53,53,0],"gold":269,"neow_bonus":"THREE_ENEMY_KILL","is_prod":false,"is_daily":false,"chose_seed":false,"campfire_upgraded":3,"win_rate":0,"timestamp":1548790971,"path_taken":["M","?","$","?","M","R","E","?","T","R","$","E","M","M","R","BOSS"],"build_version":"2019-01-23","purchased_purges":0,"victory":false,"max_hp_per_floor":[75,75,75,75,75,75,75,75,75,75,75,75,75,75,75,75],"card_choices":[{"not_picked":["Iron Wave","Disarm"],"picked":"Thunderclap","floor":1},{"not_picked":["Rage","Wild Strike","Pommel Strike"],"picked":"SKIP","floor":5},{"not_picked":["Body Slam","Berserk"],"picked":"Cleave","floor":7},{"not_picked":["Twin Strike","Combust"],"picked":"Flex","floor":12},{"not_picked":["Reckless Charge","Bloodletting"],"picked":"Armaments","floor":13},{"not_picked":["Carnage","Sentinel","Body Slam"],"picked":"SKIP","floor":14}],"player_experience":812084,"relics_obtained":[{"floor":7,"key":"MawBank"},{"floor":9,"key":"Dream Catcher"},{"floor":12,"key":"Blood Vial"}],"event_choices":[{"damage_healed":0,"gold_gain":0,"player_choice":"Ignored","damage_taken":0,"max_hp_gain":0,"max_hp_loss":0,"event_name":"Golden Wing","floor":2,"gold_loss":0},{"damage_healed":0,"gold_gain":0,"player_choice":"Grow","damage_taken":0,"max_hp_gain":0,"max_hp_loss":0,"event_name":"Living Wall","floor":4,"gold_loss":0,"cards_upgraded":["Thunderclap"]},{"damage_healed":0,"gold_gain":0,"player_choice":"Left Gold","damage_taken":0,"max_hp_gain":0,"max_hp_loss":0,"event_name":"World of Goop","floor":8,"gold_loss":36}],"is_beta":false,"boss_relics":[],"items_purged_floors":[],"is_endless":false,"potions_floor_spawned":[12,13,14],"killed_by":"Hexaghost","ascension_level":20}