{"gold_per_floor":[13,26,26,26,26,26,41,58,129,129,129,129],"floor_reached":12,"playtime":430,"items_purged":[],"score":129,"play_id":"405c1593-d25f-4dca-910d-33ec5c7b044d","local_time":"20181110065610","is_ascension_mode":true,"campfire_choices":[{"data":"Neutralize","floor":6,"key":"SMITH"},{"data":"Riddle With Holes","floor":10,"key":"SMITH"}],"neow_cost":"NO_GOLD","seed_source_timestamp":432073309204960,"circlet_count":0,"master_deck":["AscendersBane","Defend_G","Defend_G","Defend_G","Defend_G","Defend_G","Strike_G","Strike_G","Strike_G","Strike_G","Strike_G","Survivor","Neutralize+1","Master of Strategy","Purity","Cloak And Dagger+1","PiercingWail","Regret","Endless Agony","Riddle With Holes+1"],"relics":["Ring of the Snake","Happy Flower","Blue Candle","Thread and Needle"],"potions_floor_usage":[8],"damage_taken":[{"damage":3,"enemies":"Cultist","floor":1,"turns":4},{"damage":0,"enemies":"2 Louse","floor":2,"turns":3},{"damage":0,"enemies":"Jaw Worm","floor":7,"turns":5},{"damage":2,"enemies":"Lots of Slimes","floor":8,"turns":7},{"damage":61,"enemies":"Gremlin Nob","floor":12,"turns":5}],"seed_played":"-8282902076854456063","potions_obtained":[{"floor":1,"key":"Block Potion"},{"floor":8,"key":"GhostInAJar"}],"is_trial":false,"path_per_floor":["M","M","?","?","?","R","M","M","T","R","T","E"],"character_chosen":"THE_SILENT","items_purchased":[],"campfire_rested":0,"item_purchase_floors":[],"current_hp_per_floor":[56,56,56,56,56,56,56,54,54,54,54,0],"gold":129,"neow_bonus":"RANDOM_COLORLESS_2","is_prod":false,"is_daily":false,"chose_seed":false,"campfire_upgraded":2,"win_rate":0,"timestamp":1541850970,"path_taken":["M","M","?","?","?","R","M","M","T","R","?","E"],"build_version":"2018-11-08","purchased_purges":0,"victory":false,"max_hp_per_floor":[66,66,66,66,66,66,66,66,66,66,66,66],"card_choices":[{"not_picked":["Slice","Acrobatics"],"picked":"Cloak And Dagger","floor":1},{"not_picked":["Slice","Sucker Punch"],"picked":"PiercingWail","floor":2},{"not_picked":["Expertise","PiercingWail"],"picked":"Endless Agony","floor":7},{"not_picked":["Escape Plan","Sucker Punch"],"picked":"Riddle With Holes","floor":8}],"player_experience":711811,"relics_obtained":[{"floor":9,"key":"Blue Candle"},{"floor":11,"key":"Thread and Needle"}],"event_choices":[{"damage_healed":0,"gold_gain":0,"player_choice":"Box","damage_taken":0,"relics_obtained":["Happy Flower"],"max_hp_gain":0,"max_hp_loss":0,"event_name":"Big Fish","floor":3,"gold_loss":0,"cards_obtained":["Regret"]},{"damage_healed":0,"gold_gain":0,"player_choice":"Grow","damage_taken":0,"max_hp_gain":0,"max_hp_loss":0,"event_name":"Living Wall","floor":4,"gold_loss":0,"cards_upgraded":["Cloak And Dagger"]},{"damage_healed":0,"gold_gain":0,"player_choice":"Ignored","damage_taken":0,"max_hp_gain":0,"max_hp_loss":0,"event_name":"Shining Light","floor":5,"gold_loss":0}],"is_beta":false,"boss_relics":[],"items_purged_floors":[],"is_endless":false,"potions_floor_spawned":[1,8],"killed_by":"Gremlin Nob","ascension_level":18}