{"path_per_floor":["M","$","M","M","M","R","E","R","T","R","M","?"],"character_chosen":"DEFECT","items_purchased":[],"gold_per_floor":[117,42,55,71,86,86,115,115,115,115,130,130,130],"floor_reached":13,"campfire_rested":1,"playtime":278,"item_purchase_floors":[],"current_hp_per_floor":[70,70,68,50,41,41,11,11,11,33,3,3,0],"items_purged":["Strike_B"],"gold":130,"score":102,"play_id":"771989c5-8413-4821-aa72-2a32f6089385","local_time":"20180611125610","is_prod":false,"is_daily":false,"chose_seed":false,"is_ascension_mode":true,"campfire_upgraded":2,"win_rate":0,"timestamp":1528692970,"campfire_choices":[{"data":"Loop","floor":6,"key":"SMITH"},{"data":"Defragment","floor":8,"key":"SMITH"},{"floor":10,"key":"REST"}],"path_taken":["M","$","M","M","M","R","E","R","T","R","M","?","E"],"build_version":"2018-06-07v3","seed_source_timestamp":330350122963080,"purchased_purges":1,"victory":false,"master_deck":["Strike_B","Strike_B","Strike_B","Defend_B","Defend_B","Defend_B","Defend_B","Zap","Dualcast","Loop+1","Defragment+1","Sunder","Conserve Battery"],"max_hp_per_floor":[75,75,75,75,75,75,75,75,75,75,75,75,75],"relics":["Cracked Core","Omamori","Frozen Egg 2"],"card_choices":[{"not_picked":["Ball Lightning","Cold Snap","Rebound"],"picked":"SKIP","floor":1},{"not_picked":["Hologram","Turbo"],"picked":"Loop","floor":3},{"not_picked":["Doom and Gloom","Double Energy"],"picked":"Defragment","floor":4},{"not_picked":["Hologram","Fusion","Stack"],"picked":"SKIP","floor":5},{"not_picked":["Doom and Gloom","Ball Lightning"],"picked":"Sunder","floor":7},{"not_picked":["Gash","Leap"],"picked":"Conserve Battery","floor":11}],"player_experience":250638,"potions_floor_usage":[11,13],"damage_taken":[{"damage":5,"enemies":"Small Slimes","floor":1,"turns":2},{"damage":2,"enemies":"Jaw Worm","floor":3,"turns":3},{"damage":18,"enemies":"2 Louse","floor":4,"turns":3},{"damage":9,"enemies":"Red Slaver","floor":5,"turns":3},{"damage":30,"enemies":"3 Sentries","floor":7,"turns":7},{"damage":30,"enemies":"Gremlin Gang","floor":11,"turns":4},{"damage":10,"enemies":"Gremlin Nob","floor":13,"turns":2}],"relics_obtained":[{"floor":7,"key":"Omamori"},{"floor":9,"key":"Frozen Egg 2"}],"event_choices":[{"event_name":"Liars Game","player_choice":"disagreed","floor":12,"damage_taken":0}],"boss_relics":[],"items_purged_floors":[2],"potions_floor_spawned":[7,11],"seed_played":"-1979207376480642873","killed_by":"Gremlin Nob","ascension_level":4,"potions_obtained":[{"floor":7,"key":"SkillPotion"},{"floor":11,"key":"SteroidPotion"}],"is_trial":false}