{"gold_per_floor":[131,143,174,186,198,210,243,324,418,43,43],"floor_reached":11,"playtime":412,"items_purged":["Defend_B"],"score":76,"play_id":"f8915bf4-7057-480d-9c8d-967e38fa8734","local_time":"20180809022511","is_ascension_mode":true,"campfire_choices":[{"floor":6,"key":"REST"}],"neow_cost":"NONE","seed_source_timestamp":5699951905685,"circlet_count":0,"master_deck":["Strike_B","Strike_B","Strike_B","Defend_B","Defend_B","Defend_B","Zap","Dualcast","Conserve Battery","BootSequence","Self Repair"],"relics":["Cracked Core","MawBank","Golden Idol","Blue Candle","Ornamental Fan","Shuriken"],"potions_floor_usage":[8,11],"damage_taken":[{"damage":2,"enemies":"2 Louse","floor":1,"turns":3},{"damage":5,"enemies":"Small Slimes","floor":3,"turns":3},{"damage":0,"enemies":"Cultist","floor":7,"turns":3},{"damage":11,"enemies":"3 Sentries","floor":8,"turns":7},{"damage":59,"enemies":"Gremlin Nob","floor":11,"turns":4}],"seed_played":"-1308906285998270320","potions_obtained":[{"floor":1,"key":"PowerPotion"},{"floor":3,"key":"Dexterity Potion"}],"is_trial":false,"path_per_floor":["M","?","M","?","$","R","M","?","T","$"],"character_chosen":"DEFECT","items_purchased":["Self Repair","Shuriken"],"campfire_rested":1,"item_purchase_floors":[10,10],"current_hp_per_floor":[73,66,61,43,43,65,65,54,54,54,0],"gold":43,"neow_bonus":"RANDOM_COMMON_RELIC","is_prod":false,"is_daily":false,"chose_seed":false,"campfire_upgraded":0,"win_rate":0,"timestamp":1533774311,"path_taken":["M","?","M","?","$","R","?","?","T","?","E"],"build_version":"2018-08-02","purchased_purges":1,"victory":false,"max_hp_per_floor":[75,75,75,75,75,75,75,75,75,75,75],"card_choices":[{"not_picked":["Genetic Algorithm","Sweeping Beam","Rip and Tear"],"picked":"SKIP","floor":1},{"not_picked":["Streamline","Turbo","Skim"],"picked":"SKIP","floor":3},{"not_picked":["Rebound","Compile Driver"],"picked":"Conserve Battery","floor":7},{"not_picked":["Fusion","Seek"],"picked":"BootSequence","floor":8}],"player_experience":391246,"relics_obtained":[{"floor":8,"key":"Blue Candle"},{"floor":9,"key":"Ornamental Fan"}],"event_choices":[{"event_name":"Golden Wing","player_choice":"Card Removal","floor":2,"damage_taken":0},{"event_name":"Golden Idol","player_choice":"Take Damage","floor":4,"damage_taken":0},{"event_name":"Dead Adventurer","player_choice":"Searched \u00272\u0027 times","floor":8,"damage_taken":0}],"is_beta":false,"boss_relics":[],"items_purged_floors":[10],"is_endless":false,"potions_floor_spawned":[1,3],"killed_by":"Gremlin Nob","ascension_level":5}