{"gold_per_floor":[110,185,10,22,22,22,50,50,50,84,84,84,96,96,96,198,198,216,235,235,235,15,44,64,98,98,111,145,157,169,226,226,226],"floor_reached":33,"playtime":1742,"items_purged":["Regret"],"score":610,"play_id":"a8472704-c59a-454d-bc4b-a0272d2715b9","local_time":"20190324145442","is_ascension_mode":true,"campfire_choices":[{"data":"Poisoned Stab","floor":6.0,"key":"SMITH"},{"data":"Deadly Poison","floor":8.0,"key":"SMITH"},{"data":"Bullet Time","floor":11.0,"key":"SMITH"},{"data":"Neutralize","floor":15.0,"key":"SMITH"},{"floor":32.0,"key":"REST"}],"neow_cost":"NONE","seed_source_timestamp":0,"circlet_count":0,"master_deck":["Defend_G","Defend_G","Defend_G","Defend_G","Defend_G","Strike_G","Strike_G","Strike_G","Strike_G","Strike_G","Survivor","Neutralize+1","Poisoned Stab+1","Deadly Poison+1","Infinite Blades","Bullet Time+1","Escape Plan","Corpse Explosion","Regret","Bouncing Flask","Heel Hook+1","Ghostly","Ghostly","Ghostly","Ghostly","Ghostly","Cloak And Dagger+1","Prepared","Tactician","Terror","Acrobatics+1","Well Laid Plans+1","Bane+1","Corpse Explosion"],"special_seed":0,"relics":["Ring of the Snake","NeowsBlessing","PreservedInsect","Blood Vial","Ninja Scroll","Omamori","Art of War","FaceOfCleric","Calling Bell","Strawberry","Mummified Hand","Shovel","Letter Opener","Snake Skull","Bag of Preparation","Anchor","Happy Flower","Tiny Chest"],"potions_floor_usage":[],"damage_taken":[{"damage":0.0,"enemies":"Jaw Worm","floor":1.0,"turns":1.0},{"damage":0.0,"enemies":"2 Louse","floor":4.0,"turns":1.0},{"damage":0.0,"enemies":"Lagavulin","floor":7.0,"turns":1.0},{"damage":4.0,"enemies":"3 Sentries","floor":10.0,"turns":6.0},{"damage":0.0,"enemies":"Cultist","floor":13.0,"turns":2.0},{"damage":26.0,"enemies":"The Guardian","floor":16.0,"turns":9.0},{"damage":25.0,"enemies":"Shell Parasite","floor":18.0,"turns":5.0},{"damage":3.0,"enemies":"3 Byrds","floor":19.0,"turns":2.0},{"damage":6.0,"enemies":"Slavers","floor":23.0,"turns":3.0},{"damage":1.0,"enemies":"Snecko","floor":24.0,"turns":5.0},{"damage":0.0,"enemies":"Gremlin Leader","floor":25.0,"turns":3.0},{"damage":6.0,"enemies":"3 Cultists","floor":27.0,"turns":6.0},{"damage":1.0,"enemies":"Book of Stabbing","floor":28.0,"turns":6.0},{"damage":0.0,"enemies":"Snake Plant","floor":29.0,"turns":3.0},{"damage":28.0,"enemies":"Chosen and Byrds","floor":30.0,"turns":7.0},{"damage":2.0,"enemies":"Gremlin Leader","floor":31.0,"turns":4.0},{"damage":43,"enemies":"Automaton","floor":33,"turns":6}],"seed_played":"158762874656741956","potions_obtained":[{"floor":4.0,"key":"Block Potion"},{"floor":13.0,"key":"GhostInAJar"},{"floor":14.0,"key":"PowerPotion"},{"floor":14.0,"key":"EssenceOfSteel"},{"floor":23.0,"key":"EssenceOfSteel"},{"floor":24.0,"key":"AttackPotion"},{"floor":27.0,"key":"Fire Potion"},{"floor":28.0,"key":"SteroidPotion"},{"floor":30.0,"key":"PowerPotion"}],"is_trial":false,"path_per_floor":["M","?","$","M","?","R","E","R","T","E","R","?","M","?","R","B",null,"M","M","?","?","$","E","M","E","T","M","E","M","M","E","R","B"],"character_chosen":"THE_SILENT","items_purchased":["PreservedInsect","Deadly Poison","Snake Skull"],"campfire_rested":1,"item_purchase_floors":[3,3,22],"current_hp_per_floor":[63,52,52,52,52,52,54,54,54,52,52,52,55,55,55,32,69,47,47,40,40,40,35,37,40,40,37,39,42,17,18,32,0],"gold":226,"neow_bonus":"THREE_ENEMY_KILL","is_prod":false,"is_daily":false,"chose_seed":false,"campfire_upgraded":4,"win_rate":0,"timestamp":1553464482,"path_taken":["M","?","$","M","?","R","E","R","T","E","R","?","?","?","R","BOSS","M","?","?","?","$","E","M","E","T","M","E","M","?","E","R","BOSS"],"build_version":"2019-01-23","purchased_purges":1,"victory":false,"max_hp_per_floor":[70,70,70,70,70,70,70,70,70,70,70,70,71,71,71,72,79,80,81,40,40,40,41,42,43,43,44,45,46,47,48,48,48],"card_choices":[{"not_picked":["Dagger Spray","Bane"],"picked":"Poisoned Stab","floor":1.0},{"not_picked":["Underhanded Strike","Outmaneuver"],"picked":"Prepared","floor":4.0},{"not_picked":["Backflip","Slice"],"picked":"Infinite Blades","floor":7.0},{"not_picked":["Endless Agony","Riddle With Holes"],"picked":"Bullet Time","floor":10.0},{"not_picked":["Riddle With Holes","Dagger Spray"],"picked":"Escape Plan","floor":13.0},{"not_picked":["Venomology","Malaise"],"picked":"Corpse Explosion","floor":16.0},{"not_picked":["Masterful Stab","Quick Slash"],"picked":"Bouncing Flask","floor":18.0},{"not_picked":["Deflect","Cloak And Dagger"],"picked":"Heel Hook+1","floor":19.0},{"not_picked":["Malaise","Slice"],"picked":"Cloak And Dagger+1","floor":23.0},{"not_picked":["Deflect","Quick Slash"],"picked":"Prepared","floor":24.0},{"not_picked":["Escape Plan","Masterful Stab"],"picked":"Tactician","floor":25.0},{"not_picked":["Backflip","Backstab"],"picked":"Terror","floor":27.0},{"not_picked":["Underhanded Strike","Blade Dance"],"picked":"Acrobatics+1","floor":28.0},{"not_picked":["Blade Dance","Masterful Stab+1"],"picked":"Well Laid Plans+1","floor":29.0},{"not_picked":["Outmaneuver","Poisoned Stab"],"picked":"Bane+1","floor":30.0},{"not_picked":["Eviscerate","Backstab"],"picked":"Corpse Explosion","floor":31.0}],"player_experience":409603,"relics_obtained":[{"floor":7.0,"key":"Ninja Scroll"},{"floor":9.0,"key":"Omamori"},{"floor":10.0,"key":"Art of War"},{"floor":17.0,"key":"Strawberry"},{"floor":17.0,"key":"Mummified Hand"},{"floor":17.0,"key":"Shovel"},{"floor":23.0,"key":"Bag of Preparation"},{"floor":25.0,"key":"Anchor"},{"floor":28.0,"key":"Happy Flower"},{"floor":31.0,"key":"Tiny Chest"}],"event_choices":[{"damage_healed":0.0,"max_hp_gain":0.0,"max_hp_loss":0.0,"gold_gain":75.0,"event_name":"World of Goop","player_choice":"Gather Gold","floor":2.0,"gold_loss":0.0,"damage_taken":11.0},{"damage_healed":0.0,"max_hp_gain":0.0,"max_hp_loss":0.0,"gold_gain":0.0,"event_name":"Big Fish","player_choice":"Box","floor":5.0,"gold_loss":0.0,"damage_taken":0.0,"relics_obtained":["Blood Vial"],"cards_obtained":["Regret"]},{"damage_healed":0.0,"max_hp_gain":0.0,"max_hp_loss":0.0,"gold_gain":0.0,"event_name":"FaceTrader","player_choice":"Trade","floor":12.0,"gold_loss":0.0,"damage_taken":0.0,"relics_obtained":["FaceOfCleric"]},{"damage_healed":0.0,"max_hp_gain":0.0,"max_hp_loss":0.0,"gold_gain":0.0,"event_name":"Lab","player_choice":"Got Potions","floor":14.0,"gold_loss":0.0,"damage_taken":0.0},{"damage_healed":0.0,"max_hp_gain":0.0,"max_hp_loss":41.0,"gold_gain":0.0,"event_name":"Ghosts","player_choice":"Became a Ghost","floor":20.0,"gold_loss":0.0,"damage_taken":0.0,"cards_obtained":["Ghostly","Ghostly","Ghostly","Ghostly","Ghostly"]},{"cards_removed":["Prepared"],"damage_healed":0.0,"max_hp_gain":0.0,"max_hp_loss":0.0,"gold_gain":0.0,"event_name":"WeMeetAgain","player_choice":"Gave Card","floor":21.0,"gold_loss":0.0,"damage_taken":0.0,"relics_obtained":["Letter Opener"]}],"is_beta":false,"boss_relics":[{"not_picked":["Fusion Hammer","Black Star"],"picked":"Calling Bell"}],"items_purged_floors":[22],"is_endless":false,"potions_floor_spawned":[4,13,23,24,27,28,30],"killed_by":"Automaton","ascension_level":7}