{"gold_per_floor":[110,4,4,4,4,4,35,35,108,24,43,5,30,46,46,139,139,158,83,102,102,118,118,154,179,179,17,30,30,80,104,104,104],"floor_reached":33,"playtime":1071,"items_purged":[],"score":504,"play_id":"63ddae04-ca21-4d32-ad31-3559f3e3d5c2","local_time":"20181111111850","is_ascension_mode":true,"campfire_choices":[{"data":"Dagger Throw","floor":6.0,"key":"SMITH"},{"floor":8.0,"key":"REST"},{"data":"Phantasmal Killer","floor":15.0,"key":"SMITH"},{"data":"Wraith Form v2","floor":23.0,"key":"SMITH"},{"floor":32.0,"key":"REST"}],"neow_cost":"NONE","seed_source_timestamp":0,"circlet_count":0,"master_deck":["AscendersBane","Defend_G","Defend_G","Defend_G","Defend_G","Defend_G","Strike_G","Strike_G","Strike_G","Strike_G","Strike_G","Survivor","Neutralize","Dagger Throw+1","Flash of Steel+1","All Out Attack","Phantasmal Killer+1","Dagger Spray","Slice","After Image","Wraith Form v2+1","Acrobatics+1","Flying Knee+1","After Image","Neutralize","Endless Agony+1","Blade Dance+1","Deadly Poison+1","Injury","Shame","Dagger Throw+1"],"special_seed":0,"relics":["Ring of the Snake","Juzu Bracelet","Golden Idol","Happy Flower","Kunai","Cursed Key","Snake Skull","Ninja Scroll","Strawberry","Mercury Hourglass"],"potions_floor_usage":[],"damage_taken":[{"damage":1.0,"enemies":"Cultist","floor":1.0,"turns":4.0},{"damage":44.0,"enemies":"3 Sentries","floor":7.0,"turns":13.0},{"damage":0.0,"enemies":"2 Louse","floor":11.0,"turns":2.0},{"damage":0.0,"enemies":"Jaw Worm","floor":13.0,"turns":2.0},{"damage":0.0,"enemies":"2 Fungi Beasts","floor":14.0,"turns":2.0},{"damage":29.0,"enemies":"The Guardian","floor":16.0,"turns":14.0},{"damage":8.0,"enemies":"Spheric Guardian","floor":18.0,"turns":3.0},{"damage":6.0,"enemies":"2 Thieves","floor":20.0,"turns":3.0},{"damage":7.0,"enemies":"Chosen and Byrds","floor":22.0,"turns":6.0},{"damage":1.0,"enemies":"Slavers","floor":24.0,"turns":7.0},{"damage":3.0,"enemies":"Snake Plant","floor":25.0,"turns":5.0},{"damage":8.0,"enemies":"Centurion and Healer","floor":28.0,"turns":4.0},{"damage":5.0,"enemies":"3 Cultists","floor":31.0,"turns":4.0},{"damage":0,"enemies":"Champ","floor":33,"turns":1}],"seed_played":"-6024229634900771380","potions_obtained":[{"floor":1.0,"key":"Ancient Potion"},{"floor":7.0,"key":"Ancient Potion"},{"floor":14.0,"key":"Block Potion"},{"floor":18.0,"key":"SteroidPotion"},{"floor":20.0,"key":"SpeedPotion"},{"floor":24.0,"key":"SteroidPotion"},{"floor":31.0,"key":"PowerPotion"}],"is_trial":false,"path_per_floor":["M","$","?","?","?","R","E","R","T","$","M","?","M","M","R","B",null,"M","?","M","?","M","R","E","M","T","$","M","?","?","M","R","B"],"character_chosen":"THE_SILENT","items_purchased":["Flash of Steel","Phantasmal Killer","Strawberry"],"campfire_rested":2,"item_purchase_floors":[2,10,27],"current_hp_per_floor":[58,58,58,58,58,58,14,33,33,33,33,33,33,33,33,4,51,43,43,37,37,30,30,29,26,26,33,25,25,25,20,41,41],"gold":104,"neow_bonus":"RANDOM_COMMON_RELIC","is_prod":false,"is_daily":false,"chose_seed":false,"campfire_upgraded":3,"win_rate":0,"timestamp":1541953130,"path_taken":["M","$","?","?","?","R","E","R","T","$","M","?","M","M","R","BOSS","M","?","M","?","M","R","E","M","T","$","M","?","?","M","R","BOSS"],"build_version":"2018-11-08","purchased_purges":0,"victory":false,"max_hp_per_floor":[66,66,66,66,66,66,66,66,66,66,66,66,66,66,66,66,66,66,66,66,66,66,66,66,66,66,73,73,73,73,73,73,73],"card_choices":[{"not_picked":["Skewer","Prepared"],"picked":"Dagger Throw","floor":1.0},{"not_picked":["Prepared","Well Laid Plans"],"picked":"All Out Attack","floor":7.0},{"not_picked":["Endless Agony","Backstab"],"picked":"Dagger Spray","floor":11.0},{"not_picked":["Heel Hook","All Out Attack"],"picked":"Slice","floor":13.0},{"not_picked":["Finisher","Backflip"],"picked":"After Image","floor":14.0},{"not_picked":["Phantasmal Killer","Doppelganger"],"picked":"Wraith Form v2","floor":16.0},{"not_picked":["Backflip","Leg Sweep"],"picked":"Acrobatics+1","floor":18.0},{"not_picked":["Deadly Poison","Poisoned Stab"],"picked":"Flying Knee+1","floor":20.0},{"not_picked":["Backflip","Masterful Stab"],"picked":"Endless Agony+1","floor":22.0},{"not_picked":["Flechettes","Prepared"],"picked":"Blade Dance+1","floor":24.0},{"not_picked":["Poisoned Stab","Reflex"],"picked":"Deadly Poison+1","floor":25.0},{"not_picked":["Tools of the Trade","Backflip","Flying Knee"],"picked":"SKIP","floor":28.0},{"not_picked":["Outmaneuver+1","Flying Knee"],"picked":"Dagger Throw+1","floor":31.0}],"player_experience":715017,"relics_obtained":[{"floor":7.0,"key":"Happy Flower"},{"floor":9.0,"key":"Kunai"},{"floor":24.0,"key":"Snake Skull"},{"floor":26.0,"key":"Ninja Scroll"}],"event_choices":[{"damage_healed":0.0,"max_hp_gain":0.0,"max_hp_loss":0.0,"gold_gain":0.0,"event_name":"Upgrade Shrine","player_choice":"Upgraded","floor":3.0,"gold_loss":0.0,"damage_taken":0.0,"cards_upgraded":["Flash of Steel"]},{"damage_healed":0.0,"max_hp_gain":0.0,"max_hp_loss":0.0,"gold_gain":0.0,"event_name":"Scrap Ooze","player_choice":"Fled","floor":4.0,"gold_loss":0.0,"damage_taken":0.0},{"damage_healed":0.0,"max_hp_gain":0.0,"max_hp_loss":0.0,"gold_gain":0.0,"event_name":"Golden Idol","player_choice":"Take Wound","floor":5.0,"gold_loss":0.0,"damage_taken":0.0,"relics_obtained":["Golden Idol"],"cards_obtained":["Injury"]},{"damage_healed":0.0,"max_hp_gain":0.0,"max_hp_loss":0.0,"gold_gain":0.0,"event_name":"World of Goop","player_choice":"Left Gold","floor":12.0,"gold_loss":38.0,"damage_taken":0.0},{"cards_removed":["Injury"],"damage_healed":0.0,"max_hp_gain":0.0,"max_hp_loss":0.0,"gold_gain":0.0,"event_name":"Beggar","player_choice":"Gave Gold","floor":19.0,"gold_loss":75.0,"damage_taken":0.0},{"damage_healed":0.0,"max_hp_gain":0.0,"max_hp_loss":0.0,"gold_gain":0.0,"event_name":"Match and Keep!","player_choice":"2 cards matched","floor":21.0,"gold_loss":0.0,"damage_taken":0.0,"cards_obtained":["After Image","Neutralize"]},{"damage_healed":0.0,"max_hp_gain":0.0,"max_hp_loss":0.0,"gold_gain":0.0,"event_name":"Addict","player_choice":"Stole Relic","floor":29.0,"gold_loss":0.0,"damage_taken":0.0,"relics_obtained":["Mercury Hourglass"],"cards_obtained":["Shame"]},{"damage_healed":0.0,"max_hp_gain":0.0,"max_hp_loss":0.0,"gold_gain":50.0,"event_name":"Golden Shrine","player_choice":"Pray","floor":30.0,"gold_loss":0.0,"damage_taken":0.0}],"is_beta":false,"boss_relics":[{"not_picked":["Eternal Feather","Black Star"],"picked":"Cursed Key"}],"items_purged_floors":[],"is_endless":false,"potions_floor_spawned":[1,7,14,18,20,24,31],"killed_by":"Champ","ascension_level":18}