{"gold_per_floor":[119,129,129,129,146,146,178,243,267,281,292,292,292,304,304,403,403,421,83,33,44,44,70,70,105,105,121,121,155,155,170,170,273,323,343,355,212,212,20,47,47,47],"floor_reached":42,"playtime":2932,"items_purged":[],"score":534,"play_id":"5c357c35-a455-4c50-bf54-21963ab6d7b3","local_time":"20180806224106","is_ascension_mode":true,"campfire_choices":[{"data":"Flex","floor":6.0,"key":"SMITH"},{"floor":13.0,"key":"DIG"},{"floor":15.0,"key":"REST"},{"floor":24.0,"key":"REST"},{"floor":28.0,"key":"REST"},{"floor":30.0,"key":"REST"},{"floor":32,"key":"DIG"},{"floor":41,"key":"REST"}],"neow_cost":"NONE","seed_source_timestamp":0,"circlet_count":0,"master_deck":["Strike_R+1","Strike_R","Strike_R","Strike_R","Strike_R","Defend_R","Defend_R","Bash","Impervious","Perfected Strike","Flex+1","Evolve","Flex","Fire Breathing+1","True Grit","Headbutt","Heavy Blade","Inflame","Feed","Thunderclap","Iron Wave+1","Armaments","Inflame+1","Exhume","Shrug It Off+1","Bludgeon","True Grit+1","Heavy Blade","Armaments+1","Warcry","Clothesline+1"],"special_seed":0,"relics":["Burning Blood","Pen Nib","Shovel","Lantern","Regal Pillow","Lizard Tail","Sling","Happy Flower","Bronze Scales","Dream Catcher","Meat on the Bone","Bottled Tornado","Anchor","Tiny House","Vajra","HandDrill","Red Skull"],"potions_floor_usage":[33,35,36,40],"damage_taken":[{"damage":6.0,"enemies":"2 Louse","floor":1.0,"turns":3.0},{"damage":6.0,"enemies":"Jaw Worm","floor":2.0,"turns":3.0},{"damage":3.0,"enemies":"Small Slimes","floor":5.0,"turns":3.0},{"damage":12.0,"enemies":"Lagavulin","floor":7.0,"turns":6.0},{"damage":28.0,"enemies":"Lagavulin Event","floor":8.0,"turns":6.0},{"damage":6.0,"enemies":"Exordium Wildlife","floor":10.0,"turns":3.0},{"damage":0.0,"enemies":"Looter","floor":11.0,"turns":2.0},{"damage":10.0,"enemies":"2 Fungi Beasts","floor":14.0,"turns":3.0},{"damage":32.0,"enemies":"The Guardian","floor":16.0,"turns":8.0},{"damage":39.0,"enemies":"2 Thieves","floor":18.0,"turns":4.0},{"damage":29.0,"enemies":"3 Byrds","floor":21.0,"turns":6.0},{"damage":46.0,"enemies":"Slavers","floor":23.0,"turns":5.0},{"damage":52.0,"enemies":"Gremlin Leader","floor":25.0,"turns":8.0},{"damage":18.0,"enemies":"Sentry and Sphere","floor":27.0,"turns":3.0},{"damage":16.0,"enemies":"Book of Stabbing","floor":29.0,"turns":3.0},{"damage":0.0,"enemies":"Snecko","floor":31.0,"turns":2.0},{"damage":122,"enemies":"Champ","floor":33,"turns":13},{"damage":0,"enemies":"3 Darklings","floor":35,"turns":3},{"damage":11,"enemies":"Flame Bruiser 1 Orb","floor":36,"turns":4},{"damage":54,"enemies":"2 Orb Walkers","floor":40,"turns":4},{"damage":96,"enemies":"Giant Head","floor":42,"turns":8}],"seed_played":"-2889960649324496688","potions_obtained":[{"floor":2.0,"key":"EssenceOfSteel"},{"floor":5.0,"key":"EssenceOfSteel"},{"floor":8.0,"key":"Fire Potion"},{"floor":18.0,"key":"EssenceOfSteel"},{"floor":21.0,"key":"AttackPotion"},{"floor":25.0,"key":"BloodPotion"},{"floor":31,"key":"Weak Potion"},{"floor":33,"key":"AttackPotion"},{"floor":34,"key":"Energy Potion"},{"floor":35,"key":"FearPotion"}],"is_trial":false,"path_per_floor":["M","M","?","?","M","R","E","?","T","M","M","?","R","M","R","B",null,"M","$","?","M","?","E","R","E","T","M","R","E","R","M","R","B",null,"M","M","$","?","$","E","R"],"character_chosen":"IRONCLAD","items_purchased":["Sling","Happy Flower","Vajra","HandDrill"],"campfire_rested":5,"item_purchase_floors":[19,19,37,39],"current_hp_per_floor":[80,80,80,80,80,80,74,52,52,52,58,58,58,54,80,54,80,47,47,47,27,27,17,57,11,11,22,63,53,89,89,89,39,94,94,89,89,89,89,53,94,0],"gold":47,"neow_bonus":"TRANSFORM_CARD","is_prod":false,"is_daily":false,"chose_seed":false,"campfire_upgraded":1,"win_rate":0,"timestamp":1533588066,"path_taken":["M","M","?","?","?","R","E","?","T","M","?","?","R","M","R","BOSS","M","$","?","?","?","E","R","E","T","M","R","E","R","M","R","BOSS","M","?","$","?","$","E","R","E"],"build_version":"2018-08-02","purchased_purges":0,"victory":false,"max_hp_per_floor":[80,80,80,80,80,80,80,80,80,80,80,80,80,80,80,80,80,80,80,80,83,83,86,86,86,86,89,89,89,89,89,89,89,94,94,94,94,94,94,94,94,94],"card_choices":[{"not_picked":["Anger","Twin Strike"],"picked":"Perfected Strike","floor":1.0},{"not_picked":["Havoc","Reckless Charge"],"picked":"Flex","floor":2.0},{"not_picked":["Heavy Blade","Uppercut"],"picked":"Flex","floor":5.0},{"not_picked":["Brutality","Hemokinesis"],"picked":"Fire Breathing","floor":7.0},{"not_picked":["Heavy Blade","Anger"],"picked":"True Grit","floor":8.0},{"not_picked":["Sever Soul","Rupture"],"picked":"Headbutt","floor":10.0},{"not_picked":["Seeing Red","Power Through"],"picked":"Heavy Blade","floor":11.0},{"not_picked":["Rampage","Intimidate"],"picked":"Inflame","floor":14.0},{"not_picked":["Dark Embrace","Immolate"],"picked":"Feed","floor":16.0},{"not_picked":["Twin Strike","Headbutt"],"picked":"Thunderclap","floor":18.0},{"not_picked":["Thunderclap","Evolve+1"],"picked":"Iron Wave+1","floor":21.0},{"not_picked":["Anger","Burning Pact"],"picked":"Armaments","floor":23.0},{"not_picked":["Clothesline","Pommel Strike+1"],"picked":"Inflame+1","floor":25.0},{"not_picked":["Perfected Strike","Shockwave+1"],"picked":"Exhume","floor":27.0},{"not_picked":["Corruption+1","Pommel Strike","Havoc+1"],"picked":"SKIP","floor":29.0},{"not_picked":["Combust","Heavy Blade"],"picked":"Shrug It Off+1","floor":31},{"not_picked":["Brutality","Impervious"],"picked":"Bludgeon","floor":33},{"not_picked":["Shrug It Off","Anger"],"picked":"True Grit+1","floor":34},{"not_picked":["Sword Boomerang","Havoc+1"],"picked":"Heavy Blade","floor":35},{"not_picked":["Reckless Charge+1","True Grit+1"],"picked":"Armaments+1","floor":36},{"not_picked":["Immolate","Ghostly Armor"],"picked":"Warcry","floor":40},{"not_picked":["Pommel Strike","Twin Strike"],"picked":"Clothesline+1","floor":41}],"player_experience":139413,"relics_obtained":[{"floor":7.0,"key":"Pen Nib"},{"floor":8.0,"key":"Shovel"},{"floor":9.0,"key":"Lantern"},{"floor":13.0,"key":"Regal Pillow"},{"floor":23.0,"key":"Bronze Scales"},{"floor":25.0,"key":"Dream Catcher"},{"floor":26.0,"key":"Meat on the Bone"},{"floor":29.0,"key":"Bottled Tornado"},{"floor":32,"key":"Anchor"},{"floor":40,"key":"Red Skull"}],"event_choices":[{"event_name":"The Cleric","player_choice":"Leave","floor":3.0,"damage_taken":0.0},{"event_name":"Transmorgrifier","player_choice":"Transform","floor":4.0,"damage_taken":0.0},{"event_name":"Dead Adventurer","player_choice":"Searched \u00272\u0027 times","floor":8.0,"damage_taken":0.0},{"event_name":"Living Wall","player_choice":"Grow","floor":12.0,"damage_taken":0.0},{"event_name":"The Joust","player_choice":"Bet on Murderer","floor":20.0,"damage_taken":0.0},{"event_name":"Cursed Tome","player_choice":"Ignored","floor":22.0,"damage_taken":0.0},{"event_name":"Tomb of Lord Red Mask","player_choice":"Ignored","floor":38,"damage_taken":0}],"is_beta":false,"boss_relics":[{"not_picked":["Empty Cage","Coffee Dripper"],"picked":"Lizard Tail"},{"not_picked":["Cursed Key","Snecko Eye"],"picked":"Tiny House"}],"items_purged_floors":[],"is_endless":false,"potions_floor_spawned":[2,5,8,18,21,25,31,33,35],"killed_by":"Giant Head","ascension_level":1}