{"gold_per_floor":[118,134,309,7,82,82,111,124,124,138,138,168,186,205,205,310,310,321,332,332],"floor_reached":20,"playtime":804,"items_purged":[],"score":264,"play_id":"3c171194-a882-4926-a33d-9e9ec4e2dc0b","local_time":"20190321151926","is_ascension_mode":true,"campfire_choices":[{"data":"Backstab","floor":6,"key":"SMITH"},{"floor":15,"key":"REST"}],"neow_cost":"NONE","seed_source_timestamp":714608307821585,"circlet_count":0,"master_deck":["Defend_G","Defend_G","Defend_G","Defend_G","Defend_G","Strike_G","Strike_G","Strike_G","Strike_G","Strike_G","Survivor","Neutralize","Tactician","Backstab+1","Doubt","Heel Hook","Tactician","Deflect","Blade Dance","Terror","Choke","Doppelganger","Noxious Fumes+1","Eviscerate+1"],"relics":["Ring of the Serpent","NeowsBlessing","FossilizedHelix","Ornamental Fan","Mummified Hand","Shuriken"],"potions_floor_usage":[10,12,14,16,20],"damage_taken":[{"damage":0,"enemies":"Jaw Worm","floor":1,"turns":1},{"damage":0,"enemies":"Cultist","floor":2,"turns":1},{"damage":0,"enemies":"3 Sentries","floor":7,"turns":1},{"damage":0,"enemies":"2 Louse","floor":8,"turns":2},{"damage":0,"enemies":"Looter","floor":10,"turns":2},{"damage":53,"enemies":"Lagavulin","floor":12,"turns":11},{"damage":0,"enemies":"Blue Slaver","floor":13,"turns":2},{"damage":0,"enemies":"Exordium Wildlife","floor":14,"turns":6},{"damage":40,"enemies":"The Guardian","floor":16,"turns":9},{"damage":19,"enemies":"2 Thieves","floor":18,"turns":4},{"damage":13,"enemies":"Shell Parasite","floor":19,"turns":5},{"damage":26,"enemies":"Centurion and Healer","floor":20,"turns":3}],"seed_played":"8562590458041483168","potions_obtained":[{"floor":2,"key":"SkillPotion"},{"floor":7,"key":"Block Potion"},{"floor":13,"key":"Regen Potion"},{"floor":14,"key":"SkillPotion"},{"floor":19,"key":"Fire Potion"}],"is_trial":false,"path_per_floor":["M","M","?","$","?","R","E","M","T","M","T","E","M","M","R","B",null,"M","M","M"],"character_chosen":"THE_SILENT","items_purchased":["FossilizedHelix"],"campfire_rested":1,"item_purchase_floors":[4],"current_hp_per_floor":[70,70,70,70,59,59,59,59,59,59,59,6,6,21,42,2,53,34,21,0],"gold":332,"neow_bonus":"THREE_ENEMY_KILL","is_prod":false,"is_daily":false,"chose_seed":false,"campfire_upgraded":1,"win_rate":0,"timestamp":1553206766,"path_taken":["M","M","?","$","?","R","E","M","T","M","?","E","?","M","R","BOSS","M","?","M"],"build_version":"2019-01-23","purchased_purges":0,"victory":false,"max_hp_per_floor":[70,70,70,70,70,70,70,70,70,70,70,70,70,70,70,70,70,70,70,70],"card_choices":[{"not_picked":["PiercingWail","Catalyst"],"picked":"Tactician","floor":1},{"not_picked":["Slice","Noxious Fumes"],"picked":"Backstab","floor":2},{"not_picked":["Deadly Poison","Underhanded Strike"],"picked":"Heel Hook","floor":7},{"not_picked":["Sucker Punch","Skewer"],"picked":"Tactician","floor":8},{"not_picked":["Distraction","All Out Attack"],"picked":"Deflect","floor":10},{"not_picked":["Flying Knee","Riddle With Holes"],"picked":"Blade Dance","floor":12},{"not_picked":["Deadly Poison","Flying Knee"],"picked":"Terror","floor":13},{"not_picked":["Acrobatics","Dodge and Roll"],"picked":"Choke","floor":14},{"not_picked":["Malaise","Bullet Time"],"picked":"Doppelganger","floor":16},{"not_picked":["Bouncing Flask","Eviscerate"],"picked":"Noxious Fumes+1","floor":18},{"not_picked":["Bane","Poisoned Stab+1"],"picked":"Eviscerate+1","floor":19}],"player_experience":365269,"relics_obtained":[{"floor":7,"key":"Ornamental Fan"},{"floor":11,"key":"Mummified Hand"},{"floor":12,"key":"Shuriken"}],"event_choices":[{"damage_healed":0,"gold_gain":175,"player_choice":"AGREE","damage_taken":0,"max_hp_gain":0,"max_hp_loss":0,"event_name":"Liars Game","floor":3,"gold_loss":0,"cards_obtained":["Doubt"]},{"damage_healed":0,"gold_gain":75,"player_choice":"Gather Gold","damage_taken":11,"max_hp_gain":0,"max_hp_loss":0,"event_name":"World of Goop","floor":5,"gold_loss":0}],"is_beta":false,"boss_relics":[{"not_picked":["Coffee Dripper","Velvet Choker"],"picked":"Ring of the Serpent"}],"items_purged_floors":[],"is_endless":false,"potions_floor_spawned":[2,7,13,14,19],"killed_by":"Centurion and Healer","ascension_level":5}