{"gold_per_floor":[114,129,144,159,174,204,204,234,259,259,289,304,334,84,84,184,184,154,169,184,199,214,244,259,289,314,344,344,359,374,404,404,504,504,519,534,459,474,57,87,87,117,192,222,237,237,267,282,282,282],"floor_reached":51,"playtime":5666,"items_purged":["Strike_G","Strike_G"],"score":1208,"play_id":"6c36d9d9-35b4-4ddb-afd3-84021d3ce554","local_time":"20190130025202","daily_mods":["Specialized","Red Cards","Elite Swarm"],"is_ascension_mode":false,"campfire_choices":[{"floor":7.0,"key":"REST"},{"data":"Body Slam","floor":15.0,"key":"SMITH"},{"data":"Body Slam","floor":28.0,"key":"SMITH"},{"data":"Dark Embrace","floor":32.0,"key":"SMITH"},{"data":"Feel No Pain","floor":46,"key":"SMITH"},{"data":"Footwork","floor":49,"key":"SMITH"}],"neow_cost":"","seed_source_timestamp":0,"circlet_count":0,"master_deck":["Defend_G","Defend_G","Defend_G","Defend_G","Defend_G","Strike_G","Strike_G","Survivor","Neutralize+1","Second Wind","Second Wind","Second Wind","Second Wind","Second Wind","Seeing Red","Body Slam+1","Body Slam+1","Pommel Strike+1","Power Through","Tools of the Trade","Exhume","Clash","Feel No Pain+1","Headbutt+1","Shrug It Off+1","Second Wind+1","Night Terror+1","Armaments+1","Armaments+1","Dark Embrace+1","Clothesline+1","Footwork+1","Feel No Pain+1","Deflect+1","Forethought+1","Backflip+1","Venomology+1","Footwork","Venomology+1","Dodge and Roll+1"],"special_seed":17926,"relics":["Ring of the Snake","Bottled Flame","Snake Skull","Bag of Preparation","Omamori","Oddly Smooth Stone","Toxic Egg 2","Runic Pyramid","Bottled Tornado","Letter Opener","Whetstone","FossilizedHelix","Anchor","Lizard Tail","Membership Card","Bag of Marbles","Matryoshka","Ginger","Bronze Scales","Mummified Hand","Ice Cream"],"potions_floor_usage":[50,50,50],"damage_taken":[{"damage":7.0,"enemies":"Cultist","floor":1.0,"turns":6.0},{"damage":0.0,"enemies":"2 Louse","floor":2.0,"turns":2.0},{"damage":4.0,"enemies":"Jaw Worm","floor":3.0,"turns":4.0},{"damage":3.0,"enemies":"Red Slaver","floor":4.0,"turns":3.0},{"damage":9.0,"enemies":"Large Slime","floor":5.0,"turns":9.0},{"damage":25.0,"enemies":"Lagavulin","floor":6.0,"turns":8.0},{"damage":13.0,"enemies":"3 Sentries","floor":8.0,"turns":11.0},{"damage":10.0,"enemies":"Lagavulin","floor":11.0,"turns":8.0},{"damage":0.0,"enemies":"Looter","floor":12.0,"turns":3.0},{"damage":9.0,"enemies":"3 Sentries","floor":13.0,"turns":7.0},{"damage":33.0,"enemies":"Slime Boss","floor":16.0,"turns":13.0},{"damage":10.0,"enemies":"2 Thieves","floor":18.0,"turns":5.0},{"damage":0.0,"enemies":"Spheric Guardian","floor":19.0,"turns":3.0},{"damage":9.0,"enemies":"3 Cultists","floor":20.0,"turns":4.0},{"damage":0.0,"enemies":"Sentry and Sphere","floor":21.0,"turns":3.0},{"damage":1.0,"enemies":"Shelled Parasite and Fungi","floor":22.0,"turns":5.0},{"damage":0.0,"enemies":"Gremlin Leader","floor":23.0,"turns":6.0},{"damage":2.0,"enemies":"Centurion and Healer","floor":24.0,"turns":4.0},{"damage":0.0,"enemies":"Book of Stabbing","floor":25.0,"turns":4.0},{"damage":3.0,"enemies":"Slavers","floor":27.0,"turns":6.0},{"damage":0.0,"enemies":"Snecko","floor":29.0,"turns":2.0},{"damage":0.0,"enemies":"Chosen and Byrds","floor":30.0,"turns":3.0},{"damage":0.0,"enemies":"Gremlin Leader","floor":31.0,"turns":2.0},{"damage":0.0,"enemies":"Automaton","floor":33.0,"turns":8.0},{"damage":0.0,"enemies":"Orb Walker","floor":35.0,"turns":2.0},{"damage":0.0,"enemies":"3 Darklings","floor":36.0,"turns":3.0},{"damage":0.0,"enemies":"Writhing Mass","floor":38.0,"turns":6.0},{"damage":0.0,"enemies":"Giant Head","floor":40.0,"turns":6.0},{"damage":0.0,"enemies":"Nemesis","floor":42.0,"turns":3.0},{"damage":0.0,"enemies":"Reptomancer","floor":44.0,"turns":5.0},{"damage":0,"enemies":"Jaw Worm Horde","floor":45,"turns":6},{"damage":0,"enemies":"Giant Head","floor":47,"turns":8},{"damage":0,"enemies":"Maw","floor":48,"turns":5},{"damage":0,"enemies":"Awakened One","floor":50,"turns":7}],"seed_played":"5247171825333593752","potions_obtained":[{"floor":1.0,"key":"SpeedPotion"},{"floor":4.0,"key":"SpeedPotion"},{"floor":6.0,"key":"FairyPotion"},{"floor":12.0,"key":"SkillPotion"},{"floor":20.0,"key":"Block Potion"},{"floor":22.0,"key":"Swift Potion"},{"floor":23.0,"key":"Dexterity Potion"},{"floor":35.0,"key":"Dexterity Potion"}],"is_trial":false,"path_per_floor":["M","M","M","M","M","E","R","E","T","?","E","M","E","$","R","B",null,"M","M","M","M","M","E","M","E","T","E","R","M","M","E","R","B",null,"M","M","$","M","$","E","?","E","T","E","M","R","E","M","R","B",null],"character_chosen":"THE_SILENT","items_purchased":["Toxic Egg 2","Membership Card","Deflect+1","Bag of Marbles","Forethought+1","Backflip+1"],"campfire_rested":1,"item_purchase_floors":[14,39,39,39,39,39],"current_hp_per_floor":[63,63,59,56,47,22,43,30,30,80,70,70,61,61,61,28,80,70,70,61,61,60,60,58,58,58,55,55,55,55,55,55,55,80,80,80,80,80,80,80,80,80,80,80,80,80,80,80,80,80],"gold":282,"neow_bonus":"","is_prod":false,"is_daily":true,"chose_seed":false,"campfire_upgraded":5,"win_rate":0,"timestamp":1548834722,"path_taken":["M","M","?","M","?","E","R","E","T","?","E","?","E","$","R","BOSS","M","M","M","M","M","E","M","E","T","E","R","M","M","E","R","BOSS","M","M","$","M","$","E","?","E","T","E","?","R","E","M","R","BOSS"],"build_version":"2019-01-23","purchased_purges":2,"victory":true,"max_hp_per_floor":[70,70,70,70,70,70,70,70,70,80,80,80,80,80,80,80,80,80,80,80,80,80,80,80,80,80,80,80,80,80,80,80,80,80,80,80,80,80,80,80,80,80,80,80,80,80,80,80,80,80],"card_choices":[{"not_picked":["Blood for Blood","Thunderclap"],"picked":"Seeing Red","floor":1.0},{"not_picked":["Anger","Quick Slash"],"picked":"Body Slam","floor":2.0},{"not_picked":["Backflip","Deflect"],"picked":"Body Slam","floor":3.0},{"not_picked":["Wild Strike","Spot Weakness"],"picked":"Pommel Strike","floor":4.0},{"not_picked":["Riddle With Holes","Choke"],"picked":"Power Through","floor":5.0},{"not_picked":["Unload","Brutality"],"picked":"Tools of the Trade","floor":6.0},{"not_picked":["Corpse Explosion","Bullet Time"],"picked":"Unload","floor":8.0},{"not_picked":["Juggernaut","Malaise"],"picked":"Exhume","floor":11.0},{"not_picked":["Blade Dance","Clothesline"],"picked":"Clash","floor":12.0},{"not_picked":["Venomology","Bludgeon","Grand Finale"],"picked":"SKIP","floor":13.0},{"not_picked":["Well Laid Plans","Reckless Charge"],"picked":"Feel No Pain","floor":18.0},{"not_picked":["Havoc+1","Acrobatics+1"],"picked":"Headbutt+1","floor":19.0},{"not_picked":["Deadly Poison+1","Cleave"],"picked":"Shrug It Off+1","floor":20.0},{"not_picked":["Flex+1","Wild Strike","Cloak And Dagger+1"],"picked":"SKIP","floor":21.0},{"not_picked":["Cloak And Dagger+1","Quick Slash","Endless Agony"],"picked":"SKIP","floor":22.0},{"not_picked":["Demon Form","Tools of the Trade","Wraith Form v2"],"picked":"SKIP","floor":23.0},{"not_picked":["Pommel Strike","Clothesline+1"],"picked":"Second Wind+1","floor":24.0},{"not_picked":["Glass Knife","Corpse Explosion+1","Berserk"],"picked":"SKIP","floor":25.0},{"not_picked":["Double Tap+1","Envenom"],"picked":"Night Terror+1","floor":27.0},{"not_picked":["Flame Barrier+1","Sucker Punch"],"picked":"Armaments+1","floor":29.0},{"not_picked":["Headbutt","Iron Wave"],"picked":"Armaments+1","floor":30.0},{"not_picked":["Immolate","Adrenaline+1"],"picked":"Dark Embrace","floor":31.0},{"not_picked":["Deadly Poison+1","Sword Boomerang"],"picked":"Clothesline+1","floor":35.0},{"not_picked":["Havoc+1","Perfected Strike+1"],"picked":"Footwork","floor":36.0},{"not_picked":["Reaper","Fire Breathing+1"],"picked":"Feel No Pain+1","floor":38.0},{"not_picked":["Immolate","Dark Embrace","Grand Finale"],"picked":"SKIP","floor":40.0},{"not_picked":["Wraith Form v2","Impervious+1"],"picked":"Venomology+1","floor":42.0},{"not_picked":["Dark Embrace","A Thousand Cuts","Tools of the Trade"],"picked":"SKIP","floor":44.0},{"not_picked":["Masterful Stab","Finisher"],"picked":"Footwork","floor":45},{"not_picked":["Die Die Die","Berserk"],"picked":"Venomology+1","floor":47},{"not_picked":["Pommel Strike","Flex+1"],"picked":"Dodge and Roll+1","floor":48}],"player_experience":164079,"relics_obtained":[{"floor":6.0,"key":"Bottled Flame"},{"floor":8.0,"key":"Snake Skull"},{"floor":9.0,"key":"Bag of Preparation"},{"floor":11.0,"key":"Omamori"},{"floor":13.0,"key":"Oddly Smooth Stone"},{"floor":23.0,"key":"Bottled Tornado"},{"floor":25.0,"key":"Letter Opener"},{"floor":26.0,"key":"Whetstone"},{"floor":27.0,"key":"FossilizedHelix"},{"floor":31.0,"key":"Anchor"},{"floor":40.0,"key":"Matryoshka"},{"floor":42.0,"key":"Ginger"},{"floor":43.0,"key":"Bronze Scales"},{"floor":43.0,"key":"Mummified Hand"},{"floor":44.0,"key":"Ice Cream"}],"event_choices":[{"cards_removed":["Unload"],"damage_healed":40.0,"max_hp_gain":10.0,"max_hp_loss":0.0,"gold_gain":0.0,"event_name":"Bonfire Elementals","player_choice":"Offered Rare","floor":10.0,"gold_loss":0.0,"damage_taken":0.0},{"cards_removed":["Strike_G"],"damage_healed":0.0,"max_hp_gain":0.0,"max_hp_loss":0.0,"gold_gain":0.0,"event_name":"Purifier","player_choice":"Purged","floor":41.0,"gold_loss":0.0,"damage_taken":0.0}],"is_beta":false,"boss_relics":[{"not_picked":["Coffee Dripper","Sozu"],"picked":"Runic Pyramid"},{"not_picked":["Snecko Eye","Velvet Choker"],"picked":"Lizard Tail"}],"items_purged_floors":[37,39],"is_endless":false,"potions_floor_spawned":[1,4,6,8,12,20,21,22,23,27,30,35,38,42,48],"ascension_level":0}