{"path_per_floor":["M","$","?","M","M","R","M","R","T","E","M","?","$","E","R","B",null,"M","$","M","?","?","R","E","M","T","M","M","M","R","E","R","B",null,"M","?","M","?","?","R","M","E","T","M","R","$","?","E","R","B"],"character_chosen":"IRONCLAD","items_purchased":["Prayer Wheel"],"gold_per_floor":[117,42,42,58,74,74,94,94,121,146,166,266,14,39,39,139,139,153,28,41,41,41,41,67,83,83,98,108,127,127,152,152,248,248,261,0,11,11,11,11,21,51,51,66,66,66,66,99,99,99],"floor_reached":51,"campfire_rested":2,"playtime":2234,"current_hp_per_floor":[80,80,80,71,75,75,71,71,71,75,80,80,80,73,73,44,80,70,70,69,69,69,69,55,61,61,45,51,45,73,85,85,76,102,104,104,94,94,99,99,92,100,102,110,110,110,96,77,111,71],"items_purged":["Defend_R","Decay","True Grit"],"gold":99,"score":919,"play_id":"107eb77e-adcb-4f09-b15d-0d15ed7852f7","local_time":"20180509152958","is_prod":false,"is_daily":false,"chose_seed":false,"is_ascension_mode":true,"campfire_upgraded":7,"timestamp":1525850998,"path_taken":["M","$","?","M","M","R","M","R","T","E","M","?","$","E","R","BOSS","M","$","?","?","?","R","E","?","T","M","?","M","R","E","R","BOSS","M","?","M","?","?","R","?","E","T","M","R","?","?","E","R","BOSS"],"build_version":"2018-05-03","seed_source_timestamp":2095429495804104,"purchased_purges":3,"victory":true,"master_deck":["Bash","Sword Boomerang","Armaments+1","Flex+1","Flex+1","Double Tap+1","Battle Trance+1","Feed","Sword Boomerang","Heavy Blade","Sword Boomerang","Clash","Battle Trance+1","Seeing Red+1","Pommel Strike+1","Flex+1","Limit Break+1","Whirlwind","Madness","Madness"],"max_hp_per_floor":[80,80,80,80,80,80,80,80,80,80,80,80,80,80,80,80,80,84,84,87,87,87,87,94,94,94,94,94,94,94,100,100,102,102,104,104,106,106,106,106,108,110,112,114,114,114,114,116,116,116],"relics":["Burning Blood","Bag of Marbles","Anchor","Prayer Wheel","Champion Belt","Pandora\u0027s Box","Strawberry","Pen Nib","Singing Bowl","Sozu","Red Mask","Juzu Bracelet","Frozen Egg 2","Centennial Puzzle"],"card_choices":[{"not_picked":["Perfected Strike","Twin Strike"],"picked":"Armaments","floor":1},{"not_picked":["Impervious","Iron Wave"],"picked":"Flex","floor":4},{"not_picked":["True Grit","Clothesline"],"picked":"Flex","floor":5},{"not_picked":["Heavy Blade","Sword Boomerang"],"picked":"Double Tap","floor":7},{"not_picked":["Cleave","Armaments"],"picked":"Battle Trance","floor":14},{"not_picked":["Impervious","Reaper"],"picked":"Feed","floor":16},{"not_picked":["Wild Strike","Fire Breathing"],"picked":"Seeing Red","floor":18},{"not_picked":["Warcry","Intimidate"],"picked":"Pommel Strike","floor":20},{"not_picked":["Pommel Strike","Thunderclap"],"picked":"Limit Break","floor":24},{"not_picked":["Rampage","Cleave"],"picked":"Whirlwind","floor":29}],"player_experience":139892,"potions_floor_usage":[11,14,16,27,29,29,50],"damage_taken":[{"damage":6,"enemies":"Cultist","floor":1,"turns":3},{"damage":15,"enemies":"Jaw Worm","floor":4,"turns":4},{"damage":2,"enemies":"2 Louse","floor":5,"turns":3},{"damage":10,"enemies":"2 Fungi Beasts","floor":7,"turns":4},{"damage":2,"enemies":"Gremlin Nob","floor":10,"turns":2},{"damage":0,"enemies":"Gremlin Gang","floor":11,"turns":3},{"damage":13,"enemies":"Lagavulin","floor":14,"turns":3},{"damage":35,"enemies":"Hexaghost","floor":16,"turns":5},{"damage":20,"enemies":"3 Byrds","floor":18,"turns":4},{"damage":10,"enemies":"2 Thieves","floor":20,"turns":3},{"damage":27,"enemies":"Gremlin Leader","floor":24,"turns":3},{"damage":0,"enemies":"Snake Plant","floor":25,"turns":1},{"damage":22,"enemies":"Sentry and Sphere","floor":27,"turns":4},{"damage":0,"enemies":"Centurion and Healer","floor":28,"turns":2},{"damage":12,"enemies":"Chosen and Byrds","floor":29,"turns":3},{"damage":0,"enemies":"Slavers","floor":31,"turns":2},{"damage":17,"enemies":"Champ","floor":33,"turns":5},{"damage":0,"enemies":"3 Darklings","floor":35,"turns":1},{"damage":18,"enemies":"3 Shapes","floor":37,"turns":2},{"damage":15,"enemies":"Maw","floor":41,"turns":3},{"damage":0,"enemies":"2 Orb Walkers","floor":42,"turns":1},{"damage":0,"enemies":"3 Darklings","floor":44,"turns":1},{"damage":27,"enemies":"Nemesis","floor":48,"turns":3},{"damage":46,"enemies":"Awakened One","floor":50,"turns":5}],"event_choices":[{"event_name":"Wheel of Change","player_choice":"Curse","floor":3,"damage_taken":0},{"event_name":"Golden Shrine","player_choice":"Pray","floor":12,"damage_taken":0},{"event_name":"Duplicator","player_choice":"One dupe","floor":21,"damage_taken":0},{"event_name":"Vampires","player_choice":"Ignored","floor":22,"damage_taken":0},{"event_name":"Tomb of Lord Red Mask","player_choice":"Paid","floor":36,"damage_taken":0},{"event_name":"Upgrade Shrine","player_choice":"Upgraded","floor":38,"damage_taken":0},{"event_name":"Bonfire Elementals","player_choice":"COMMON","floor":39,"damage_taken":0},{"event_name":"Winding Halls","player_choice":"Embrace Madness","floor":47,"damage_taken":0}],"boss_relics":[{"not_picked":["Astrolabe","Black Blood"],"picked":"Pandora\u0027s Box"},{"not_picked":["Runic Dome","Calling Bell"],"picked":"Sozu"}],"potions_floor_spawned":[4,7,10,18,20,28,31,41,42,48],"seed_played":"-8191246581027945391","ascension_level":1,"is_trial":false}