{"gold_per_floor":[216,216,45,120,120,120,139,139,190,116,116,81,81],"floor_reached":13,"playtime":187,"items_purged":[],"score":138,"play_id":"d89223aa-a9d6-4073-9b37-64e3014d83e5","local_time":"20181218141010","is_ascension_mode":true,"campfire_choices":[{"data":"Sweeping Beam","floor":6,"key":"SMITH"},{"data":"Hologram","floor":8,"key":"SMITH"}],"neow_cost":"NONE","seed_source_timestamp":505679234792460,"circlet_count":0,"master_deck":["AscendersBane","Strike_B","Strike_B","Strike_B","Strike_B","Defend_B","Defend_B","Defend_B","Defend_B","Zap","Dualcast","Sweeping Beam+1","Injury","Hologram+1","Defragment+1"],"relics":["Cracked Core","Golden Idol","Oddly Smooth Stone","WingedGreaves"],"potions_floor_usage":[],"damage_taken":[{"damage":7,"enemies":"Jaw Worm","floor":1,"turns":4},{"damage":6,"enemies":"Small Slimes","floor":7,"turns":3},{"damage":74,"enemies":"Gremlin Nob","floor":13,"turns":4}],"seed_played":"4529514513313620282","potions_obtained":[],"is_trial":false,"path_per_floor":["M","?","$","?","T","R","M","R","T","$","?","?","E"],"character_chosen":"DEFECT","items_purchased":["Oddly Smooth Stone","Defragment"],"campfire_rested":0,"item_purchase_floors":[3,10],"current_hp_per_floor":[57,57,57,46,46,46,40,40,40,40,40,57,0],"gold":81,"neow_bonus":"HUNDRED_GOLD","is_prod":false,"is_daily":false,"chose_seed":false,"campfire_upgraded":2,"win_rate":0,"timestamp":1545160210,"path_taken":["M","?","$","?","?","R","?","R","T","$","?","?","E"],"build_version":"2018-12-13","purchased_purges":0,"victory":false,"max_hp_per_floor":[71,71,71,71,71,71,71,71,71,71,71,71,71],"card_choices":[{"not_picked":["Redo","Rebound"],"picked":"Sweeping Beam","floor":1},{"not_picked":["BootSequence","Streamline"],"picked":"Hologram","floor":7}],"player_experience":787633,"relics_obtained":[{"floor":5,"key":"WingedGreaves"}],"event_choices":[{"damage_healed":0,"gold_gain":0,"player_choice":"Take Wound","damage_taken":0,"relics_obtained":["Golden Idol"],"max_hp_gain":0,"max_hp_loss":0,"event_name":"Golden Idol","floor":2,"gold_loss":0,"cards_obtained":["Injury"]},{"damage_healed":0,"gold_gain":75,"player_choice":"Gather Gold","damage_taken":11,"max_hp_gain":0,"max_hp_loss":0,"event_name":"World of Goop","floor":4,"gold_loss":0},{"damage_healed":0,"gold_gain":0,"player_choice":"Grow","damage_taken":0,"max_hp_gain":0,"max_hp_loss":0,"event_name":"Living Wall","floor":11,"gold_loss":0,"cards_upgraded":["Defragment"]},{"damage_healed":17,"gold_gain":0,"player_choice":"Healed","damage_taken":0,"max_hp_gain":0,"max_hp_loss":0,"event_name":"The Cleric","floor":12,"gold_loss":35}],"is_beta":false,"boss_relics":[],"items_purged_floors":[],"is_endless":false,"potions_floor_spawned":[],"killed_by":"Gremlin Nob","ascension_level":20}