{"gold_per_floor":[113,188,206,17,17,17,17,17,86,117,133,133,133],"floor_reached":13,"playtime":683,"items_purged":[],"score":81,"play_id":"8b51f75e-80dd-43cf-afdd-ea75badd69dd","local_time":"20181226224044","is_ascension_mode":false,"campfire_choices":[{"data":"Fusion","floor":6,"key":"SMITH"},{"floor":12,"key":"REST"}],"neow_cost":"NONE","seed_source_timestamp":26085452325362,"circlet_count":0,"master_deck":["Strike_B","Strike_B","Strike_B","Defend_B","Defend_B","Defend_B","Zap","Dualcast","Sweeping Beam","Fusion+1","Conserve Battery","Violence","Darkness","Redo"],"relics":["Cracked Core","Mummified Hand","Ornamental Fan"],"potions_floor_usage":[],"damage_taken":[{"damage":0,"enemies":"Small Slimes","floor":1,"turns":2},{"damage":8,"enemies":"Jaw Worm","floor":3,"turns":4},{"damage":39,"enemies":"Lagavulin","floor":10,"turns":7},{"damage":11,"enemies":"2 Louse","floor":11,"turns":2},{"damage":71,"enemies":"Gremlin Nob","floor":13,"turns":4}],"seed_played":"6298118595630214500","potions_obtained":[{"floor":10,"key":"AttackPotion"}],"is_trial":false,"path_per_floor":["M","?","M","$","$","R","$","?","T","E","M","R","E"],"character_chosen":"DEFECT","items_purchased":["Violence"],"campfire_rested":1,"item_purchase_floors":[4],"current_hp_per_floor":[75,64,56,56,56,56,56,56,56,17,6,28,0],"gold":133,"neow_bonus":"TRANSFORM_CARD","is_prod":false,"is_daily":false,"chose_seed":false,"campfire_upgraded":1,"win_rate":0.0,"timestamp":1545892844,"path_taken":["M","?","M","?","$","R","?","?","T","E","?","R","E"],"build_version":"2018-12-20","purchased_purges":0,"victory":false,"max_hp_per_floor":[75,75,75,75,75,75,75,75,75,75,75,75,75],"card_choices":[{"not_picked":["Cold Snap","Gash"],"picked":"Fusion","floor":1},{"not_picked":["Chaos","Streamline"],"picked":"Conserve Battery","floor":3},{"not_picked":["Lockon","Conserve Battery"],"picked":"Darkness","floor":10},{"not_picked":["BootSequence","Go for the Eyes"],"picked":"Redo","floor":11}],"player_experience":14302,"relics_obtained":[{"floor":9,"key":"Mummified Hand"},{"floor":10,"key":"Ornamental Fan"}],"event_choices":[{"damage_healed":0,"gold_gain":75,"player_choice":"Gather Gold","damage_taken":11,"max_hp_gain":0,"max_hp_loss":0,"event_name":"World of Goop","floor":2,"gold_loss":0},{"cards_removed":["Strike_B"],"damage_healed":0,"gold_gain":0,"player_choice":"Purged","damage_taken":0,"max_hp_gain":0,"max_hp_loss":0,"event_name":"Purifier","floor":8,"gold_loss":0}],"is_beta":false,"boss_relics":[],"items_purged_floors":[],"is_endless":false,"potions_floor_spawned":[10],"killed_by":"Gremlin Nob","ascension_level":0}