{"gold_per_floor":[116,131,131,131,147,180,195,227,227,239,266,278,317,346,358,469,481,506,518,530,553,581,620,632,677,714,759,79,95,111,143,143,248,248,262,279,296,396,413,442,442,468,468,478,478,505,516,528,528,528,528,528,28,59,59],"floor_reached":56,"playtime":5272,"items_purged":["Strike_B"],"score":1699,"play_id":"c72313ca-b57c-4e2a-bfa5-01caae0410e0","local_time":"20190201184915","is_ascension_mode":true,"campfire_choices":[{"floor":10,"key":"REST"},{"floor":15,"key":"REST"},{"floor":24,"key":"REST"},{"floor":32,"key":"RECALL"},{"floor":41,"key":"DIG"},{"floor":45,"key":"DIG"},{"floor":49,"key":"DIG"},{"floor":52,"key":"DIG"}],"neow_cost":"NONE","seed_source_timestamp":710904469709800,"circlet_count":0,"master_deck":["Defend_B","Defend_B","Defend_B","Defend_B","Zap","Dualcast+1","Conserve Battery","Go for the Eyes+1","Conserve Battery+1","Go for the Eyes","Ball Lightning","FTL","Defragment+1","Capacitor","Cold Snap+1","Leap+1","Seek+1","Streamline+1","Buffer+1","Genetic Algorithm+1","Hologram+1","Conserve Battery+1","Stack+1","Conserve Battery+1","Stack+1","White Noise+1","Stack+1","Go for the Eyes","Auto Shields+1","Loop+1","Electrodynamics","Go for the Eyes+1","FTL+1","Stack+1","Go for the Eyes+1","Capacitor","Loop"],"relics":["Cracked Core","DataDisk","Mango","Dream Catcher","Toxic Egg 2","MawBank","Emotion Chip","Astrolabe","Enchiridion","Thread and Needle","Ancient Tea Set","The Courier","Cables","Lee\u0027s Waffle","Singing Bowl","Anchor","Bronze Scales","Fusion Hammer","Shovel","Whetstone","Bird Faced Urn","Letter Opener","Dodecahedron","Pen Nib","Vajra","Mummified Hand","Mercury Hourglass","Strawberry","War Paint","Sundial"],"potions_floor_usage":[16,27,33,50,54,55,55],"damage_taken":[{"damage":0,"enemies":"Small Slimes","floor":1,"turns":3},{"damage":6,"enemies":"Jaw Worm","floor":2,"turns":4},{"damage":0,"enemies":"Cultist","floor":5,"turns":3},{"damage":16,"enemies":"Lagavulin","floor":6,"turns":8},{"damage":0,"enemies":"2 Fungi Beasts","floor":7,"turns":4},{"damage":12,"enemies":"3 Sentries","floor":8,"turns":5},{"damage":1,"enemies":"Red Slaver","floor":11,"turns":3},{"damage":13,"enemies":"Lagavulin","floor":13,"turns":6},{"damage":7,"enemies":"Blue Slaver","floor":14,"turns":2},{"damage":30,"enemies":"Hexaghost","floor":16,"turns":7},{"damage":13,"enemies":"2 Thieves","floor":18,"turns":4},{"damage":0,"enemies":"Chosen","floor":21,"turns":4},{"damage":6,"enemies":"Centurion and Healer","floor":22,"turns":8},{"damage":0,"enemies":"Book of Stabbing","floor":23,"turns":7},{"damage":26,"enemies":"Gremlin Leader","floor":25,"turns":8},{"damage":0,"enemies":"Slavers","floor":27,"turns":7},{"damage":0,"enemies":"Shelled Parasite and Fungi","floor":29,"turns":6},{"damage":0,"enemies":"Snake Plant","floor":30,"turns":5},{"damage":0,"enemies":"Book of Stabbing","floor":31,"turns":7},{"damage":8,"enemies":"Collector","floor":33,"turns":7},{"damage":9,"enemies":"3 Darklings","floor":35,"turns":2},{"damage":0,"enemies":"3 Shapes","floor":36,"turns":2},{"damage":12,"enemies":"3 Darklings","floor":37,"turns":5},{"damage":0,"enemies":"Mind Bloom Boss Battle","floor":38,"turns":5},{"damage":7,"enemies":"Writhing Mass","floor":39,"turns":5},{"damage":0,"enemies":"Giant Head","floor":40,"turns":8},{"damage":0,"enemies":"Nemesis","floor":42,"turns":5},{"damage":0,"enemies":"Maw","floor":44,"turns":6},{"damage":0,"enemies":"Giant Head","floor":46,"turns":7},{"damage":0,"enemies":"Transient","floor":47,"turns":5},{"damage":0,"enemies":"Sphere and 2 Shapes","floor":48,"turns":2},{"damage":5,"enemies":"Donu and Deca","floor":50,"turns":5},{"damage":10,"enemies":"Shield and Spear","floor":54,"turns":4},{"damage":37,"enemies":"The Heart","floor":55,"turns":9}],"seed_played":"761460002531677055","potions_obtained":[{"floor":7,"key":"Ancient Potion"},{"floor":13,"key":"FocusPotion"},{"floor":16,"key":"Fire Potion"},{"floor":22,"key":"Poison Potion"},{"floor":25,"key":"Weak Potion"},{"floor":27,"key":"SkillPotion"},{"floor":36,"key":"PowerPotion"}],"is_trial":false,"path_per_floor":["M","M","?","?","M","E","M","E","T","R","M","$","E","M","R","B",null,"M","?","?","M","M","E","R","E","T","E","$","M","M","E","R","B",null,"M","M","M","?","M","E","R","E","T","M","R","E","M","M","R","B",null,"R","$","E","B",null],"character_chosen":"DEFECT","items_purchased":["Cables","Lee\u0027s Waffle","Singing Bowl","Anchor","Strawberry","War Paint","Capacitor","Loop","Fruit Juice"],"campfire_rested":3,"item_purchase_floors":[28,28,28,28,53,53,53,53,53],"current_hp_per_floor":[75,69,80,85,85,69,69,57,57,85,84,84,71,64,92,62,94,81,65,65,65,59,59,87,61,61,61,101,101,101,101,101,93,101,92,92,82,82,75,77,77,91,91,105,105,111,113,115,115,115,115,115,122,123,99],"gold":59,"neow_bonus":"RANDOM_COMMON_RELIC","is_prod":false,"is_daily":false,"chose_seed":false,"campfire_upgraded":0,"win_rate":0,"timestamp":1549064955,"path_taken":["M","M","?","?","M","E","M","E","T","R","M","?","E","M","R","BOSS","M","?","?","M","M","E","R","E","T","E","$","M","M","E","R","BOSS","M","M","M","?","M","E","R","E","T","M","R","E","M","M","R","BOSS","R","$","E","BOSS"],"build_version":"2019-01-23","purchased_purges":1,"victory":true,"max_hp_per_floor":[75,75,89,94,94,94,94,94,94,94,94,94,94,94,94,94,94,94,94,94,94,94,94,94,94,94,94,101,101,101,101,101,101,101,101,101,103,103,103,105,105,107,107,109,109,111,113,115,115,115,115,115,122,129,129],"card_choices":[{"not_picked":["Streamline","Rebound"],"picked":"Conserve Battery","floor":1},{"not_picked":["Gash","Hello World"],"picked":"Go for the Eyes","floor":2},{"not_picked":["Redo","Ball Lightning"],"picked":"Conserve Battery","floor":5},{"not_picked":["Rebound","Beam Cell"],"picked":"Go for the Eyes","floor":6},{"not_picked":["Chaos","Cold Snap"],"picked":"Ball Lightning","floor":7},{"not_picked":["Reprogram","Coolheaded"],"picked":"FTL","floor":8},{"not_picked":["Redo+1","Undo+1"],"picked":"Defragment","floor":10},{"not_picked":["Coolheaded+1","Barrage"],"picked":"Capacitor","floor":11},{"not_picked":["Aggregate+1","Barrage","Meteor Strike"],"picked":"SKIP","floor":13},{"not_picked":["Rebound","Compile Driver"],"picked":"Cold Snap","floor":14},{"not_picked":["Barrage","Compile Driver"],"picked":"Leap+1","floor":15},{"not_picked":["Hyperbeam","Fission+1"],"picked":"Seek+1","floor":16},{"not_picked":["Streamline","Leap+1"],"picked":"Hologram+1","floor":18},{"not_picked":["Tempest+1","Reinforced Body+1"],"picked":"Conserve Battery+1","floor":21},{"not_picked":["Loop","Glacier+1"],"picked":"Stack+1","floor":22},{"not_picked":["Beam Cell","Rebound"],"picked":"Conserve Battery+1","floor":23},{"not_picked":["Barrage+1","Capacitor"],"picked":"Stack+1","floor":24},{"not_picked":["Heatsinks","Compile Driver"],"picked":"White Noise+1","floor":25},{"not_picked":["Beam Cell","Scrape+1"],"picked":"Stack+1","floor":27},{"not_picked":["Rebound","Sweeping Beam+1"],"picked":"Go for the Eyes","floor":29},{"not_picked":["Beam Cell","Sweeping Beam+1"],"picked":"Auto Shields+1","floor":30},{"not_picked":["Cold Snap+1","Glacier+1"],"picked":"Loop+1","floor":31},{"not_picked":["Multi-Cast+1","All For One"],"picked":"Electrodynamics","floor":33},{"not_picked":["Coolheaded+1","Redo+1"],"picked":"Go for the Eyes+1","floor":35},{"not_picked":["Steam+1","Redo+1"],"picked":"FTL+1","floor":36},{"not_picked":["Coolheaded+1","Machine Learning","Go for the Eyes"],"picked":"Singing Bowl","floor":37},{"not_picked":["Conserve Battery+1","Gash"],"picked":"Stack+1","floor":38},{"not_picked":["Streamline","Sunder"],"picked":"Go for the Eyes+1","floor":39},{"not_picked":["Turbo+1","Darkness+1","Cold Snap"],"picked":"Singing Bowl","floor":40},{"not_picked":["Leap+1","Redo+1","Turbo+1"],"picked":"Singing Bowl","floor":42},{"not_picked":["Darkness+1","Beam Cell","Steam+1"],"picked":"Singing Bowl","floor":44},{"not_picked":["Turbo+1","Darkness+1","Reboot+1"],"picked":"Singing Bowl","floor":46},{"not_picked":["Gash","Genetic Algorithm+1","Rebound"],"picked":"Singing Bowl","floor":47},{"not_picked":["Sweeping Beam","Cold Snap","Chill+1"],"picked":"Singing Bowl","floor":48},{"not_picked":["Rebound+1","Go for the Eyes","Fission+1"],"picked":"Singing Bowl","floor":54}],"player_experience":176893,"relics_obtained":[{"floor":6,"key":"Dream Catcher"},{"floor":8,"key":"Toxic Egg 2"},{"floor":9,"key":"MawBank"},{"floor":13,"key":"Emotion Chip"},{"floor":19,"key":"Enchiridion"},{"floor":23,"key":"Thread and Needle"},{"floor":25,"key":"Ancient Tea Set"},{"floor":27,"key":"The Courier"},{"floor":31,"key":"Bronze Scales"},{"floor":38,"key":"Shovel"},{"floor":40,"key":"Whetstone"},{"floor":41,"key":"Bird Faced Urn"},{"floor":42,"key":"Letter Opener"},{"floor":43,"key":"Dodecahedron"},{"floor":45,"key":"Pen Nib"},{"floor":46,"key":"Vajra"},{"floor":49,"key":"Mummified Hand"},{"floor":52,"key":"Mercury Hourglass"},{"floor":54,"key":"Sundial"}],"event_choices":[{"damage_healed":0,"gold_gain":0,"player_choice":"Success","damage_taken":3,"relics_obtained":["Mango"],"max_hp_gain":0,"max_hp_loss":0,"event_name":"Scrap Ooze","floor":3,"gold_loss":0},{"damage_healed":0,"gold_gain":0,"player_choice":"Donut","damage_taken":0,"max_hp_gain":5,"max_hp_loss":0,"event_name":"Big Fish","floor":4,"gold_loss":0},{"damage_healed":0,"gold_gain":0,"player_choice":"Obtained Book","damage_taken":16,"max_hp_gain":0,"max_hp_loss":0,"event_name":"Cursed Tome","floor":19,"gold_loss":0},{"damage_healed":0,"gold_gain":0,"player_choice":"Forge","damage_taken":0,"max_hp_gain":0,"max_hp_loss":0,"event_name":"Accursed Blacksmith","floor":20,"gold_loss":0,"cards_upgraded":["Defragment"]},{"damage_healed":0,"gold_gain":0,"player_choice":"Fight","damage_taken":0,"max_hp_gain":0,"max_hp_loss":0,"event_name":"MindBloom","floor":38,"gold_loss":0}],"is_beta":false,"boss_relics":[{"not_picked":["Empty Cage","Calling Bell"],"picked":"Astrolabe"},{"not_picked":["FrozenCore","Velvet Choker"],"picked":"Fusion Hammer"}],"items_purged_floors":[53],"is_endless":false,"potions_floor_spawned":[7,13,16,22,25,27,36,37,42,46,48],"ascension_level":1}