{"gold_per_floor":[113,113,113,133,133,158,158,193,193,193,193,222,236,247,247,321,321,337,337,337,290,290,290,215,215,261,261,296,67,0,0],"floor_reached":31,"playtime":819,"items_purged":[],"score":547,"play_id":"2dac0b32-8f54-4bcd-b5e8-f4746c883044","local_time":"20180926105921","is_ascension_mode":true,"campfire_choices":[{"data":"Multi-Cast","floor":7,"key":"SMITH"},{"data":"Streamline","floor":10,"key":"SMITH"},{"floor":15,"key":"REST"},{"data":"Bite","floor":23,"key":"SMITH"},{"data":"Bite","floor":25,"key":"SMITH"},{"data":"Ball Lightning","floor":27,"key":"SMITH"}],"neow_cost":"NONE","seed_source_timestamp":573364912442190,"circlet_count":0,"master_deck":["Defend_B","Defend_B","Defend_B","Defend_B","Zap","Dualcast","AscendersBane","Streamline+1","Glacier","Multi-Cast+1","Sweeping Beam","Chill","Ball Lightning+1","Self Repair","Echo Form+1","Bite+1","Bite","Bite","Bite+1","Steam","Amplify"],"relics":["Cracked Core","NeowsBlessing","Symbiotic Virus","Juzu Bracelet","Vajra","Odd Mushroom","Lizard Tail","Centennial Puzzle","Darkstone Periapt"],"potions_floor_usage":[21,28,28,31,31,31,31],"damage_taken":[{"damage":0,"enemies":"Jaw Worm","floor":1,"turns":1},{"damage":0,"enemies":"Small Slimes","floor":4,"turns":1},{"damage":0,"enemies":"Gremlin Nob","floor":6,"turns":1},{"damage":21,"enemies":"3 Sentries","floor":8,"turns":8},{"damage":17,"enemies":"The Mushroom Lair","floor":12,"turns":3},{"damage":0,"enemies":"2 Louse","floor":13,"turns":1},{"damage":5,"enemies":"Large Slime","floor":14,"turns":5},{"damage":7,"enemies":"Slime Boss","floor":16,"turns":6},{"damage":18,"enemies":"3 Byrds","floor":18,"turns":6},{"damage":17,"enemies":"2 Thieves","floor":21,"turns":5},{"damage":65,"enemies":"Slavers","floor":28,"turns":7},{"damage":35,"enemies":"Snake Plant","floor":31,"turns":5}],"seed_played":"-2934341354852733604","potions_obtained":[{"floor":12,"key":"Swift Potion"},{"floor":13,"key":"FearPotion"},{"floor":21,"key":"Energy Potion"},{"floor":28,"key":"EntropicBrew"}],"is_trial":false,"path_per_floor":["M","?","?","M","?","E","R","E","T","R","?","?","M","M","R","B",null,"M","?","?","M","$","R","?","R","T","R","E","$","?"],"character_chosen":"DEFECT","items_purchased":["Amplify","Weak Potion"],"campfire_rested":1,"item_purchase_floors":[29,29],"current_hp_per_floor":[64,64,64,64,64,64,64,43,43,43,43,26,26,28,49,42,64,53,49,49,45,45,45,45,45,45,45,18,18,18,0],"gold":0,"neow_bonus":"THREE_ENEMY_KILL","is_prod":false,"is_daily":false,"chose_seed":false,"campfire_upgraded":5,"win_rate":0,"timestamp":1537973961,"path_taken":["M","?","?","M","?","E","R","E","T","R","?","?","M","M","R","BOSS","M","?","?","M","$","R","?","R","T","R","E","$","?","M"],"build_version":"2018-09-20","purchased_purges":0,"victory":false,"max_hp_per_floor":[71,71,71,71,71,71,71,71,71,71,71,71,71,71,71,71,71,71,49,49,49,49,49,49,49,49,49,49,49,49,49],"card_choices":[{"not_picked":["Sweeping Beam","Stack"],"picked":"Streamline","floor":1},{"not_picked":["Barrage","Stack"],"picked":"Sweeping Beam","floor":4},{"not_picked":["Recycle","Ball Lightning"],"picked":"Chill","floor":6},{"not_picked":["Lockon","Leap"],"picked":"Ball Lightning","floor":8},{"not_picked":["Redo","Static Discharge"],"picked":"Self Repair","floor":13},{"not_picked":["Sweeping Beam","Coolheaded","Compile Driver"],"picked":"SKIP","floor":14},{"not_picked":["Seek","Core Surge"],"picked":"Echo Form","floor":16},{"not_picked":["Blizzard","Auto Shields","Sweeping Beam"],"picked":"SKIP","floor":18},{"not_picked":["Stack","Gash","Leap"],"picked":"SKIP","floor":21},{"not_picked":["Genetic Algorithm","Leap"],"picked":"Steam","floor":28}],"player_experience":591576,"relics_obtained":[{"floor":6,"key":"Symbiotic Virus"},{"floor":8,"key":"Juzu Bracelet"},{"floor":9,"key":"Vajra"},{"floor":12,"key":"Odd Mushroom"},{"floor":26,"key":"Centennial Puzzle"},{"floor":28,"key":"Darkstone Periapt"}],"event_choices":[{"event_name":"Scrap Ooze","player_choice":"unsuccessful","floor":2,"damage_taken":0},{"event_name":"Match and Keep!","player_choice":"2 cards matched","floor":3,"damage_taken":0},{"event_name":"Shining Light","player_choice":"Ignored","floor":5,"damage_taken":0},{"event_name":"Liars Game","player_choice":"disagreed","floor":11,"damage_taken":0},{"event_name":"Mushrooms","player_choice":"Fought Mushrooms","floor":12,"damage_taken":0},{"event_name":"Vampires","player_choice":"Became a vampire","floor":19,"damage_taken":0},{"event_name":"Upgrade Shrine","player_choice":"Upgraded","floor":20,"damage_taken":0},{"event_name":"Beggar","player_choice":"Gave Gold","floor":24,"damage_taken":0},{"event_name":"Masked Bandits","player_choice":"Paid Fearfully","floor":30,"damage_taken":0}],"is_beta":false,"boss_relics":[{"not_picked":["White Beast Statue","Coffee Dripper"],"picked":"Lizard Tail"}],"items_purged_floors":[],"is_endless":false,"potions_floor_spawned":[12,13,21,28],"killed_by":"Snake Plant","ascension_level":17}