{"gold_per_floor":[10,22,22,34,51,51,51,51,51,63,63,76,151,251,251,348,348,366,366,366,366,291,305,317,317,342,242,254,254,264,275,275,377,377,391,402,127,127,45,45,97,122,122,122,136,49,49,49,49,49],"floor_reached":51,"playtime":1894,"items_purged":["Strike_B+1","Defend_B+1","Defend_B+1"],"score":873,"play_id":"196efbc7-31c8-4e10-a6b1-93956605bc6b","local_time":"20180806053050","is_ascension_mode":true,"campfire_choices":[{"data":"Zap","floor":6,"key":"SMITH"},{"data":"Conserve Battery","floor":8,"key":"SMITH"},{"data":"Electrodynamics","floor":11,"key":"SMITH"},{"floor":15,"key":"REST"},{"data":"Dualcast","floor":32,"key":"SMITH"},{"data":"Defragment","floor":40,"key":"SMITH"},{"data":"Defragment","floor":44,"key":"SMITH"},{"data":"Capacitor","floor":49,"key":"SMITH"}],"neow_cost":"NO_GOLD","seed_source_timestamp":54618252645407,"circlet_count":0,"master_deck":["Defend_B+1","Defend_B+1","Zap+1","Dualcast+1","Rebound","Conserve Battery+1","Electrodynamics+1","Glacier","Self Repair","Capacitor+1","Defragment+1","Conserve Battery+1","Defragment+1","BootSequence+1","Loop","Madness","Madness"],"relics":["Cracked Core","Thread and Needle","Juzu Bracelet","Bottled Flame","Nuclear Battery","Calipers","Orichalcum","Enchiridion","Orrery","Strawberry","War Paint","Darkstone Periapt","Du-Vu Doll"],"potions_floor_usage":[35,36,36,50],"damage_taken":[{"damage":0,"enemies":"Cultist","floor":1,"turns":3},{"damage":3,"enemies":"Small Slimes","floor":2,"turns":4},{"damage":0,"enemies":"2 Louse","floor":4,"turns":2},{"damage":0,"enemies":"Looter","floor":5,"turns":3},{"damage":5,"enemies":"Lots of Slimes","floor":10,"turns":3},{"damage":2,"enemies":"Exordium Wildlife","floor":12,"turns":3},{"damage":0,"enemies":"Slime Boss","floor":16,"turns":5},{"damage":0,"enemies":"Chosen","floor":18,"turns":3},{"damage":0,"enemies":"Shell Parasite","floor":23,"turns":5},{"damage":0,"enemies":"Centurion and Healer","floor":24,"turns":6},{"damage":0,"enemies":"3 Cultists","floor":28,"turns":2},{"damage":6,"enemies":"Cultist and Chosen","floor":30,"turns":6},{"damage":0,"enemies":"Chosen and Byrds","floor":31,"turns":4},{"damage":41,"enemies":"Collector","floor":33,"turns":11},{"damage":0,"enemies":"3 Darklings","floor":35,"turns":3},{"damage":2,"enemies":"3 Shapes","floor":36,"turns":4},{"damage":10,"enemies":"2 Orb Walkers","floor":42,"turns":4},{"damage":0,"enemies":"3 Darklings","floor":45,"turns":2},{"damage":44,"enemies":"Donu and Deca","floor":50,"turns":9}],"seed_played":"-3031096803161198600","potions_obtained":[{"floor":1,"key":"SpeedPotion"},{"floor":4,"key":"LiquidBronze"},{"floor":12,"key":"FearPotion"},{"floor":18,"key":"LiquidBronze"},{"floor":35,"key":"EssenceOfSteel"},{"floor":42,"key":"Fruit Juice"}],"is_trial":false,"path_per_floor":["M","M","?","M","M","R","T","R","T","M","R","M","?","?","R","B",null,"M","?","?","?","$","M","M","T","T","$","M","?","M","M","R","B",null,"M","M","$","?","$","R","T","E","T","R","M","$","?","?","R","B"],"character_chosen":"DEFECT","items_purchased":["Strawberry","BootSequence","Loop","Fire Potion"],"campfire_rested":1,"item_purchase_floors":[37,39,46,46],"current_hp_per_floor":[75,72,65,65,65,65,65,65,65,60,60,58,47,47,69,69,75,75,75,75,75,75,75,75,75,75,75,75,59,60,67,67,33,75,75,75,82,82,82,82,82,79,79,79,82,82,72,72,72,40],"gold":49,"neow_bonus":"ONE_RARE_RELIC","is_prod":false,"is_daily":false,"chose_seed":false,"campfire_upgraded":7,"win_rate":0,"timestamp":1533526250,"path_taken":["M","?","?","M","M","R","?","R","T","M","R","M","?","?","R","BOSS","M","?","?","?","$","M","M","?","T","$","M","?","M","M","R","BOSS","M","M","$","?","?","R","?","E","T","R","M","$","?","?","R","BOSS"],"build_version":"2018-08-02","purchased_purges":3,"victory":true,"max_hp_per_floor":[75,75,75,75,75,75,75,75,75,75,75,75,75,75,75,75,75,75,75,75,75,75,75,75,75,75,75,75,75,75,75,75,75,75,75,75,82,82,82,82,82,82,82,82,82,82,82,82,82,87],"card_choices":[{"not_picked":["Rebound","Redo","Blizzard"],"picked":"SKIP","floor":1},{"not_picked":["Redo","Blizzard"],"picked":"Rebound","floor":1},{"not_picked":["Redo","Streamline","Cold Snap"],"picked":"SKIP","floor":2},{"not_picked":["Steam Power","Rip and Tear"],"picked":"Conserve Battery","floor":4},{"not_picked":["Cold Snap","Redo"],"picked":"Electrodynamics","floor":5},{"not_picked":["Chaos","Lockon"],"picked":"Ball Lightning","floor":10},{"not_picked":["Redo","Streamline","Sweeping Beam"],"picked":"SKIP","floor":12},{"not_picked":["Doom and Gloom","Hologram","Storm"],"picked":"SKIP","floor":18},{"not_picked":["Go for the Eyes+1","Compile Driver+1","Stack"],"picked":"SKIP","floor":23},{"not_picked":["Loop+1","Go for the Eyes"],"picked":"Self Repair","floor":24},{"not_picked":["FTL","Heatsinks","Coolheaded"],"picked":"SKIP","floor":28},{"not_picked":["White Noise","Double Energy+1","Sunder"],"picked":"SKIP","floor":30},{"not_picked":["Leap","Coolheaded","Melter"],"picked":"SKIP","floor":31},{"not_picked":["BootSequence","FTL+1"],"picked":"Capacitor","floor":34},{"not_picked":["Beam Cell","Cold Snap"],"picked":"Defragment","floor":34},{"not_picked":["Compile Driver","Scrape"],"picked":"Conserve Battery","floor":34},{"not_picked":["Reinforced Body","Darkness+1"],"picked":"Defragment","floor":35},{"not_picked":["Leap","Compile Driver","Double Energy+1"],"picked":"SKIP","floor":36},{"not_picked":["FTL","Hello World","Hologram"],"picked":"SKIP","floor":42},{"not_picked":["Barrage","Coolheaded","Cold Snap+1"],"picked":"SKIP","floor":45}],"player_experience":371816,"relics_obtained":[{"floor":7,"key":"Juzu Bracelet"},{"floor":9,"key":"Bottled Flame"},{"floor":25,"key":"Calipers"},{"floor":26,"key":"Orichalcum"},{"floor":29,"key":"Enchiridion"},{"floor":41,"key":"War Paint"},{"floor":42,"key":"Darkstone Periapt"},{"floor":43,"key":"Du-Vu Doll"}],"event_choices":[{"event_name":"Golden Wing","player_choice":"Card Removal","floor":3,"damage_taken":0},{"event_name":"World of Goop","player_choice":"Gather Gold","floor":13,"damage_taken":0},{"event_name":"Golden Shrine","player_choice":"Pray","floor":14,"damage_taken":0},{"event_name":"Purifier","player_choice":"One Purge","floor":19,"damage_taken":0},{"event_name":"The Library","player_choice":"Read","floor":20,"damage_taken":0},{"event_name":"Back to Basics","player_choice":"Simplicity","floor":21,"damage_taken":0},{"event_name":"Cursed Tome","player_choice":"Obtained Book","floor":29,"damage_taken":0},{"event_name":"Bonfire Elementals","player_choice":"BASIC","floor":38,"damage_taken":0},{"event_name":"Winding Halls","player_choice":"Embrace Madness","floor":47,"damage_taken":0},{"event_name":"Falling","player_choice":"Removed Attack","floor":48,"damage_taken":0}],"is_beta":false,"boss_relics":[{"not_picked":["Tiny House","Snecko Eye"],"picked":"Nuclear Battery"},{"not_picked":["Busted Crown","Black Star"],"picked":"Orrery"}],"items_purged_floors":[22,27,37],"is_endless":false,"potions_floor_spawned":[1,4,12,18,23,24,35,42],"ascension_level":4}