{"gold_per_floor":[113,113,124,124,140,170,190,223,223,223],"floor_reached":10,"playtime":223,"items_purged":[],"score":94,"play_id":"020b57fe-9459-45c8-8588-032b35ffb751","local_time":"20180816013030","is_ascension_mode":true,"campfire_choices":[],"neow_cost":"NONE","seed_source_timestamp":357172432197883,"circlet_count":0,"master_deck":["Strike_B","Strike_B","Strike_B","Strike_B","Defend_B","Defend_B","Defend_B","Defend_B","Zap","Dualcast","Melter","Heatsinks","BootSequence","Ball Lightning","Undo"],"relics":["Cracked Core","Pen Nib","CultistMask","Pantograph","Oddly Smooth Stone","Symbiotic Virus","Kunai"],"potions_floor_usage":[6],"damage_taken":[{"damage":0,"enemies":"Small Slimes","floor":1,"turns":4},{"damage":6,"enemies":"Cultist","floor":3,"turns":3},{"damage":7,"enemies":"Jaw Worm","floor":5,"turns":2},{"damage":18,"enemies":"Gremlin Nob","floor":6,"turns":3},{"damage":7,"enemies":"Large Slime","floor":7,"turns":5},{"damage":23,"enemies":"Lagavulin","floor":8,"turns":5}],"seed_played":"-5631052992037104987","potions_obtained":[{"floor":1,"key":"Poison Potion"},{"floor":6,"key":"GamblersBrew"},{"floor":7,"key":"AttackPotion"}],"is_trial":false,"path_per_floor":["M","?","M","T","M","E","M","E","T"],"character_chosen":"DEFECT","items_purchased":[],"campfire_rested":0,"item_purchase_floors":[],"current_hp_per_floor":[75,75,69,69,62,44,37,14,14,0],"gold":223,"neow_bonus":"RANDOM_COMMON_RELIC","is_prod":false,"is_daily":false,"chose_seed":false,"campfire_upgraded":0,"win_rate":0,"timestamp":1534375830,"path_taken":["M","?","M","?","M","E","M","E","T","?"],"build_version":"2018-08-14","purchased_purges":0,"victory":false,"max_hp_per_floor":[75,75,75,75,75,75,75,75,75,75],"card_choices":[{"not_picked":["Cold Snap","Conserve Battery"],"picked":"Melter","floor":1},{"not_picked":["Streamline","Beam Cell"],"picked":"Heatsinks","floor":3},{"not_picked":["Conserve Battery","Heatsinks"],"picked":"BootSequence","floor":5},{"not_picked":["Turbo","Lockon","Barrage"],"picked":"SKIP","floor":6},{"not_picked":["Rebound","Steam"],"picked":"Ball Lightning","floor":7},{"not_picked":["Streamline","Hologram"],"picked":"Undo","floor":8}],"player_experience":72006,"relics_obtained":[{"floor":4,"key":"Pantograph"},{"floor":6,"key":"Oddly Smooth Stone"},{"floor":8,"key":"Symbiotic Virus"},{"floor":9,"key":"Kunai"}],"event_choices":[{"event_name":"FaceTrader","player_choice":"Trade","floor":2,"damage_taken":0}],"is_beta":true,"boss_relics":[],"items_purged_floors":[],"is_endless":false,"potions_floor_spawned":[1,6,7],"ascension_level":4}