{"gold_per_floor":[116,135,147,159,334,334,356,372,423,423,448,466,485,505,505,505],"floor_reached":16,"playtime":1124,"items_purged":[],"score":106,"play_id":"bcee8f0b-3d03-460b-9227-2ba454cd84fe","local_time":"20190219161320","is_ascension_mode":false,"campfire_choices":[{"data":"Zap","floor":6,"key":"SMITH"},{"floor":10,"key":"REST"},{"data":"Consume","floor":15,"key":"SMITH"}],"neow_cost":"TEN_PERCENT_HP_LOSS","seed_source_timestamp":251571587665849,"circlet_count":0,"master_deck":["Strike_B","Strike_B","Strike_B","Strike_B","Defend_B","Defend_B","Defend_B","Defend_B","Zap+1","Dualcast","All For One","Leap","Self Repair","Aggregate","Ball Lightning","Doubt","Consume+1","Capacitor","Ball Lightning","Hologram","Loop","Stack","Hologram"],"relics":["Cracked Core","Odd Mushroom","Dream Catcher","Meat on the Bone"],"potions_floor_usage":[11,16,16,16],"damage_taken":[{"damage":1,"enemies":"Cultist","floor":1,"turns":3},{"damage":0,"enemies":"Small Slimes","floor":2,"turns":3},{"damage":4,"enemies":"Jaw Worm","floor":3,"turns":3},{"damage":5,"enemies":"Blue Slaver","floor":4,"turns":3},{"damage":25,"enemies":"The Mushroom Lair","floor":7,"turns":5},{"damage":3,"enemies":"Exordium Wildlife","floor":8,"turns":3},{"damage":26,"enemies":"Lagavulin","floor":11,"turns":5},{"damage":17,"enemies":"Large Slime","floor":12,"turns":4},{"damage":9,"enemies":"Blue Slaver","floor":13,"turns":2},{"damage":15,"enemies":"3 Louse","floor":14,"turns":3},{"damage":64,"enemies":"Slime Boss","floor":16,"turns":8}],"seed_played":"3386532691404453820","potions_obtained":[{"floor":2,"key":"Dexterity Potion"},{"floor":7,"key":"GamblersBrew"},{"floor":8,"key":"Explosive Potion"},{"floor":12,"key":"Regen Potion"}],"is_trial":false,"path_per_floor":["M","M","M","M","?","R","?","M","T","R","E","M","M","M","R","B"],"character_chosen":"DEFECT","items_purchased":[],"campfire_rested":1,"item_purchase_floors":[],"current_hp_per_floor":[67,67,68,68,68,68,50,47,47,67,48,50,48,45,45,0],"gold":505,"neow_bonus":"THREE_RARE_CARDS","is_prod":false,"is_daily":false,"chose_seed":false,"campfire_upgraded":2,"win_rate":0.0,"timestamp":1550614400,"path_taken":["M","M","M","?","?","R","?","M","T","R","E","M","M","M","R","BOSS"],"build_version":"2019-01-23","purchased_purges":0,"victory":false,"max_hp_per_floor":[68,68,68,68,68,68,68,68,68,68,68,68,68,68,68,68],"card_choices":[{"not_picked":["Buffer","Core Surge"],"picked":"All For One","floor":0},{"not_picked":["Compile Driver","Chill"],"picked":"Leap","floor":1},{"not_picked":["Skim","Compile Driver"],"picked":"Self Repair","floor":2},{"not_picked":["Streamline","Leap"],"picked":"Aggregate","floor":3},{"not_picked":["Conserve Battery","Cold Snap"],"picked":"Ball Lightning","floor":4},{"not_picked":["Sweeping Beam","Gash"],"picked":"Consume","floor":7},{"not_picked":["Leap","Conserve Battery"],"picked":"Capacitor","floor":8},{"not_picked":["Gash","Streamline"],"picked":"Ball Lightning","floor":10},{"not_picked":["Rebound","Machine Learning"],"picked":"Hologram","floor":11},{"not_picked":["Coolheaded","Barrage"],"picked":"Loop","floor":12},{"not_picked":["Hologram","Heatsinks"],"picked":"Stack","floor":13},{"not_picked":["Turbo","Coolheaded"],"picked":"Hologram","floor":14}],"player_experience":41915,"relics_obtained":[{"floor":7,"key":"Odd Mushroom"},{"floor":9,"key":"Dream Catcher"},{"floor":11,"key":"Meat on the Bone"}],"event_choices":[{"damage_healed":0,"gold_gain":175,"player_choice":"AGREE","damage_taken":0,"max_hp_gain":0,"max_hp_loss":0,"event_name":"Liars Game","floor":5,"gold_loss":0,"cards_obtained":["Doubt"]},{"damage_healed":0,"gold_gain":0,"player_choice":"Fought Mushrooms","damage_taken":0,"max_hp_gain":0,"max_hp_loss":0,"event_name":"Mushrooms","floor":7,"gold_loss":0}],"is_beta":false,"boss_relics":[],"items_purged_floors":[],"is_endless":false,"potions_floor_spawned":[2,7,8,12,13],"killed_by":"Slime Boss","ascension_level":0}