{"gold_per_floor":[116,134,84,103,117,117,144,144,168,183,196,212,212,137,137,137],"floor_reached":16,"playtime":576,"items_purged":["Strike_G"],"score":104,"play_id":"754389dd-f0ec-4d13-9db8-1e547f207051","local_time":"20190326153028","is_ascension_mode":false,"campfire_choices":[{"floor":6,"key":"RECALL"},{"floor":8,"key":"REST"},{"data":"Deadly Poison","floor":13,"key":"SMITH"},{"floor":15,"key":"REST"}],"neow_cost":"NONE","seed_source_timestamp":224706916671600,"circlet_count":0,"master_deck":["Defend_G","Defend_G","Defend_G","Defend_G","Defend_G","Strike_G","Strike_G","Strike_G","Survivor","Neutralize","Dagger Throw","Heel Hook","Blur","Deadly Poison+1","Underhanded Strike","Adrenaline","Acrobatics"],"relics":["Ring of the Snake","NeowsBlessing","Bag of Preparation"],"potions_floor_usage":[16],"damage_taken":[{"damage":0,"enemies":"2 Louse","floor":1,"turns":1},{"damage":0,"enemies":"Jaw Worm","floor":2,"turns":1},{"damage":0,"enemies":"Cultist","floor":4,"turns":1},{"damage":0,"enemies":"2 Fungi Beasts","floor":5,"turns":4},{"damage":33,"enemies":"Gremlin Nob","floor":7,"turns":5},{"damage":12,"enemies":"Exordium Thugs","floor":10,"turns":7},{"damage":7,"enemies":"Blue Slaver","floor":11,"turns":3},{"damage":10,"enemies":"2 Fungi Beasts","floor":12,"turns":3},{"damage":63,"enemies":"Slime Boss","floor":16,"turns":11}],"seed_played":"-8035391164696318505","potions_obtained":[{"floor":2,"key":"FairyPotion"},{"floor":5,"key":"LiquidBronze"}],"is_trial":false,"path_per_floor":["M","M","?","M","M","R","E","R","T","M","M","M","R","$","R","B"],"character_chosen":"THE_SILENT","items_purchased":[],"campfire_rested":2,"item_purchase_floors":[],"current_hp_per_floor":[70,70,70,70,70,70,37,58,58,46,39,29,29,29,50,0],"gold":137,"neow_bonus":"THREE_ENEMY_KILL","is_prod":false,"is_daily":false,"chose_seed":false,"campfire_upgraded":1,"win_rate":0,"timestamp":1553585428,"path_taken":["M","M","?","M","M","R","E","R","T","M","M","M","R","$","R","BOSS"],"build_version":"2019-01-23","purchased_purges":1,"victory":false,"max_hp_per_floor":[70,70,70,70,70,70,70,70,70,70,70,70,70,70,70,70],"card_choices":[{"not_picked":["Outmaneuver","Distraction"],"picked":"Dagger Throw","floor":1},{"not_picked":["Slice","Poisoned Stab"],"picked":"Heel Hook","floor":2},{"not_picked":["Sucker Punch","Calculated Gamble"],"picked":"Blur","floor":4},{"not_picked":["Blade Dance","Outmaneuver"],"picked":"Deadly Poison","floor":5},{"not_picked":["Leg Sweep","Flying Knee"],"picked":"Underhanded Strike","floor":7},{"not_picked":["Dagger Spray","Outmaneuver","Distraction"],"picked":"SKIP","floor":10},{"not_picked":["Acrobatics","Dagger Throw"],"picked":"Adrenaline","floor":11},{"not_picked":["Backflip","Dagger Throw"],"picked":"Acrobatics","floor":12}],"player_experience":431065,"relics_obtained":[{"floor":7,"key":"Bag of Preparation"}],"event_choices":[{"cards_removed":["Strike_G"],"damage_healed":0,"gold_gain":0,"player_choice":"Card Removal","damage_taken":0,"max_hp_gain":0,"max_hp_loss":0,"event_name":"The Cleric","floor":3,"gold_loss":50}],"is_beta":false,"boss_relics":[],"items_purged_floors":[14],"is_endless":false,"potions_floor_spawned":[2,5],"killed_by":"Slime Boss","ascension_level":0}