{"path_per_floor":["M","M","?","?","M","R","M","R","T","M","M","?","M","M","R","B",null,"M","$","M","M"],"character_chosen":"DEFECT","items_purchased":["Capacitor"],"gold_per_floor":[18,36,36,1,15,15,30,30,30,41,54,54,69,79,79,180,180,194,82,100,117,117],"floor_reached":22,"campfire_rested":0,"playtime":977,"item_purchase_floors":[19],"current_hp_per_floor":[75,75,50,68,67,67,61,61,61,54,54,54,54,21,21,21,75,67,67,45,32,0],"items_purged":["Gash"],"gold":117,"score":244,"play_id":"fac0772c-e4ba-4d46-bed9-ccfb1e65aa41","local_time":"20180603154224","is_prod":false,"is_daily":false,"chose_seed":false,"is_ascension_mode":true,"campfire_upgraded":3,"win_rate":0,"timestamp":1528011744,"campfire_choices":[{"data":"Dualcast","floor":6,"key":"SMITH"},{"data":"Glacier","floor":8,"key":"SMITH"},{"data":"Loop","floor":15,"key":"SMITH"}],"path_taken":["M","M","?","?","M","R","?","R","T","?","M","?","?","M","R","BOSS","M","$","M","M","?"],"build_version":"2018-05-31","seed_source_timestamp":544690111277128,"purchased_purges":1,"victory":false,"master_deck":["Zap","Dualcast+1","Compile Driver","Glacier+1","Compile Driver","Loop+1","White Noise","Thunder Strike","Coolheaded","Redo","Tempest","Redo","Capacitor","Static Discharge"],"max_hp_per_floor":[75,75,75,75,75,75,75,75,75,75,75,75,75,75,75,75,75,75,75,75,75,75],"relics":["Cracked Core","Centennial Puzzle","Dream Catcher","Pandora\u0027s Box"],"card_choices":[{"not_picked":["Self Repair","Steam"],"picked":"Compile Driver","floor":1},{"not_picked":["Barrage","Buffer","Sweeping Beam"],"picked":"SKIP","floor":2},{"not_picked":["Turbo","Streamline"],"picked":"Glacier","floor":5},{"not_picked":["Conserve Battery","Sweeping Beam"],"picked":"Compile Driver","floor":7},{"not_picked":["Leap","Compile Driver","Stack"],"picked":"SKIP","floor":10},{"not_picked":["Sweeping Beam","Genetic Algorithm"],"picked":"Loop","floor":11},{"not_picked":["Steam","Core Surge"],"picked":"White Noise","floor":13},{"not_picked":["BootSequence","Stack","Turbo"],"picked":"SKIP","floor":14},{"not_picked":["Multi-Cast","Seek"],"picked":"Thunder Strike","floor":16},{"not_picked":["Go for the Eyes","Beam Cell","Melter"],"picked":"SKIP","floor":18},{"not_picked":["Beam Cell","Aggregate"],"picked":"Static Discharge","floor":20},{"not_picked":["Streamline","Cold Snap","Go for the Eyes"],"picked":"SKIP","floor":21}],"player_experience":218837,"potions_floor_usage":[13,16,16,20,22],"damage_taken":[{"damage":0,"enemies":"2 Louse","floor":1,"turns":2},{"damage":0,"enemies":"Jaw Worm","floor":2,"turns":3},{"damage":1,"enemies":"Cultist","floor":5,"turns":3},{"damage":6,"enemies":"Looter","floor":7,"turns":3},{"damage":7,"enemies":"Blue Slaver","floor":10,"turns":2},{"damage":0,"enemies":"Exordium Wildlife","floor":11,"turns":3},{"damage":0,"enemies":"Red Slaver","floor":13,"turns":3},{"damage":33,"enemies":"Gremlin Gang","floor":14,"turns":4},{"damage":0,"enemies":"The Guardian","floor":16,"turns":10},{"damage":8,"enemies":"Spheric Guardian","floor":18,"turns":5},{"damage":22,"enemies":"Shell Parasite","floor":20,"turns":8},{"damage":13,"enemies":"Sentry and Sphere","floor":21,"turns":5},{"damage":46,"enemies":"Masked Bandits","floor":22,"turns":3}],"relics_obtained":[{"floor":9,"key":"Dream Catcher"}],"event_choices":[{"event_name":"Scrap Ooze","player_choice":"success","floor":3,"damage_taken":25},{"event_name":"The Cleric","player_choice":"Healed","floor":4,"damage_taken":0},{"event_name":"Purifier","player_choice":"One Purge","floor":12,"damage_taken":0},{"event_name":"Masked Bandits","player_choice":"Fought over 117 gold","floor":22,"damage_taken":0}],"boss_relics":[{"not_picked":["Calling Bell","Black Star"],"picked":"Pandora\u0027s Box"}],"items_purged_floors":[19],"potions_floor_spawned":[1,7,11,16,18],"seed_played":"4176230419654198633","killed_by":"Masked Bandits","ascension_level":1,"potions_obtained":[{"floor":1,"key":"FocusPotion"},{"floor":7,"key":"Ancient Potion"},{"floor":11,"key":"FearPotion"},{"floor":16,"key":"Explosive Potion"},{"floor":18,"key":"SneckoOil"}],"is_trial":false}