{"gold_per_floor":[113,128,128,53,72,72,86,86,86,119,142,142],"floor_reached":12,"playtime":277,"items_purged":["Pain"],"score":152,"play_id":"a1b70702-10f2-4efe-883b-870a8a7824bf","local_time":"20181115162725","is_ascension_mode":true,"campfire_choices":[{"data":"Sunder","floor":6,"key":"SMITH"},{"data":"Barrage","floor":8,"key":"SMITH"}],"neow_cost":"CURSE","seed_source_timestamp":81771789875348,"circlet_count":0,"master_deck":["AscendersBane","Strike_B","Strike_B","Strike_B","Strike_B","Defend_B","Defend_B","Defend_B","Defend_B","Zap","Dualcast","Barrage+1","Sunder+1","Injury","Steam","Melter","Defragment"],"relics":["Cracked Core","Ginger","Golden Idol","Darkstone Periapt","Singing Bowl"],"potions_floor_usage":[11,12],"damage_taken":[{"damage":7,"enemies":"Small Slimes","floor":1,"turns":3},{"damage":3,"enemies":"2 Louse","floor":2,"turns":2},{"damage":4,"enemies":"Jaw Worm","floor":5,"turns":3},{"damage":1,"enemies":"2 Fungi Beasts","floor":7,"turns":3},{"damage":32,"enemies":"Gremlin Nob","floor":10,"turns":4},{"damage":0,"enemies":"Gremlin Gang","floor":11,"turns":3},{"damage":25,"enemies":"3 Sentries","floor":12,"turns":4}],"seed_played":"-7804241139657150504","potions_obtained":[{"floor":1,"key":"Explosive Potion"},{"floor":10,"key":"Strength Potion"}],"is_trial":false,"path_per_floor":["M","M","?","$","M","R","M","R","T","E","M","E"],"character_chosen":"DEFECT","items_purchased":[],"campfire_rested":0,"item_purchase_floors":[],"current_hp_per_floor":[57,54,54,54,50,50,49,49,49,17,19,0],"gold":142,"neow_bonus":"ONE_RARE_RELIC","is_prod":false,"is_daily":false,"chose_seed":false,"campfire_upgraded":2,"win_rate":0,"timestamp":1542317245,"path_taken":["M","M","?","$","M","R","M","R","T","E","M","E"],"build_version":"2018-11-08","purchased_purges":1,"victory":false,"max_hp_per_floor":[71,71,71,71,71,71,71,71,71,71,73,73],"card_choices":[{"not_picked":["Steam Power","Cold Snap"],"picked":"Barrage","floor":1},{"not_picked":["Steam Power","Hologram"],"picked":"Sunder","floor":2},{"not_picked":["Rebound","Compile Driver"],"picked":"Steam","floor":5},{"not_picked":["Rebound","Cold Snap"],"picked":"Melter","floor":7},{"not_picked":["Reboot","Reinforced Body"],"picked":"Defragment","floor":10},{"not_picked":["Steam","Stack","Cold Snap"],"picked":"Singing Bowl","floor":11}],"player_experience":725494,"relics_obtained":[{"floor":9,"key":"Darkstone Periapt"},{"floor":10,"key":"Singing Bowl"}],"event_choices":[{"damage_healed":0,"gold_gain":0,"player_choice":"Take Wound","damage_taken":0,"relics_obtained":["Golden Idol"],"max_hp_gain":0,"max_hp_loss":0,"event_name":"Golden Idol","floor":3,"gold_loss":0,"cards_obtained":["Injury"]}],"is_beta":false,"boss_relics":[],"items_purged_floors":[4],"is_endless":false,"potions_floor_spawned":[1,10],"killed_by":"3 Sentries","ascension_level":18}