{"gold_per_floor":[119,119,134,182,182,182,2,2,2,2,2,17,27,27,27,27],"floor_reached":16,"playtime":497,"items_purged":[],"score":167,"play_id":"26652e83-0735-488a-a2f8-43cbcf107a8e","local_time":"20181119110231","is_ascension_mode":true,"campfire_choices":[{"data":"Rage","floor":6,"key":"SMITH"},{"data":"Corruption","floor":8,"key":"SMITH"},{"data":"Bash","floor":10,"key":"SMITH"},{"data":"Dropkick","floor":15,"key":"SMITH"}],"neow_cost":"CURSE","seed_source_timestamp":249795687705831,"circlet_count":0,"master_deck":["AscendersBane","Strike_R","Strike_R","Strike_R","Strike_R","Strike_R","Defend_R+1","Defend_R","Defend_R","Defend_R","Bash+1","Parasite","Brutality","Rage+1","True Grit+1","Corruption+1","Trip","Sentinel","Dropkick+1"],"relics":["Burning Blood","Red Skull","Kunai"],"potions_floor_usage":[16],"damage_taken":[{"damage":6,"enemies":"Small Slimes","floor":1,"turns":4},{"damage":1,"enemies":"Cultist","floor":3,"turns":3},{"damage":4,"enemies":"2 Louse","floor":12,"turns":5},{"damage":21,"enemies":"Exordium Wildlife","floor":13,"turns":6},{"damage":38,"enemies":"The Guardian","floor":16,"turns":7}],"seed_played":"-3740774576374541562","potions_obtained":[{"floor":2,"key":"SpeedPotion"},{"floor":2,"key":"FearPotion"}],"is_trial":false,"path_per_floor":["M","?","M","T","?","R","$","R","T","R","$","M","M","$","R","B"],"character_chosen":"IRONCLAD","items_purchased":["Corruption","Trip"],"campfire_rested":0,"item_purchase_floors":[7,7],"current_hp_per_floor":[68,68,73,73,50,50,50,50,50,50,50,52,37,37,37,0],"gold":27,"neow_bonus":"THREE_RARE_CARDS","is_prod":false,"is_daily":false,"chose_seed":false,"campfire_upgraded":4,"win_rate":0,"timestamp":1542643351,"path_taken":["M","?","?","?","?","R","?","R","T","R","$","M","M","$","R","BOSS"],"build_version":"2018-11-15","purchased_purges":0,"victory":false,"max_hp_per_floor":[75,75,75,75,75,75,75,75,75,75,75,75,75,75,75,75],"card_choices":[{"not_picked":["Dark Embrace","Barricade"],"picked":"Brutality","floor":0},{"not_picked":["Sever Soul","Fire Breathing"],"picked":"Rage","floor":1},{"not_picked":["Clash","Warcry"],"picked":"True Grit","floor":3},{"not_picked":["Warcry","Pommel Strike"],"picked":"Sentinel","floor":12},{"not_picked":["Hemokinesis","Headbutt"],"picked":"Dropkick","floor":13}],"player_experience":749916,"relics_obtained":[{"floor":4,"key":"Red Skull"},{"floor":9,"key":"Kunai"}],"event_choices":[{"damage_healed":0,"gold_gain":0,"player_choice":"Got Potions","damage_taken":0,"max_hp_gain":0,"max_hp_loss":0,"event_name":"Lab","floor":2,"gold_loss":0},{"damage_healed":0,"gold_gain":0,"player_choice":"Entered Light","damage_taken":23,"max_hp_gain":0,"max_hp_loss":0,"event_name":"Shining Light","floor":5,"gold_loss":0,"cards_upgraded":["Defend_R","True Grit"]}],"is_beta":false,"boss_relics":[],"items_purged_floors":[],"is_endless":false,"potions_floor_spawned":[3],"killed_by":"The Guardian","ascension_level":18}