{"gold_per_floor":[110,110,129,142,157,157,191,209,509,509,509,521,302,321,321,417,417,429,429,401,401,47,74,74,74,74,91,124,143,343,343,343,444,444,459,459],"floor_reached":36,"playtime":1526,"items_purged":["Strike_B"],"score":454,"play_id":"f9fc0bb7-56c9-4bda-ac17-00bb2b1c3558","local_time":"20181030204951","is_ascension_mode":false,"campfire_choices":[{"floor":6,"key":"REST"},{"data":"Genetic Algorithm","floor":11,"key":"SMITH"},{"data":"Dualcast","floor":15,"key":"SMITH"},{"floor":25,"key":"REST"},{"floor":32,"key":"REST"}],"neow_cost":"NONE","seed_source_timestamp":7122736530730,"circlet_count":0,"master_deck":["Strike_B","Defend_B","Defend_B","Defend_B","Defend_B","Zap","Dualcast+1","Melter","Melter","Self Repair","Genetic Algorithm+1","Leap","Reinforced Body","Multi-Cast","Core Surge","White Noise","Conserve Battery+1","Sunder","Static Discharge+1","Seek"],"relics":["Cracked Core","Bag of Preparation","Blue Candle","Old Coin","Vajra","Fusion Hammer","Ice Cream","Torii","Mango","Oddly Smooth Stone","Nuclear Battery"],"potions_floor_usage":[7,16,23,33,33,36],"damage_taken":[{"damage":7,"enemies":"Small Slimes","floor":1,"turns":3},{"damage":1,"enemies":"Jaw Worm","floor":3,"turns":3},{"damage":0,"enemies":"Cultist","floor":4,"turns":2},{"damage":33,"enemies":"Gremlin Gang","floor":5,"turns":4},{"damage":13,"enemies":"3 Sentries","floor":7,"turns":6},{"damage":14,"enemies":"2 Fungi Beasts","floor":8,"turns":4},{"damage":27,"enemies":"Lots of Slimes","floor":12,"turns":4},{"damage":2,"enemies":"3 Louse","floor":14,"turns":3},{"damage":51,"enemies":"Slime Boss","floor":16,"turns":12},{"damage":5,"enemies":"Chosen","floor":18,"turns":4},{"damage":26,"enemies":"2 Thieves","floor":20,"turns":5},{"damage":48,"enemies":"Slavers","floor":23,"turns":5},{"damage":13,"enemies":"Snecko","floor":27,"turns":4},{"damage":11,"enemies":"Gremlin Leader","floor":28,"turns":6},{"damage":8,"enemies":"Snake Plant","floor":29,"turns":4},{"damage":58,"enemies":"Champ","floor":33,"turns":9},{"damage":16,"enemies":"3 Darklings","floor":35,"turns":5},{"damage":99,"enemies":"2 Orb Walkers","floor":36,"turns":6}],"seed_played":"6845980206671747724","potions_obtained":[{"floor":5,"key":"Energy Potion"},{"floor":12,"key":"Ancient Potion"},{"floor":14,"key":"AttackPotion"},{"floor":16,"key":"LiquidBronze"},{"floor":28,"key":"Ancient Potion"},{"floor":29,"key":"PowerPotion"},{"floor":35,"key":"Swift Potion"}],"is_trial":false,"path_per_floor":["M","?","M","M","M","R","E","M","T","?","R","M","$","M","R","B",null,"M","?","M","?","$","E","$","R","T","M","E","M","?","?","R","B",null,"M"],"character_chosen":"DEFECT","items_purchased":["Vajra","Ice Cream","Sunder"],"campfire_rested":3,"item_purchase_floors":[13,22,22],"current_hp_per_floor":[68,56,55,55,29,51,45,38,38,85,85,65,65,70,70,26,85,85,85,66,50,50,9,9,36,50,37,33,32,32,32,63,12,104,88,0],"gold":459,"neow_bonus":"ONE_RANDOM_RARE_CARD","is_prod":false,"is_daily":false,"chose_seed":false,"campfire_upgraded":2,"win_rate":0,"timestamp":1540928991,"path_taken":["M","?","?","?","M","R","E","M","T","?","R","M","$","M","R","BOSS","M","?","?","?","?","E","$","R","T","M","E","M","?","?","R","BOSS","M","?"],"build_version":"2018-10-29v2","purchased_purges":1,"victory":false,"max_hp_per_floor":[75,75,75,75,75,75,75,75,75,85,85,85,85,85,85,85,85,85,85,85,90,90,90,90,90,104,104,104,104,104,104,104,104,104,104,104],"card_choices":[{"not_picked":["Streamline","Stack"],"picked":"Melter","floor":1},{"not_picked":["Coolheaded","Steam"],"picked":"Melter","floor":3},{"not_picked":["Steam","Recycle"],"picked":"Self Repair","floor":4},{"not_picked":["Double Energy","Compile Driver","Steam"],"picked":"SKIP","floor":5},{"not_picked":["Redo","Gash","Ball Lightning"],"picked":"SKIP","floor":7},{"not_picked":["Force Field","Skim"],"picked":"Genetic Algorithm","floor":8},{"not_picked":["Hello World","Hologram"],"picked":"Leap","floor":12},{"not_picked":["Self Repair","Cold Snap"],"picked":"Reinforced Body","floor":14},{"not_picked":["All For One","Meteor Strike"],"picked":"Multi-Cast","floor":16},{"not_picked":["Redo","Genetic Algorithm","Hologram"],"picked":"SKIP","floor":18},{"not_picked":["Leap","FTL"],"picked":"Conserve Battery+1","floor":20},{"not_picked":["Rebound","Biased Cognition"],"picked":"Static Discharge+1","floor":23},{"not_picked":["Doom and Gloom","FTL","Conserve Battery"],"picked":"SKIP","floor":27},{"not_picked":["Capacitor","Steam","Reprogram"],"picked":"SKIP","floor":28},{"not_picked":["Ball Lightning+1","Barrage","Hello World"],"picked":"SKIP","floor":29},{"not_picked":["Fission","Biased Cognition"],"picked":"Seek","floor":33},{"not_picked":["Streamline+1","Sweeping Beam+1","Fusion+1"],"picked":"SKIP","floor":35}],"player_experience":178014,"relics_obtained":[{"floor":7,"key":"Blue Candle"},{"floor":9,"key":"Old Coin"},{"floor":23,"key":"Torii"},{"floor":26,"key":"Mango"},{"floor":28,"key":"Oddly Smooth Stone"}],"event_choices":[{"damage_healed":0,"gold_gain":0,"player_choice":"Success","damage_taken":12,"relics_obtained":["Bag of Preparation"],"max_hp_gain":0,"max_hp_loss":0,"event_name":"Scrap Ooze","floor":2,"gold_loss":0},{"cards_removed":["Meteor Strike"],"damage_healed":37,"gold_gain":0,"player_choice":"Offered Rare","damage_taken":0,"max_hp_gain":10,"max_hp_loss":0,"event_name":"Bonfire Elementals","floor":10,"gold_loss":0},{"damage_healed":0,"gold_gain":0,"cards_transformed":["Strike_B","Strike_B"],"player_choice":"Became Test Subject","damage_taken":0,"max_hp_gain":0,"max_hp_loss":0,"event_name":"Drug Dealer","floor":19,"gold_loss":0,"cards_obtained":["Core Surge","White Noise"]},{"damage_healed":0,"gold_gain":0,"player_choice":"Shed Blood","damage_taken":21,"max_hp_gain":5,"max_hp_loss":0,"event_name":"Forgotten Altar","floor":21,"gold_loss":0},{"damage_healed":0,"gold_gain":250,"player_choice":"Bet on Owner","damage_taken":0,"max_hp_gain":0,"max_hp_loss":0,"event_name":"The Joust","floor":30,"gold_loss":50},{"damage_healed":0,"gold_gain":0,"player_choice":"Bought 0 Potions","damage_taken":0,"max_hp_gain":0,"max_hp_loss":0,"event_name":"The Woman in Blue","floor":31,"gold_loss":0},{"damage_healed":0,"gold_gain":0,"player_choice":"Fight","damage_taken":0,"max_hp_gain":0,"max_hp_loss":0,"event_name":"Mysterious Sphere","floor":36,"gold_loss":0}],"is_beta":true,"boss_relics":[{"not_picked":["Velvet Choker","Lizard Tail"],"picked":"Fusion Hammer"},{"not_picked":["Inserter","Snecko Eye"],"picked":"Nuclear Battery"}],"items_purged_floors":[13],"is_endless":false,"potions_floor_spawned":[5,12,14,16,28,29,35],"killed_by":"2 Orb Walkers","ascension_level":0}