{"gold_per_floor":[111,111,129,129,144,144,178,3,3,3],"floor_reached":10,"playtime":316,"items_purged":[],"score":132,"play_id":"46b5ef8a-26c4-4dec-9503-8e6c20bcbd4b","local_time":"20190206072008","is_ascension_mode":true,"campfire_choices":[{"data":"Flex","floor":6,"key":"SMITH"}],"neow_cost":"CURSE","seed_source_timestamp":130947664610709,"circlet_count":0,"master_deck":["AscendersBane","Strike_R","Strike_R","Strike_R","Strike_R","Strike_R","Defend_R","Defend_R","Defend_R","Defend_R","Bash","Doubt","Offering","Thunderclap","Regret","Whirlwind+1","Flex+1","Warcry","Rupture","Bandage Up"],"relics":["Burning Blood","Letter Opener","Dream Catcher","Bag of Marbles"],"potions_floor_usage":[7,10],"damage_taken":[{"damage":6,"enemies":"2 Louse","floor":1,"turns":4},{"damage":16,"enemies":"Jaw Worm","floor":3,"turns":4},{"damage":4,"enemies":"Cultist","floor":5,"turns":3},{"damage":28,"enemies":"3 Sentries","floor":7,"turns":5},{"damage":58,"enemies":"Lagavulin","floor":10,"turns":5}],"seed_played":"-941639650311380506","potions_obtained":[{"floor":3,"key":"Regen Potion"},{"floor":7,"key":"GamblersBrew"}],"is_trial":false,"path_per_floor":["M","?","M","?","M","R","E","$","T","E"],"character_chosen":"IRONCLAD","items_purchased":["Rupture","Bandage Up"],"campfire_rested":0,"item_purchase_floors":[8,8],"current_hp_per_floor":[68,68,58,58,60,60,52,52,52,0],"gold":3,"neow_bonus":"THREE_RARE_CARDS","is_prod":false,"is_daily":false,"chose_seed":false,"campfire_upgraded":1,"win_rate":0,"timestamp":1549455608,"path_taken":["M","?","M","?","M","R","E","$","T","E"],"build_version":"2019-01-23","purchased_purges":0,"victory":false,"max_hp_per_floor":[75,75,75,75,75,75,75,75,75,75],"card_choices":[{"not_picked":["Double Tap","Berserk"],"picked":"Offering","floor":0},{"not_picked":["Seeing Red","Iron Wave"],"picked":"Thunderclap","floor":1},{"not_picked":["Twin Strike","Dual Wield"],"picked":"Whirlwind","floor":3},{"not_picked":["Pommel Strike","Clothesline"],"picked":"Flex","floor":5},{"not_picked":["Armaments","Seeing Red"],"picked":"Warcry","floor":7}],"player_experience":824401,"relics_obtained":[{"floor":7,"key":"Dream Catcher"},{"floor":9,"key":"Bag of Marbles"}],"event_choices":[{"damage_healed":0,"gold_gain":0,"player_choice":"Box","damage_taken":0,"relics_obtained":["Letter Opener"],"max_hp_gain":0,"max_hp_loss":0,"event_name":"Big Fish","floor":2,"gold_loss":0,"cards_obtained":["Regret"]},{"damage_healed":0,"gold_gain":0,"player_choice":"Grow","damage_taken":0,"max_hp_gain":0,"max_hp_loss":0,"event_name":"Living Wall","floor":4,"gold_loss":0,"cards_upgraded":["Whirlwind"]}],"is_beta":false,"boss_relics":[],"items_purged_floors":[],"is_endless":false,"potions_floor_spawned":[3,7],"killed_by":"Lagavulin","ascension_level":20}