{"gold_per_floor":[13,24,24,44,57,57,112,112,135,135,146,146,31,46,46,119,119,138,138,138,154,0,0,17,17,66,92,92],"floor_reached":28,"playtime":915,"items_purged":["Strike_B"],"score":456,"play_id":"311e4131-d049-446e-bef8-2d9771573786","local_time":"20190428150329","is_ascension_mode":true,"campfire_choices":[{"data":"Zap","floor":6.0,"key":"SMITH"},{"data":"Dualcast","floor":8.0,"key":"SMITH"},{"floor":10.0,"key":"REST"},{"floor":15.0,"key":"REST"},{"data":"Chaos","floor":23,"key":"SMITH"},{"floor":25,"key":"REST"}],"neow_cost":"NO_GOLD","seed_source_timestamp":315960341263158,"circlet_count":0,"master_deck":["AscendersBane","Zap+1","Dualcast+1","Undo","Cold Snap","Conserve Battery+1","Hologram","Recycle","Consume","Echo Form","Fission","Chill","Conserve Battery","Recycle","Auto Shields","Electrodynamics","Coolheaded","Turbo","Chaos+1","Defragment","Defragment","Heatsinks"],"special_seed":0,"relics":["Cracked Core","WingedGreaves","Tiny Chest","Nloth\u0027s Gift","Centennial Puzzle","Ancient Tea Set"],"potions_floor_usage":[27],"damage_taken":[{"damage":2.0,"enemies":"2 Louse","floor":1.0,"turns":3.0},{"damage":0.0,"enemies":"Jaw Worm","floor":2.0,"turns":3.0},{"damage":7.0,"enemies":"Small Slimes","floor":4.0,"turns":5.0},{"damage":43.0,"enemies":"Gremlin Gang","floor":5.0,"turns":6.0},{"damage":6.0,"enemies":"Blue Slaver","floor":11.0,"turns":4.0},{"damage":0.0,"enemies":"3 Louse","floor":14.0,"turns":4.0},{"damage":25.0,"enemies":"Slime Boss","floor":16.0,"turns":9.0},{"damage":16.0,"enemies":"Shell Parasite","floor":18.0,"turns":11.0},{"damage":16.0,"enemies":"Spheric Guardian","floor":21.0,"turns":7.0},{"damage":18,"enemies":"3 Cultists","floor":24,"turns":3},{"damage":23,"enemies":"Slavers","floor":27,"turns":7},{"damage":0,"enemies":"Cultist and Chosen","floor":28,"turns":2}],"seed_played":"-9056024032500215599","potions_obtained":[{"floor":4.0,"key":"FocusPotion"},{"floor":5.0,"key":"PowerPotion"},{"floor":14.0,"key":"SteroidPotion"},{"floor":24,"key":"Weak Potion"}],"is_trial":false,"path_per_floor":["M","M","?","M","M","R","T","R","T","R","M","?","$","M","R","B",null,"M","?","?","M","?","R","M","R","T","E","M"],"character_chosen":"DEFECT","items_purchased":["Consume"],"campfire_rested":3,"item_purchase_floors":[13],"current_hp_per_floor":[62,62,62,55,12,12,12,12,12,33,27,6,6,6,27,2,54,38,38,38,22,22,22,4,25,25,2,2],"gold":92,"neow_bonus":"ONE_RARE_RELIC","is_prod":false,"is_daily":false,"chose_seed":false,"campfire_upgraded":3,"win_rate":0,"timestamp":1556435009,"path_taken":["M","M","?","M","M","R","?","R","T","R","M","?","$","M","R","BOSS","M","?","?","?","?","R","M","R","T","E","M"],"build_version":"2019-01-23","purchased_purges":1,"victory":false,"max_hp_per_floor":[71,71,71,71,71,71,71,71,71,71,71,71,71,71,71,71,71,71,71,71,71,71,71,71,71,71,71,71],"card_choices":[{"not_picked":["Stack","Lockon"],"picked":"Undo","floor":1.0},{"not_picked":["Genetic Algorithm","Rebound"],"picked":"Cold Snap","floor":2.0},{"not_picked":["Barrage","Doom and Gloom"],"picked":"Conserve Battery","floor":4.0},{"not_picked":["Stack","Undo"],"picked":"Hologram","floor":5.0},{"not_picked":["Gash","Streamline"],"picked":"Recycle","floor":11.0},{"not_picked":["Force Field","Gash","Storm"],"picked":"SKIP","floor":14.0},{"not_picked":["Creative AI","Electrodynamics"],"picked":"Echo Form","floor":16.0},{"not_picked":["Compile Driver","Barrage"],"picked":"Turbo","floor":18.0},{"not_picked":["Reboot","Conserve Battery+1"],"picked":"Defragment","floor":21.0},{"not_picked":["Hologram","Lockon"],"picked":"Defragment","floor":24},{"not_picked":["Streamline","Stack+1"],"picked":"Heatsinks","floor":27}],"player_experience":1491560,"relics_obtained":[{"floor":7.0,"key":"Tiny Chest"},{"floor":26,"key":"Centennial Puzzle"},{"floor":27,"key":"Ancient Tea Set"}],"event_choices":[{"damage_healed":0.0,"max_hp_gain":0.0,"max_hp_loss":0.0,"gold_gain":0.0,"event_name":"The Cleric","player_choice":"Leave","floor":3.0,"gold_loss":0.0,"damage_taken":0.0},{"damage_healed":0.0,"max_hp_gain":0.0,"max_hp_loss":0.0,"gold_gain":0.0,"event_name":"Shining Light","player_choice":"Entered Light","floor":12.0,"gold_loss":0.0,"damage_taken":21.0,"cards_upgraded":["Conserve Battery","Strike_B"]},{"damage_healed":0.0,"max_hp_gain":0.0,"max_hp_loss":0.0,"gold_gain":0.0,"event_name":"The Library","player_choice":"Read","floor":19.0,"gold_loss":0.0,"damage_taken":0.0,"cards_obtained":["Chaos"]},{"damage_healed":0.0,"max_hp_gain":0.0,"max_hp_loss":0.0,"gold_gain":0.0,"event_name":"N\u0027loth","player_choice":"Traded Relic","floor":20.0,"relics_lost":["Pandora\u0027s Box"],"gold_loss":0.0,"damage_taken":0.0,"relics_obtained":["Nloth\u0027s Gift"]},{"damage_healed":0,"gold_gain":0,"player_choice":"Paid Fearfully","damage_taken":0,"max_hp_gain":0,"max_hp_loss":0,"event_name":"Masked Bandits","floor":22,"gold_loss":154}],"is_beta":false,"boss_relics":[{"not_picked":["Fusion Hammer","Snecko Eye"],"picked":"Pandora\u0027s Box"}],"items_purged_floors":[13],"is_endless":false,"potions_floor_spawned":[4,5,14,24],"killed_by":"Cultist and Chosen","ascension_level":20}