{"gold_per_floor":[116,116,41,57,57,57,57,57,57,81,31,71,87,61,61,61],"floor_reached":16,"playtime":397,"items_purged":["Strike_R"],"score":98,"play_id":"5332d721-33a7-4fbe-8766-57772f0bd9ec","local_time":"20180722121508","is_ascension_mode":false,"campfire_choices":[{"data":"Bash","floor":6,"key":"SMITH"},{"data":"Armaments","floor":15,"key":"SMITH"}],"neow_cost":"NONE","seed_source_timestamp":226503117158926,"circlet_count":0,"master_deck":["Strike_R","Strike_R+1","Defend_R","Defend_R","Defend_R","Defend_R","Bash+1","Bloodletting","Entrench","Armaments+1"],"relics":["Runic Cube","Golden Idol","Calipers","Darkstone Periapt"],"potions_floor_usage":[16],"damage_taken":[{"damage":6,"enemies":"Jaw Worm","floor":1,"turns":3},{"damage":9,"enemies":"Cultist","floor":4,"turns":3},{"damage":6,"enemies":"Small Slimes","floor":10,"turns":2},{"damage":38,"enemies":"Lagavulin","floor":12,"turns":5},{"damage":6,"enemies":"Exordium Wildlife","floor":13,"turns":3},{"damage":17,"enemies":"Hexaghost","floor":16,"turns":9}],"seed_played":"8430050734306363961","potions_obtained":[{"floor":12,"key":"Swift Potion"},{"floor":13,"key":"Energy Potion"}],"is_trial":false,"path_per_floor":["M","?","$","M","?","R","?","?","T","M","?","E","M","$","R"],"character_chosen":"IRONCLAD","items_purchased":["Armaments"],"campfire_rested":0,"item_purchase_floors":[14],"current_hp_per_floor":[74,74,74,65,65,65,74,67,67,61,61,23,17,17,17,0],"gold":61,"neow_bonus":"BOSS_RELIC","is_prod":false,"is_daily":false,"chose_seed":false,"campfire_upgraded":2,"win_rate":0,"timestamp":1532232908,"path_taken":["M","?","$","M","?","R","?","?","T","M","?","E","M","?","R","BOSS"],"build_version":"2018-07-19v2","purchased_purges":1,"victory":false,"max_hp_per_floor":[80,80,80,80,74,74,74,74,74,74,74,74,74,74,74,74],"card_choices":[{"not_picked":["Heavy Blade","Thunderclap"],"picked":"Bloodletting","floor":1},{"not_picked":["Seeing Red","Dual Wield","Heavy Blade"],"picked":"SKIP","floor":4},{"not_picked":["Warcry","Power Through","Clothesline"],"picked":"SKIP","floor":10},{"not_picked":["Flex","Twin Strike","Spot Weakness"],"picked":"SKIP","floor":12},{"not_picked":["Flex","Offering"],"picked":"Entrench","floor":13}],"player_experience":310210,"relics_obtained":[{"floor":9,"key":"Calipers"},{"floor":12,"key":"Darkstone Periapt"}],"event_choices":[{"event_name":"Accursed Blacksmith","player_choice":"Forge","floor":2,"damage_taken":0},{"event_name":"Golden Idol","player_choice":"Lose Max HP","floor":5,"damage_taken":0},{"event_name":"Wheel of Change","player_choice":"Full Heal","floor":7,"damage_taken":0},{"event_name":"Golden Wing","player_choice":"Card Removal","floor":8,"damage_taken":0},{"event_name":"The Cleric","player_choice":"Card Removal","floor":11,"damage_taken":0}],"is_beta":false,"boss_relics":[],"items_purged_floors":[3],"is_endless":false,"potions_floor_spawned":[12,13],"killed_by":"Hexaghost","ascension_level":0}