{"gold_per_floor":[117,137,137,137,157,157,432,392,392,412,354,0,15,15,15,88,88,101,113,129,129],"floor_reached":21,"playtime":1079,"items_purged":["Regret"],"score":342,"play_id":"2adda2b0-b3e5-4dd9-90b6-dc2a169a1bf9","local_time":"20190421020334","is_ascension_mode":true,"campfire_choices":[{"data":"Catalyst","floor":6.0,"key":"SMITH"},{"floor":15.0,"key":"REST"}],"neow_cost":"NONE","seed_source_timestamp":490484183588400,"circlet_count":0,"master_deck":["AscendersBane","Defend_G","Defend_G","Defend_G","Defend_G","Defend_G","Strike_G","Strike_G","Strike_G","Strike_G","Survivor","Neutralize+1","Blade Dance","Catalyst+1","Crippling Poison","Poisoned Stab","Catalyst","Discovery","Well Laid Plans","After Image","Quick Slash","Poisoned Stab"],"special_seed":0,"relics":["Ring of the Snake","Dodecahedron","Boot","Busted Crown"],"potions_floor_usage":[21],"damage_taken":[{"damage":1.0,"enemies":"2 Louse","floor":1.0,"turns":3.0},{"damage":5.0,"enemies":"Small Slimes","floor":2.0,"turns":4.0},{"damage":3.0,"enemies":"Cultist","floor":5.0,"turns":4.0},{"damage":1.0,"enemies":"Looter","floor":8.0,"turns":4.0},{"damage":14.0,"enemies":"Exordium Wildlife","floor":10.0,"turns":5.0},{"damage":4.0,"enemies":"2 Fungi Beasts","floor":13.0,"turns":4.0},{"damage":14.0,"enemies":"The Guardian","floor":16.0,"turns":11.0},{"damage":4.0,"enemies":"Shell Parasite","floor":18.0,"turns":5.0},{"damage":23.0,"enemies":"Spheric Guardian","floor":19.0,"turns":10.0},{"damage":6.0,"enemies":"Snake Plant","floor":20.0,"turns":5.0},{"damage":14,"enemies":"Masked Bandits","floor":21,"turns":3}],"seed_played":"2271179662399393311","potions_obtained":[{"floor":10.0,"key":"Fire Potion"},{"floor":13.0,"key":"Weak Potion"},{"floor":16.0,"key":"AttackPotion"}],"is_trial":false,"path_per_floor":["M","M","?","?","M","R","?","M","T","M","?","$","M","?","R","B",null,"M","M","M","?"],"character_chosen":"THE_SILENT","items_purchased":["Poisoned Stab","Catalyst","Discovery","Well Laid Plans"],"campfire_rested":1,"item_purchase_floors":[12,12,12,12],"current_hp_per_floor":[58,53,46,46,43,43,43,42,42,28,28,28,24,6,25,11,52,48,25,19,5],"gold":129,"neow_bonus":"UPGRADE_CARD","is_prod":false,"is_daily":false,"chose_seed":false,"campfire_upgraded":1,"win_rate":0,"timestamp":1555826614,"path_taken":["M","M","?","?","M","R","?","M","T","?","?","$","M","?","R","BOSS","M","M","M","?"],"build_version":"2019-04-20","purchased_purges":1,"victory":false,"max_hp_per_floor":[66,66,66,66,66,66,66,66,66,66,66,66,66,66,66,66,66,66,66,66,66],"card_choices":[{"not_picked":["Underhanded Strike","Bane"],"picked":"Blade Dance","floor":1.0},{"not_picked":["Deflect","Setup"],"picked":"Catalyst","floor":2.0},{"not_picked":["Cloak And Dagger","Bane","Concentrate"],"picked":"SKIP","floor":5.0},{"not_picked":["Cloak And Dagger","Flechettes","Reflex"],"picked":"SKIP","floor":8.0},{"not_picked":["Backflip","Calculated Gamble"],"picked":"Crippling Poison","floor":10.0},{"not_picked":["Predator","Prepared","Slice"],"picked":"SKIP","floor":13.0},{"not_picked":["Bullet Time","Storm of Steel"],"picked":"After Image","floor":16.0},{"not_picked":["Acrobatics+1"],"picked":"SKIP","floor":18.0},{"not_picked":[],"picked":"Quick Slash","floor":19.0},{"not_picked":[],"picked":"Poisoned Stab","floor":20.0}],"player_experience":1350588,"relics_obtained":[{"floor":9.0,"key":"Dodecahedron"}],"event_choices":[{"cards_removed":["Strike_G"],"damage_healed":0.0,"max_hp_gain":0.0,"max_hp_loss":0.0,"gold_gain":0.0,"event_name":"Golden Wing","player_choice":"Card Removal","floor":3.0,"gold_loss":0.0,"damage_taken":7.0},{"damage_healed":0.0,"max_hp_gain":0.0,"max_hp_loss":0.0,"gold_gain":0.0,"event_name":"Golden Idol","player_choice":"Ignored","floor":4.0,"gold_loss":0.0,"damage_taken":0.0},{"damage_healed":0.0,"max_hp_gain":0.0,"max_hp_loss":0.0,"gold_gain":275.0,"event_name":"Golden Shrine","player_choice":"Desecrate","floor":7.0,"gold_loss":0.0,"damage_taken":0.0,"cards_obtained":["Regret"]},{"damage_healed":0.0,"max_hp_gain":0.0,"max_hp_loss":0.0,"gold_gain":0.0,"event_name":"World of Goop","player_choice":"Left Gold","floor":11.0,"gold_loss":58.0,"damage_taken":0.0},{"damage_healed":0.0,"max_hp_gain":0.0,"max_hp_loss":0.0,"gold_gain":0.0,"event_name":"Scrap Ooze","player_choice":"Success","floor":14.0,"gold_loss":0.0,"damage_taken":18.0,"relics_obtained":["Boot"]},{"damage_healed":0,"gold_gain":0,"player_choice":"Fought Bandits","damage_taken":0,"max_hp_gain":0,"max_hp_loss":0,"event_name":"Masked Bandits","floor":21,"gold_loss":0}],"is_beta":true,"boss_relics":[{"not_picked":["Velvet Choker","WristBlade"],"picked":"Busted Crown"}],"items_purged_floors":[12],"is_endless":false,"potions_floor_spawned":[10,13,16,18],"killed_by":"Masked Bandits","ascension_level":20}