{"gold_per_floor":[110,124,138,138,138,138,173,188,211,246,269,269,290,34,34,154,154,173,98,111,111,111,154,154,187,261,261,299,317,166,182,182,308,308,322,282,58,58,79,79,112,128,128,128,13,13,37,37,37,37],"floor_reached":51,"playtime":4013,"items_purged":[],"score":1469,"play_id":"a4ce8e45-4f82-49cb-ac96-df477e4f9634","local_time":"20190505005801","is_ascension_mode":true,"campfire_choices":[{"floor":6,"key":"REST"},{"floor":12,"key":"REST"},{"data":"Footwork","floor":15,"key":"SMITH"},{"floor":24,"key":"REST"},{"floor":27,"key":"REST"},{"data":"Backflip","floor":32,"key":"SMITH"},{"data":"Envenom","floor":40,"key":"SMITH"},{"data":"Die Die Die","floor":44,"key":"SMITH"},{"data":"Dodge and Roll","floor":46,"key":"SMITH"},{"data":"Blade Dance","floor":49,"key":"SMITH"}],"neow_cost":"NONE","seed_source_timestamp":0,"circlet_count":0,"master_deck":["AscendersBane","Survivor","Neutralize+1","Flying Knee","After Image","Dagger Spray","Dagger Throw","Escape Plan+1","Backflip","Footwork+1","Glass Knife","Bouncing Flask+1","Endless Agony","Dodge and Roll+1","Blade Dance+1","Envenom+1","Escape Plan","Leg Sweep","Noxious Fumes+1","Backflip+1","Noxious Fumes","Heel Hook","Die Die Die+1","Footwork+1","Cloak And Dagger+1","Crippling Poison+1"],"special_seed":0,"relics":["Eternal Feather","Golden Idol","Regal Pillow","Art of War","Whetstone","Question Card","Pandora\u0027s Box","Enchiridion","Shuriken","War Paint","Mummified Hand","Ornamental Fan","Bronze Scales","Philosopher\u0027s Stone","Bag of Marbles","Toxic Egg 2","Tough Bandages","The Courier","Oddly Smooth Stone"],"potions_floor_usage":[7,16,18,23,23,31,50],"damage_taken":[{"damage":9,"enemies":"Cultist","floor":1,"turns":6},{"damage":4,"enemies":"2 Louse","floor":2,"turns":3},{"damage":1,"enemies":"Small Slimes","floor":3,"turns":4},{"damage":12,"enemies":"3 Sentries","floor":7,"turns":12},{"damage":1,"enemies":"Blue Slaver","floor":8,"turns":4},{"damage":25,"enemies":"Lagavulin","floor":10,"turns":10},{"damage":5,"enemies":"Gremlin Gang","floor":11,"turns":4},{"damage":0,"enemies":"Exordium Wildlife","floor":13,"turns":4},{"damage":34,"enemies":"Slime Boss","floor":16,"turns":16},{"damage":20,"enemies":"Shell Parasite","floor":18,"turns":6},{"damage":6,"enemies":"Spheric Guardian","floor":20,"turns":6},{"damage":18,"enemies":"Slavers","floor":23,"turns":6},{"damage":30,"enemies":"Gremlin Leader","floor":25,"turns":8},{"damage":6,"enemies":"Slavers","floor":28,"turns":6},{"damage":15,"enemies":"Snecko","floor":29,"turns":5},{"damage":0,"enemies":"Cultist and Chosen","floor":31,"turns":4},{"damage":16,"enemies":"Collector","floor":33,"turns":7},{"damage":4,"enemies":"Orb Walker","floor":35,"turns":3},{"damage":0,"enemies":"3 Shapes","floor":39,"turns":1},{"damage":0,"enemies":"Giant Head","floor":41,"turns":6},{"damage":7,"enemies":"3 Darklings","floor":42,"turns":4},{"damage":24,"enemies":"Sphere and 2 Shapes","floor":47,"turns":4},{"damage":22,"enemies":"Awakened One","floor":50,"turns":12}],"seed_played":"6990221442741830803","potions_obtained":[{"floor":1,"key":"Dexterity Potion"},{"floor":7,"key":"Energy Potion"},{"floor":8,"key":"LiquidBronze"},{"floor":16,"key":"Regen Potion"},{"floor":18,"key":"Swift Potion"},{"floor":23,"key":"FearPotion"},{"floor":25,"key":"Explosive Potion"},{"floor":33,"key":"PowerPotion"}],"is_trial":false,"path_per_floor":["M","M","M","?","?","R","E","M","T","E","M","R","M","$","R","B",null,"M","?","M","?","?","E","R","E","T","R","E","M","$","M","R","B",null,"M","?","$","T","M","R","E","M","T","R","$","R","M","?","R","B",null],"character_chosen":"THE_SILENT","items_purchased":["Question Card","Bronze Scales","Bag of Marbles","GhostInAJar","Oddly Smooth Stone"],"campfire_rested":4,"item_purchase_floors":[14,30,37,37,45],"current_hp_per_floor":[54,50,49,32,32,62,50,49,49,24,19,64,64,64,70,36,62,56,56,50,34,34,16,64,34,34,70,64,49,49,49,61,45,64,60,60,60,60,60,70,70,63,63,70,70,70,46,46,61,39],"gold":37,"neow_bonus":"BOSS_RELIC","is_prod":false,"is_daily":false,"chose_seed":false,"campfire_upgraded":6,"win_rate":0,"timestamp":1557032281,"path_taken":["M","M","?","?","?","R","E","M","T","E","?","R","M","$","R","BOSS","M","?","M","?","?","E","R","E","T","R","E","?","$","M","R","BOSS","M","?","$","?","M","R","E","M","T","R","?","R","M","?","R","BOSS"],"build_version":"2019-01-23","purchased_purges":0,"victory":true,"max_hp_per_floor":[70,70,70,70,70,70,70,70,70,70,70,70,70,70,70,70,70,70,70,70,70,70,70,70,70,70,70,70,70,70,70,70,70,70,70,70,70,70,70,70,70,70,70,70,70,70,70,70,70,70],"card_choices":[{"not_picked":["Quick Slash","Deadly Poison"],"picked":"Flying Knee","floor":1},{"not_picked":["Flying Knee","Backflip"],"picked":"After Image","floor":2},{"not_picked":["Choke","Tactician"],"picked":"Dagger Spray","floor":3},{"not_picked":["Outmaneuver","Prepared"],"picked":"Dagger Throw","floor":7},{"not_picked":["Endless Agony","Sucker Punch"],"picked":"Escape Plan","floor":8},{"not_picked":["Endless Agony","Prepared","Slice"],"picked":"SKIP","floor":10},{"not_picked":["Riddle With Holes","Cloak And Dagger"],"picked":"Backflip","floor":11},{"not_picked":["Sucker Punch","Slice"],"picked":"Footwork","floor":13},{"not_picked":["Wraith Form v2","Night Terror","Unload"],"picked":"Glass Knife","floor":16},{"not_picked":["Terror","Choke+1","Deflect+1"],"picked":"Dash","floor":18},{"not_picked":["Backstab","Sucker Punch","Skewer"],"picked":"Noxious Fumes+1","floor":20},{"not_picked":["Quick Slash","Prepared","Flying Knee"],"picked":"Backflip","floor":23},{"not_picked":["Night Terror","Flechettes+1","Prepared"],"picked":"Noxious Fumes","floor":25},{"not_picked":["Dagger Spray","Skewer","Quick Slash"],"picked":"Heel Hook","floor":28},{"not_picked":["Setup","Finisher","Poisoned Stab","Quick Slash"],"picked":"SKIP","floor":29},{"not_picked":["Outmaneuver","Backflip","Bane","Calculated Gamble"],"picked":"SKIP","floor":31},{"not_picked":["Bullet Time","After Image","Doppelganger"],"picked":"Die Die Die","floor":33},{"not_picked":["Deadly Poison","Backflip","Dagger Throw"],"picked":"Footwork","floor":35},{"not_picked":["Sucker Punch","Dash+1","Poisoned Stab","Prepared+1"],"picked":"SKIP","floor":39},{"not_picked":["Acrobatics+1","Outmaneuver+1","Infinite Blades"],"picked":"Cloak And Dagger+1","floor":41},{"not_picked":["Prepared+1","Deflect+1","Acrobatics+1","Dagger Spray"],"picked":"SKIP","floor":42},{"not_picked":["Accuracy","Terror+1","Sucker Punch"],"picked":"Crippling Poison+1","floor":47}],"player_experience":419952,"relics_obtained":[{"floor":7,"key":"Regal Pillow"},{"floor":9,"key":"Art of War"},{"floor":10,"key":"Whetstone"},{"floor":21,"key":"Enchiridion"},{"floor":23,"key":"Shuriken"},{"floor":25,"key":"War Paint"},{"floor":26,"key":"Mummified Hand"},{"floor":28,"key":"Ornamental Fan"},{"floor":38,"key":"Toxic Egg 2"},{"floor":41,"key":"Tough Bandages"},{"floor":43,"key":"The Courier"}],"event_choices":[{"damage_healed":0,"gold_gain":0,"player_choice":"Take Damage","damage_taken":17,"relics_obtained":["Golden Idol"],"max_hp_gain":0,"max_hp_loss":0,"event_name":"Golden Idol","floor":4,"gold_loss":0},{"cards_removed":["Strike_G"],"damage_healed":0,"gold_gain":0,"player_choice":"Offered Basic","damage_taken":0,"max_hp_gain":0,"max_hp_loss":0,"event_name":"Bonfire Elementals","floor":5,"gold_loss":0},{"cards_removed":["Concentrate"],"damage_healed":0,"gold_gain":0,"player_choice":"Gave Gold","damage_taken":0,"max_hp_gain":0,"max_hp_loss":0,"event_name":"Beggar","floor":19,"gold_loss":75},{"damage_healed":0,"gold_gain":0,"player_choice":"Obtained Book","damage_taken":16,"max_hp_gain":0,"max_hp_loss":0,"event_name":"Cursed Tome","floor":21,"gold_loss":0},{"cards_removed":["Concentrate"],"damage_healed":0,"gold_gain":0,"player_choice":"Purged","damage_taken":0,"max_hp_gain":0,"max_hp_loss":0,"event_name":"Purifier","floor":22,"gold_loss":0},{"damage_healed":0,"gold_gain":0,"player_choice":"Upgrade","damage_taken":0,"max_hp_gain":0,"max_hp_loss":0,"event_name":"Designer","floor":36,"gold_loss":40,"cards_upgraded":["Footwork"]},{"cards_removed":["Dash"],"damage_healed":0,"gold_gain":0,"player_choice":"Removed Attack","damage_taken":0,"max_hp_gain":0,"max_hp_loss":0,"event_name":"Falling","floor":48,"gold_loss":0}],"is_beta":false,"boss_relics":[{"not_picked":["White Beast Statue","WristBlade"],"picked":"Pandora\u0027s Box"},{"not_picked":["Fusion Hammer","Coffee Dripper"],"picked":"Philosopher\u0027s Stone"}],"items_purged_floors":[],"is_endless":false,"potions_floor_spawned":[1,7,8,11,13,16,18,23,25,33,47],"ascension_level":12}