{"gold_per_floor":[114,128,53,69,47,122,122,135,135,135,135,160,174,193,193,193],"floor_reached":16,"playtime":461,"items_purged":[],"score":179,"play_id":"6a279135-7a87-4ef6-8c90-1242b9324bc5","local_time":"20190501123534","is_ascension_mode":true,"campfire_choices":[{"data":"1","floor":7.0,"key":"LIFT"},{"data":"2","floor":11.0,"key":"LIFT"},{"floor":15.0,"key":"REST"}],"neow_cost":"TEN_PERCENT_HP_LOSS","seed_source_timestamp":95343342048600,"circlet_count":0,"master_deck":["AscendersBane","Strike_R","Strike_R","Strike_R","Defend_R","Defend_R","Defend_R","Defend_R","Bash","Sword Boomerang","Feel No Pain","Burning Pact","Flex","Shockwave","Spot Weakness","Ghostly Armor"],"special_seed":0,"relics":["Burning Blood","Girya","Bottled Lightning","Omamori"],"potions_floor_usage":[],"damage_taken":[{"damage":0.0,"enemies":"Small Slimes","floor":1.0,"turns":4.0},{"damage":4.0,"enemies":"2 Louse","floor":2.0,"turns":4.0},{"damage":6.0,"enemies":"Cultist","floor":4.0,"turns":4.0},{"damage":19.0,"enemies":"Blue Slaver","floor":8.0,"turns":4.0},{"damage":32.0,"enemies":"3 Sentries","floor":12.0,"turns":8.0},{"damage":17.0,"enemies":"Large Slime","floor":13.0,"turns":7.0},{"damage":5.0,"enemies":"3 Louse","floor":14.0,"turns":2.0},{"damage":28,"enemies":"Slime Boss","floor":16,"turns":8}],"seed_played":"-2044138999282091834","potions_obtained":[{"floor":8.0,"key":"Strength Potion"},{"floor":12.0,"key":"Dexterity Potion"},{"floor":13.0,"key":"LiquidBronze"}],"is_trial":false,"path_per_floor":["M","M","?","M","$","?","R","M","T","?","R","E","M","M","R","B"],"character_chosen":"IRONCLAD","items_purchased":["Flex"],"campfire_rested":1,"item_purchase_floors":[5],"current_hp_per_floor":[68,68,68,68,68,57,57,44,44,44,44,18,7,8,28,0],"gold":193,"neow_bonus":"ONE_RARE_RELIC","is_prod":false,"is_daily":false,"chose_seed":false,"campfire_upgraded":0,"win_rate":0,"timestamp":1556685334,"path_taken":["M","M","?","M","$","?","R","M","T","?","R","E","M","M","R","BOSS"],"build_version":"2019-01-23","purchased_purges":0,"victory":false,"max_hp_per_floor":[68,68,68,68,68,68,68,68,68,68,68,68,68,68,68,68],"card_choices":[{"not_picked":["Twin Strike","Shrug It Off"],"picked":"Sword Boomerang","floor":1.0},{"not_picked":["Anger","Fiend Fire"],"picked":"Feel No Pain","floor":2.0},{"not_picked":["Bloodletting","Clash"],"picked":"Burning Pact","floor":4.0},{"not_picked":["Wild Strike","Carnage","Perfected Strike"],"picked":"SKIP","floor":8.0},{"not_picked":["True Grit","Shrug It Off"],"picked":"Shockwave","floor":12.0},{"not_picked":["Body Slam","True Grit"],"picked":"Spot Weakness","floor":13.0},{"not_picked":["Headbutt","Hemokinesis"],"picked":"Ghostly Armor","floor":14.0}],"player_experience":570333,"relics_obtained":[{"floor":9.0,"key":"Bottled Lightning"},{"floor":12.0,"key":"Omamori"}],"event_choices":[{"cards_removed":["Strike_R"],"damage_healed":0.0,"max_hp_gain":0.0,"max_hp_loss":0.0,"gold_gain":0.0,"event_name":"The Cleric","player_choice":"Card Removal","floor":3.0,"gold_loss":75.0,"damage_taken":0.0},{"damage_healed":0.0,"max_hp_gain":0.0,"max_hp_loss":0.0,"gold_gain":75.0,"event_name":"World of Goop","player_choice":"Gather Gold","floor":6.0,"gold_loss":0.0,"damage_taken":11.0},{"cards_removed":["Strike_R"],"damage_healed":0.0,"max_hp_gain":0.0,"max_hp_loss":0.0,"gold_gain":0.0,"event_name":"Bonfire Elementals","player_choice":"Offered Basic","floor":10.0,"gold_loss":0.0,"damage_taken":0.0}],"is_beta":false,"boss_relics":[],"items_purged_floors":[],"is_endless":false,"potions_floor_spawned":[8,12,13],"killed_by":"Slime Boss","ascension_level":15}