{"gold_per_floor":[116,116,132,150,75,75,75,95,148,167,182,182,200,100,100,204,204,217,227,242,117,136,136,136],"floor_reached":24,"playtime":655,"items_purged":["Strike_R","Strike_R","Strike_R"],"score":192,"play_id":"c40b940b-da05-4559-8ce3-f9fa3a22fcec","local_time":"20180726213658","is_ascension_mode":false,"campfire_choices":[{"data":"Searing Blow","floor":6,"key":"SMITH"},{"data":"Searing Blow+2","floor":15,"key":"SMITH"},{"floor":23,"key":"REST"}],"neow_cost":"NONE","seed_source_timestamp":24935225601600,"circlet_count":0,"master_deck":["Strike_R","Strike_R","Defend_R","Defend_R","Defend_R","Defend_R","Bash","Searing Blow+3","Shrug It Off","Headbutt","Armaments"],"relics":["Sozu"],"potions_floor_usage":[],"damage_taken":[{"damage":6,"enemies":"2 Louse","floor":1,"turns":2},{"damage":0,"enemies":"Cultist","floor":3,"turns":2},{"damage":1,"enemies":"Jaw Worm","floor":4,"turns":2},{"damage":13,"enemies":"Lots of Slimes","floor":8,"turns":4},{"damage":8,"enemies":"Exordium Thugs","floor":10,"turns":3},{"damage":11,"enemies":"3 Louse","floor":11,"turns":3},{"damage":12,"enemies":"Blue Slaver","floor":13,"turns":2},{"damage":26,"enemies":"Slime Boss","floor":16,"turns":8},{"damage":30,"enemies":"3 Byrds","floor":18,"turns":6},{"damage":10,"enemies":"Spheric Guardian","floor":19,"turns":3},{"damage":27,"enemies":"Cultist and Chosen","floor":20,"turns":6},{"damage":12,"enemies":"Snake Plant","floor":22,"turns":4},{"damage":31,"enemies":"3 Cultists","floor":24,"turns":4}],"seed_played":"6849187741029210625","potions_obtained":[],"is_trial":false,"path_per_floor":["M","?","M","M","$","R","?","M","T","M","M","?","M","$","R","B",null,"M","M","M","$","M","R"],"character_chosen":"IRONCLAD","items_purchased":[],"campfire_rested":1,"item_purchase_floors":[],"current_hp_per_floor":[74,74,74,73,73,73,73,60,60,52,41,46,34,34,34,8,85,55,45,18,18,6,31,0],"gold":136,"neow_bonus":"BOSS_RELIC","is_prod":false,"is_daily":false,"chose_seed":false,"campfire_upgraded":2,"win_rate":0,"timestamp":1532612218,"path_taken":["M","?","M","M","$","R","?","M","T","M","M","?","M","?","R","BOSS","M","M","M","$","M","R","M"],"build_version":"2018-07-19v2","purchased_purges":3,"victory":false,"max_hp_per_floor":[80,80,80,80,80,80,80,80,80,80,80,85,85,85,85,85,85,85,85,85,85,85,85,85],"card_choices":[{"not_picked":["Twin Strike","Armaments"],"picked":"Searing Blow","floor":1},{"not_picked":["Sword Boomerang","Perfected Strike","Iron Wave"],"picked":"SKIP","floor":3},{"not_picked":["Carnage","Searing Blow"],"picked":"Shrug It Off","floor":4},{"not_picked":["Cleave","Twin Strike"],"picked":"Headbutt","floor":8},{"not_picked":["Uppercut","Cleave","Combust"],"picked":"SKIP","floor":10},{"not_picked":["Warcry","Shrug It Off"],"picked":"Armaments","floor":11},{"not_picked":["Barricade","Clash","Clothesline"],"picked":"SKIP","floor":13},{"not_picked":["Disarm","Heavy Blade","Havoc"],"picked":"SKIP","floor":18},{"not_picked":["Shrug It Off","Headbutt","Clash"],"picked":"SKIP","floor":19},{"not_picked":["Disarm","Perfected Strike","Iron Wave"],"picked":"SKIP","floor":20},{"not_picked":["Twin Strike","Intimidate","Warcry+1"],"picked":"SKIP","floor":22}],"player_experience":325874,"relics_obtained":[],"event_choices":[{"event_name":"Golden Idol","player_choice":"Ignored","floor":2,"damage_taken":0},{"event_name":"Upgrade Shrine","player_choice":"Upgraded","floor":7,"damage_taken":0},{"event_name":"Big Fish","player_choice":"Donut","floor":12,"damage_taken":0}],"is_beta":false,"boss_relics":[{"not_picked":["White Beast Statue","Eternal Feather","Fusion Hammer"]}],"items_purged_floors":[5,14,21],"is_endless":false,"potions_floor_spawned":[1,8,11,13,19],"killed_by":"3 Cultists","ascension_level":0}