{"gold_per_floor":[144,71,246,291,336,336,426,471,471,516,9,9,54,99,99,399,399,399],"floor_reached":18,"playtime":1101,"items_purged":["Doubt"],"score":164,"play_id":"1116a1b1-b25f-4521-9395-2e7b745ff94e","local_time":"20180724152408","daily_mods":["Diverse","Midas","Uncertain Future"],"is_ascension_mode":false,"campfire_choices":[{"floor":6,"key":"REST"},{"floor":15,"key":"DIG"}],"neow_cost":"","seed_source_timestamp":0,"circlet_count":0,"master_deck":["Strike_R","Strike_R","Strike_R","Strike_R","Strike_R","Defend_R","Defend_R","Defend_R","Defend_R","Bash","Riddle With Holes","Dodge and Roll","Offering","True Grit","Backflip","FTL","Clothesline","Headbutt","Hyperbeam"],"special_seed":17736,"relics":["Burning Blood","Potion Belt","Shovel","MealTicket","Shuriken","Sozu"],"potions_floor_usage":[7,8,13,16,16,18],"damage_taken":[{"damage":0,"enemies":"2 Louse","floor":1,"turns":3},{"damage":11,"enemies":"Jaw Worm","floor":4,"turns":4},{"damage":9,"enemies":"Cultist","floor":5,"turns":4},{"damage":18,"enemies":"3 Sentries","floor":7,"turns":8},{"damage":20,"enemies":"Exordium Thugs","floor":8,"turns":5},{"damage":10,"enemies":"Large Slime","floor":10,"turns":7},{"damage":6,"enemies":"Looter","floor":13,"turns":3},{"damage":5,"enemies":"3 Louse","floor":14,"turns":3},{"damage":46,"enemies":"Hexaghost","floor":16,"turns":9},{"damage":0,"enemies":"3 Byrds","floor":18,"turns":1}],"seed_played":"-218002140433653239","potions_obtained":[{"floor":4,"key":"SteroidPotion"},{"floor":7,"key":"PowerPotion"},{"floor":8,"key":"Block Potion"},{"floor":16,"key":"EntropicBrew"}],"is_trial":false,"path_per_floor":["M","$","?","M","M","R","E","M","T","M","$","?","M","M","R","B",null],"character_chosen":"IRONCLAD","items_purchased":["Riddle With Holes","MealTicket","Block Potion","Fruit Juice","FTL"],"campfire_rested":1,"item_purchase_floors":[2,11,11,11,11],"current_hp_per_floor":[80,80,80,75,72,80,68,54,54,50,50,50,55,56,56,16,85,85],"gold":399,"neow_bonus":"","is_prod":false,"is_daily":true,"chose_seed":false,"campfire_upgraded":0,"win_rate":0,"timestamp":1532460248,"path_taken":["M","$","?","M","M","R","E","M","T","M","?","?","M","M","R","BOSS","M"],"build_version":"2018-07-23","purchased_purges":1,"victory":false,"max_hp_per_floor":[80,80,80,80,80,80,80,80,80,80,80,80,85,85,85,85,85,85],"card_choices":[{"not_picked":["Underhanded Strike","Body Slam","Warcry"],"picked":"SKIP","floor":1},{"not_picked":["Expertise","Static Discharge","Disarm"],"picked":"SKIP","floor":4},{"not_picked":["Lockon","Beam Cell"],"picked":"Dodge and Roll","floor":5},{"not_picked":["Calculated Gamble","All For One"],"picked":"Offering","floor":7},{"not_picked":["Concentrate","Blizzard"],"picked":"True Grit","floor":8},{"not_picked":["Feel No Pain","Outmaneuver"],"picked":"Backflip","floor":10},{"not_picked":["Leap","Stack"],"picked":"Clothesline","floor":13},{"not_picked":["Clash","Sweeping Beam"],"picked":"Headbutt","floor":14},{"not_picked":["Berserk","Buffer"],"picked":"Hyperbeam","floor":16}],"player_experience":160625,"relics_obtained":[{"floor":7,"key":"Potion Belt"},{"floor":9,"key":"Shovel"},{"floor":15,"key":"Shuriken"}],"event_choices":[{"event_name":"Liars Game","player_choice":"agreed","floor":3,"damage_taken":0},{"event_name":"Golden Idol","player_choice":"Ignored","floor":12,"damage_taken":0}],"is_beta":true,"boss_relics":[{"not_picked":["Eternal Feather","Runic Cube"],"picked":"Sozu"}],"items_purged_floors":[11],"is_endless":false,"potions_floor_spawned":[4,7,8,16],"killed_by":"3 Byrds","ascension_level":0}