{"gold_per_floor":[116,128,128,142,158,158,187,205,205,2,2,36,36,52,52,156,156,170,95,106,121,41,68,68,68,95,95],"floor_reached":27,"playtime":946,"items_purged":[],"score":255,"play_id":"96634b4d-8525-408d-9565-0ff29c30a016","local_time":"20180917003528","is_ascension_mode":true,"campfire_choices":[{"data":"Zap","floor":6,"key":"SMITH"},{"floor":11,"key":"REST"},{"floor":13,"key":"REST"},{"floor":15,"key":"REST"},{"floor":24,"key":"REST"}],"neow_cost":"TEN_PERCENT_HP_LOSS","seed_source_timestamp":197045856837889,"circlet_count":0,"master_deck":["Strike_B","Strike_B","Strike_B","Defend_B","Defend_B+1","Defend_B+1","Defend_B","Zap+1","Dualcast","Storm","Auto Shields","Loop","Glacier+1","Core Surge","Conserve Battery+1","Buffer","Loop+1","Lockon","Recycle+1","BootSequence+1","Steam+1","Decay"],"relics":["Cracked Core","Emotion Chip","Darkstone Periapt","Toxic Egg 2","Ginger","Chemical X","Calipers","Cursed Key","War Paint","Bag of Marbles"],"potions_floor_usage":[16,20,23,27,27],"damage_taken":[{"damage":1,"enemies":"Jaw Worm","floor":1,"turns":2},{"damage":5,"enemies":"Small Slimes","floor":2,"turns":3},{"damage":1,"enemies":"Cultist","floor":4,"turns":3},{"damage":8,"enemies":"Red Slaver","floor":5,"turns":3},{"damage":14,"enemies":"Gremlin Nob","floor":7,"turns":4},{"damage":2,"enemies":"2 Fungi Beasts","floor":8,"turns":5},{"damage":15,"enemies":"Lagavulin","floor":12,"turns":11},{"damage":16,"enemies":"Lots of Slimes","floor":14,"turns":3},{"damage":27,"enemies":"Slime Boss","floor":16,"turns":16},{"damage":0,"enemies":"Spheric Guardian","floor":18,"turns":4},{"damage":5,"enemies":"2 Thieves","floor":20,"turns":4},{"damage":6,"enemies":"Snecko","floor":21,"turns":6},{"damage":51,"enemies":"Gremlin Leader","floor":23,"turns":6},{"damage":0,"enemies":"Colosseum Slavers","floor":27,"turns":5},{"damage":58,"enemies":"Colosseum Nobs","floor":27,"turns":4}],"seed_played":"6301566329643567624","potions_obtained":[{"floor":4,"key":"Block Potion"},{"floor":12,"key":"SteroidPotion"},{"floor":16,"key":"FocusPotion"},{"floor":18,"key":"PowerPotion"},{"floor":23,"key":"PowerPotion"},{"floor":25,"key":"LiquidBronze"},{"floor":25,"key":"FairyPotion"}],"is_trial":false,"path_per_floor":["M","M","?","M","M","R","E","M","T","$","R","E","R","M","R","B",null,"M","?","M","M","$","E","R","?","T"],"character_chosen":"DEFECT","items_purchased":["Chemical X","BootSequence+1"],"campfire_rested":4,"item_purchase_floors":[10,22],"current_hp_per_floor":[67,62,59,58,50,50,36,34,34,34,54,39,59,43,63,36,68,68,68,63,57,57,6,26,26,32,0],"gold":95,"neow_bonus":"ONE_RARE_RELIC","is_prod":false,"is_daily":false,"chose_seed":false,"campfire_upgraded":1,"win_rate":0,"timestamp":1537137328,"path_taken":["M","M","?","M","M","R","E","M","T","?","R","E","R","?","R","BOSS","M","?","M","?","$","E","R","?","T","?"],"build_version":"2018-09-12","purchased_purges":0,"victory":false,"max_hp_per_floor":[68,68,68,68,68,68,68,68,68,68,68,68,68,68,68,68,68,68,68,68,68,68,68,68,68,74,74],"card_choices":[{"not_picked":["Barrage","Streamline"],"picked":"Storm","floor":1},{"not_picked":["Coolheaded","Beam Cell"],"picked":"Auto Shields","floor":2},{"not_picked":["Gash","Conserve Battery"],"picked":"Loop","floor":4},{"not_picked":["Stack","Rebound","Cold Snap"],"picked":"SKIP","floor":5},{"not_picked":["Double Energy","Force Field"],"picked":"Glacier","floor":7},{"not_picked":["Stack+1","Hologram+1","Sweeping Beam"],"picked":"SKIP","floor":8},{"not_picked":["Undo+1","Coolheaded+1"],"picked":"Core Surge","floor":12},{"not_picked":["Redo+1","Go for the Eyes"],"picked":"Conserve Battery+1","floor":14},{"not_picked":["Thunder Strike","Seek+1"],"picked":"Buffer","floor":16},{"not_picked":["Defragment","Chaos+1"],"picked":"Loop+1","floor":18},{"not_picked":["Streamline","FTL"],"picked":"Lockon","floor":20},{"not_picked":["Steam Power+1","Gash"],"picked":"Recycle+1","floor":21},{"not_picked":["Doom and Gloom+1","Go for the Eyes"],"picked":"Steam+1","floor":23}],"player_experience":92933,"relics_obtained":[{"floor":7,"key":"Toxic Egg 2"},{"floor":9,"key":"Ginger"},{"floor":12,"key":"Calipers"},{"floor":23,"key":"War Paint"},{"floor":26,"key":"Bag of Marbles"}],"event_choices":[{"event_name":"Scrap Ooze","player_choice":"success","floor":3,"damage_taken":3},{"event_name":"Beggar","player_choice":"Gave Gold","floor":19,"damage_taken":0},{"event_name":"The Lab","player_choice":"Got Potions","floor":25,"damage_taken":0},{"event_name":"Colosseum","player_choice":"Fight","floor":27,"damage_taken":0},{"event_name":"Colosseum","player_choice":"Fought Nobs","floor":27,"damage_taken":0}],"is_beta":true,"boss_relics":[{"not_picked":["Eternal Feather","Philosopher\u0027s Stone"],"picked":"Cursed Key"}],"items_purged_floors":[],"is_endless":false,"potions_floor_spawned":[4,12,16,18,23,27],"killed_by":"Colosseum Nobs","ascension_level":1}