{"gold_per_floor":[111,111,121,138,155,155,181,106,106,106,138,158,98,98,98,170,170,186,186,202,80,97,97,33,33,33,52,69,81,81,39,39,117,117,134,134,34,34,53,53,87,87,87,87,121,121,139,139,139,139,139,139,139,19,47,47],"floor_reached":57,"playtime":3114,"items_purged":["All Out Attack","Sucker Punch","Underhanded Strike","Sucker Punch+1"],"score":2811,"play_id":"d5df6ff2-ed3a-4ddd-8eb8-1bd6cea2eb54","local_time":"20190423212527","is_ascension_mode":true,"campfire_choices":[{"data":"Prepared","floor":6.0,"key":"SMITH"},{"data":"Well Laid Plans","floor":10.0,"key":"SMITH"},{"floor":15.0,"key":"REST"},{"floor":23.0,"key":"REST"},{"data":"Tactician","floor":32.0,"key":"SMITH"},{"data":"Choke","floor":40.0,"key":"SMITH"},{"data":"Acrobatics","floor":42.0,"key":"SMITH"},{"data":"Neutralize","floor":46.0,"key":"SMITH"},{"floor":49.0,"key":"RECALL"},{"data":"Backflip","floor":53.0,"key":"SMITH"}],"neow_cost":"NONE","seed_source_timestamp":0,"circlet_count":0,"master_deck":["AscendersBane","Survivor","Neutralize+1","Terror","Well Laid Plans+1","Prepared+1","Blur","Tactician+1","Doppelganger","Choke+1","Acrobatics+1","Backflip+1","Adrenaline","Well Laid Plans+1","Calculated Gamble+1"],"special_seed":0,"relics":["Pandora\u0027s Box","Frozen Egg 2","The Courier","Centennial Puzzle","Black Star","Ornamental Fan","Meat on the Bone","Astrolabe","FossilizedHelix","Mummified Hand","Turnip","Bag of Marbles","Shuriken","Pantograph","Blue Candle"],"potions_floor_usage":[],"damage_taken":[{"damage":0.0,"enemies":"Cultist","floor":1.0,"turns":3.0},{"damage":4.0,"enemies":"Jaw Worm","floor":3.0,"turns":4.0},{"damage":4.0,"enemies":"Small Slimes","floor":4.0,"turns":3.0},{"damage":0.0,"enemies":"Exordium Wildlife","floor":5.0,"turns":2.0},{"damage":8.0,"enemies":"Lagavulin","floor":7.0,"turns":6.0},{"damage":33.0,"enemies":"Gremlin Nob","floor":11.0,"turns":4.0},{"damage":6.0,"enemies":"3 Louse","floor":12.0,"turns":4.0},{"damage":19.0,"enemies":"The Guardian","floor":16.0,"turns":11.0},{"damage":27.0,"enemies":"Shell Parasite","floor":18.0,"turns":5.0},{"damage":10.0,"enemies":"Chosen","floor":20.0,"turns":5.0},{"damage":15.0,"enemies":"Centurion and Healer","floor":22.0,"turns":6.0},{"damage":10.0,"enemies":"Snake Plant","floor":27.0,"turns":4.0},{"damage":4.0,"enemies":"3 Cultists","floor":28.0,"turns":3.0},{"damage":22.0,"enemies":"Chosen and Byrds","floor":29.0,"turns":6.0},{"damage":18.0,"enemies":"Colosseum Slavers","floor":30.0,"turns":3.0},{"damage":13.0,"enemies":"Champ","floor":33.0,"turns":7.0},{"damage":3.0,"enemies":"3 Shapes","floor":35.0,"turns":3.0},{"damage":9.0,"enemies":"3 Darklings","floor":39.0,"turns":2.0},{"damage":0.0,"enemies":"Giant Head","floor":41.0,"turns":3.0},{"damage":5.0,"enemies":"Nemesis","floor":45.0,"turns":3.0},{"damage":0.0,"enemies":"Sphere and 2 Shapes","floor":47.0,"turns":2.0},{"damage":2.0,"enemies":"Time Eater","floor":50.0,"turns":6.0},{"damage":0.0,"enemies":"Donu and Deca","floor":51.0,"turns":3.0},{"damage":0.0,"enemies":"Shield and Spear","floor":55.0,"turns":2.0},{"damage":19,"enemies":"The Heart","floor":56,"turns":7}],"seed_played":"-5190669628577161454","potions_obtained":[{"floor":3.0,"key":"GamblersBrew"},{"floor":11.0,"key":"LiquidBronze"},{"floor":20.0,"key":"Fruit Juice"},{"floor":22.0,"key":"Energy Potion"},{"floor":35.0,"key":"Dexterity Potion"},{"floor":47.0,"key":"Swift Potion"}],"is_trial":false,"path_per_floor":["M","?","M","M","M","R","E","?","T","R","E","M","$","?","R","B",null,"M","?","M","$","M","R","$","?","T","M","M","M","?","$","R","B",null,"M","?","$","?","M","R","E","R","T","$","E","R","M","T","R","B","B",null,"R","$","E","B",null],"character_chosen":"THE_SILENT","items_purchased":["AttackPotion","Choke","AttackPotion"],"campfire_rested":2,"item_purchase_floors":[21,24,31],"current_hp_per_floor":[59,59,55,51,51,51,43,43,43,43,10,4,4,4,23,4,51,24,24,19,19,4,25,25,25,25,27,35,25,19,19,19,18,58,55,55,55,55,46,46,46,46,46,46,41,41,41,41,41,39,39,60,60,60,60,48],"gold":47,"neow_bonus":"BOSS_RELIC","is_prod":false,"is_daily":false,"chose_seed":false,"campfire_upgraded":7,"win_rate":0,"timestamp":1556025927,"path_taken":["M","?","M","?","M","R","E","?","T","R","E","M","$","?","R","BOSS","M","?","M","$","M","R","?","?","T","?","M","M","?","$","R","BOSS","M","?","$","?","?","R","E","R","T","$","E","R","M","?","R","BOSS","BOSS","R","$","E","BOSS"],"build_version":"2019-01-23","purchased_purges":4,"victory":true,"max_hp_per_floor":[66,66,66,66,66,66,66,66,66,66,66,66,66,66,66,66,66,66,66,71,71,71,71,71,71,71,71,71,71,71,71,71,71,71,71,71,71,67,67,67,67,67,67,67,67,67,67,67,67,67,67,67,67,67,67,67],"card_choices":[{"not_picked":["Prepared","Cloak And Dagger"],"picked":"Noxious Fumes","floor":1.0},{"not_picked":["Blur","Outmaneuver","Catalyst"],"picked":"SKIP","floor":3.0},{"not_picked":["Prepared","Masterful Stab","Underhanded Strike"],"picked":"SKIP","floor":4.0},{"not_picked":["Bane","Outmaneuver"],"picked":"Tactician","floor":5.0},{"not_picked":["Underhanded Strike","Finisher","Glass Knife"],"picked":"SKIP","floor":7.0},{"not_picked":["Storm of Steel","Glass Knife","Flying Knee"],"picked":"SKIP","floor":11.0},{"not_picked":["Terror","Riddle With Holes","Bane"],"picked":"SKIP","floor":12.0},{"not_picked":["Corpse Explosion","Glass Knife"],"picked":"Doppelganger","floor":16.0},{"not_picked":["Dash","Dagger Spray","Deadly Poison"],"picked":"SKIP","floor":18.0},{"not_picked":["Deflect","Blur","Sucker Punch"],"picked":"SKIP","floor":20.0},{"not_picked":["Skewer","Outmaneuver+1","Quick Slash"],"picked":"SKIP","floor":22.0},{"not_picked":["Riddle With Holes","Prepared","Deadly Poison"],"picked":"SKIP","floor":27.0},{"not_picked":["Deadly Poison","All Out Attack+1","Catalyst+1"],"picked":"SKIP","floor":28.0},{"not_picked":["Leg Sweep","Dash"],"picked":"Backflip","floor":29.0},{"not_picked":["Die Die Die","Malaise"],"picked":"Adrenaline","floor":33.0},{"not_picked":["Dagger Spray+1","Accuracy+1","Flying Knee"],"picked":"SKIP","floor":35.0},{"not_picked":["Escape Plan","Outmaneuver+1","Dagger Spray"],"picked":"SKIP","floor":39.0},{"not_picked":["Crippling Poison","Concentrate","Skewer"],"picked":"SKIP","floor":41.0},{"not_picked":["Quick Slash","Calculated Gamble","Heel Hook"],"picked":"SKIP","floor":45.0},{"not_picked":["Deadly Poison","Slice+1","Dagger Spray"],"picked":"SKIP","floor":47.0},{"not_picked":["Bane","Underhanded Strike","Burst"],"picked":"SKIP","floor":55.0}],"player_experience":1455089,"relics_obtained":[{"floor":7.0,"key":"Frozen Egg 2"},{"floor":9.0,"key":"The Courier"},{"floor":11.0,"key":"Centennial Puzzle"},{"floor":26.0,"key":"Meat on the Bone"},{"floor":41.0,"key":"FossilizedHelix"},{"floor":41.0,"key":"Mummified Hand"},{"floor":45.0,"key":"Turnip"},{"floor":45.0,"key":"Bag of Marbles"},{"floor":48.0,"key":"Shuriken"},{"floor":55.0,"key":"Pantograph"},{"floor":55.0,"key":"Blue Candle"}],"event_choices":[{"damage_healed":0.0,"max_hp_gain":0.0,"max_hp_loss":0.0,"gold_gain":0.0,"event_name":"Match and Keep!","player_choice":"1 cards matched","floor":2.0,"gold_loss":0.0,"damage_taken":0.0,"cards_obtained":["Blur"]},{"cards_removed":["Flying Knee"],"damage_healed":0.0,"max_hp_gain":0.0,"max_hp_loss":0.0,"gold_gain":0.0,"event_name":"The Cleric","player_choice":"Card Removal","floor":8.0,"gold_loss":75.0,"damage_taken":0.0},{"damage_healed":0.0,"max_hp_gain":0.0,"max_hp_loss":0.0,"gold_gain":0.0,"event_name":"Dead Adventurer","player_choice":"Searched \u00270\u0027 times","floor":14.0,"gold_loss":0.0,"damage_taken":0.0},{"cards_removed":["Noxious Fumes"],"damage_healed":0.0,"max_hp_gain":0.0,"max_hp_loss":0.0,"gold_gain":0.0,"event_name":"WeMeetAgain","player_choice":"Gave Card","floor":19.0,"gold_loss":0.0,"damage_taken":0.0,"relics_obtained":["Ornamental Fan"]},{"damage_healed":0.0,"max_hp_gain":0.0,"max_hp_loss":0.0,"gold_gain":0.0,"event_name":"The Library","player_choice":"Read","floor":25.0,"gold_loss":0.0,"damage_taken":0.0,"cards_obtained":["Acrobatics"]},{"damage_healed":0.0,"max_hp_gain":0.0,"max_hp_loss":0.0,"gold_gain":0.0,"event_name":"Colosseum","player_choice":"Fight","floor":30.0,"gold_loss":0.0,"damage_taken":0.0},{"damage_healed":0.0,"max_hp_gain":0.0,"max_hp_loss":0.0,"gold_gain":0.0,"event_name":"Colosseum","player_choice":"Fled From Nobs","floor":30.0,"gold_loss":0.0,"damage_taken":0.0},{"damage_healed":0.0,"max_hp_gain":0.0,"max_hp_loss":0.0,"gold_gain":0.0,"event_name":"Tomb of Lord Red Mask","player_choice":"Ignored","floor":36.0,"gold_loss":0.0,"damage_taken":0.0},{"damage_healed":0.0,"max_hp_gain":0.0,"max_hp_loss":4.0,"gold_gain":0.0,"event_name":"Winding Halls","player_choice":"Max HP","floor":38.0,"gold_loss":0.0,"damage_taken":0.0}],"is_beta":false,"boss_relics":[{"not_picked":["Lizard Tail","White Beast Statue"],"picked":"Black Star"},{"not_picked":["HoveringKite","Coffee Dripper"],"picked":"Astrolabe"}],"items_purged_floors":[13,21,37,54],"is_endless":false,"potions_floor_spawned":[3,11,12,20,22,30,35,47],"ascension_level":20}