{"gold_per_floor":[110,110,121,121,10,10,44,44,44,44,62,93,112,129,129,228,228,244,260,275,190,55,81,81,18,30,58,89,127,139,151],"floor_reached":31,"playtime":1100,"items_purged":["Strike_B","Strike_B"],"score":371,"play_id":"f8f02758-9d4a-4128-a282-d6f93171613e","local_time":"20180821100709","is_ascension_mode":true,"campfire_choices":[{"floor":6,"key":"REST"},{"floor":8,"key":"REST"},{"floor":15,"key":"REST"},{"floor":24,"key":"REST"}],"neow_cost":"","seed_source_timestamp":53157597359320,"circlet_count":0,"master_deck":["Strike_B+1","Defend_B","Defend_B","Defend_B","Defend_B","Zap+1","Dualcast","Ball Lightning","Sweeping Beam","Capacitor","Meteor Strike","Beam Cell","Double Energy","Undo","Defragment","Thunder Strike","Go for the Eyes+1","Storm","White Noise+1","Conserve Battery+1","Fusion","Loop","Normality","Good Instincts"],"relics":["Cracked Core","DataDisk","Meat on the Bone","Calipers","White Beast Statue","Ornamental Fan","Orichalcum","MawBank","Mercury Hourglass","Mummified Hand"],"potions_floor_usage":[12,16,19,23,23,29,29,29,29,29,31,31],"damage_taken":[{"damage":1,"enemies":"2 Louse","floor":1,"turns":3},{"damage":2,"enemies":"Jaw Worm","floor":3,"turns":3},{"damage":34,"enemies":"Gremlin Nob","floor":7,"turns":4},{"damage":7,"enemies":"Small Slimes","floor":11,"turns":2},{"damage":30,"enemies":"3 Sentries","floor":12,"turns":4},{"damage":14,"enemies":"Exordium Wildlife","floor":13,"turns":3},{"damage":3,"enemies":"3 Louse","floor":14,"turns":3},{"damage":44,"enemies":"The Guardian","floor":16,"turns":10},{"damage":24,"enemies":"Shell Parasite","floor":18,"turns":6},{"damage":27,"enemies":"Chosen","floor":19,"turns":5},{"damage":13,"enemies":"Snecko","floor":20,"turns":4},{"damage":21,"enemies":"Gremlin Leader","floor":23,"turns":6},{"damage":33,"enemies":"Snake Plant","floor":27,"turns":4},{"damage":9,"enemies":"Shelled Parasite and Fungi","floor":28,"turns":5},{"damage":15,"enemies":"Book of Stabbing","floor":29,"turns":5},{"damage":30,"enemies":"Slavers","floor":31,"turns":2}],"seed_played":"-8816829473888228856","potions_obtained":[{"floor":7,"key":"Weak Potion"},{"floor":11,"key":"Explosive Potion"},{"floor":14,"key":"Ancient Potion"},{"floor":18,"key":"PowerPotion"},{"floor":19,"key":"SteroidPotion"},{"floor":20,"key":"LiquidBronze"},{"floor":23,"key":"EntropicBrew"},{"floor":27,"key":"Block Potion"},{"floor":29,"key":"AttackPotion"}],"is_trial":false,"path_per_floor":["M","?","M","?","$","R","E","R","T","?","M","E","M","M","R","B",null,"M","M","M","?","$","E","R","?","T","M","M","E","?"],"character_chosen":"DEFECT","items_purchased":["Capacitor","Storm"],"campfire_rested":4,"item_purchase_floors":[5,22],"current_hp_per_floor":[67,60,58,43,43,65,31,53,53,53,46,28,26,35,57,25,63,39,24,23,23,23,14,36,36,36,15,18,29,29,0],"gold":151,"neow_bonus":"","is_prod":false,"is_daily":false,"chose_seed":false,"campfire_upgraded":0,"win_rate":0,"timestamp":1534838829,"path_taken":["M","?","M","?","$","R","E","R","T","?","M","E","?","M","R","BOSS","M","M","M","?","?","E","R","?","T","?","M","E","?","E"],"build_version":"2018-08-16","purchased_purges":2,"victory":false,"max_hp_per_floor":[75,75,75,75,75,75,75,75,75,75,75,75,75,75,75,75,75,75,75,75,75,75,75,75,75,75,75,75,75,75,75],"card_choices":[{"not_picked":["Barrage","Redo"],"picked":"Ball Lightning","floor":1},{"not_picked":["Force Field","Turbo"],"picked":"Sweeping Beam","floor":3},{"not_picked":["Beam Cell","Sweeping Beam"],"picked":"Meteor Strike","floor":7},{"not_picked":["Steam","Sweeping Beam"],"picked":"Beam Cell","floor":11},{"not_picked":["Hyperbeam","Force Field"],"picked":"Double Energy","floor":12},{"not_picked":["Skim","Loop"],"picked":"Undo","floor":13},{"not_picked":["Steam","Hologram"],"picked":"Defragment","floor":14},{"not_picked":["Creative AI","Core Surge"],"picked":"Thunder Strike","floor":16},{"not_picked":["Beam Cell","Stack+1"],"picked":"Go for the Eyes+1","floor":18},{"not_picked":["Compile Driver","Hello World","Coolheaded"],"picked":"SKIP","floor":19},{"not_picked":["Beam Cell","Rebound","Cold Snap+1"],"picked":"SKIP","floor":20},{"not_picked":["Barrage","Streamline"],"picked":"White Noise+1","floor":23},{"not_picked":["Echo Form","Turbo"],"picked":"Conserve Battery+1","floor":27},{"not_picked":["Capacitor","Reprogram"],"picked":"Fusion","floor":28},{"not_picked":["Rebound","Ball Lightning","Barrage"],"picked":"SKIP","floor":29}],"player_experience":88139,"relics_obtained":[{"floor":7,"key":"DataDisk"},{"floor":9,"key":"Meat on the Bone"},{"floor":12,"key":"Calipers"},{"floor":23,"key":"Orichalcum"},{"floor":26,"key":"Mercury Hourglass"},{"floor":29,"key":"Mummified Hand"}],"event_choices":[{"event_name":"Golden Wing","player_choice":"Card Removal","floor":2,"damage_taken":0},{"event_name":"Shining Light","player_choice":"Entered Light","floor":4,"damage_taken":0},{"event_name":"NoteForYourself","player_choice":"Ignored","floor":10,"damage_taken":0},{"event_name":"Addict","player_choice":"Obtained Relic","floor":21,"damage_taken":0},{"event_name":"WeMeetAgain","player_choice":"Gold","floor":25,"damage_taken":0},{"event_name":"Match and Keep!","player_choice":"3 cards matched","floor":30,"damage_taken":0}],"is_beta":true,"boss_relics":[{"not_picked":["Velvet Choker","Ectoplasm"],"picked":"White Beast Statue"}],"items_purged_floors":[5,22],"is_endless":false,"potions_floor_spawned":[7,11,14,18,19,20,23,27,28,29],"killed_by":"Slavers","ascension_level":6}