{"gold_per_floor":[114,133,150,3,13,13,47,47,72,103,103,129,142,160,160,260,260,273,288,78,96,11,11,42,42,68,79,79,79,79,99,99,198,248,267,192,0,52,62,62],"floor_reached":40,"playtime":2627,"items_purged":["Decay"],"score":540,"play_id":"ea70725e-6f1e-46ec-9d86-28c112163508","local_time":"20190319004249","is_ascension_mode":true,"campfire_choices":[{"data":"Envenom","floor":6,"key":"SMITH"},{"floor":8,"key":"REST"},{"floor":15,"key":"REST"},{"floor":23,"key":"REST"},{"floor":28,"key":"REST"},{"floor":32,"key":"REST"}],"neow_cost":"NONE","seed_source_timestamp":487388398079644,"circlet_count":0,"master_deck":["Defend_G+1","Defend_G+1","Defend_G+1","Defend_G+1","Defend_G+1","Strike_G+1","Strike_G+1","Strike_G+1","Strike_G+1","Strike_G+1","Survivor+1","Neutralize","Envenom+1","Dagger Throw","Poisoned Stab","Dodge and Roll","Outmaneuver","Eviscerate","Footwork","Underhanded Strike","Catalyst","Terror","Venomology","Bouncing Flask","Dash","Sadistic Nature","Deadly Poison","Predator","Dagger Throw+1","Slice","Underhanded Strike","Phantasmal Killer","Riddle With Holes","Outmaneuver+1","Concentrate","Flying Knee+1"],"relics":["Ring of the Snake","Bag of Marbles","Blood Vial","Potion Belt","War Paint","Ice Cream","Busted Crown","Pen Nib","Mango","Vajra","Gremlin Horn","Tiny House","Red Mask","Peace Pipe"],"potions_floor_usage":[7,12,12,18,19,21,21,21,24,24,31,33,33,33,35,35,38,38,39,40,40],"damage_taken":[{"damage":0,"enemies":"Cultist","floor":1,"turns":4},{"damage":7,"enemies":"Jaw Worm","floor":2,"turns":4},{"damage":2,"enemies":"2 Louse","floor":3,"turns":2},{"damage":9,"enemies":"Looter","floor":5,"turns":3},{"damage":12,"enemies":"Gremlin Nob","floor":7,"turns":4},{"damage":25,"enemies":"Lagavulin","floor":10,"turns":6},{"damage":23,"enemies":"3 Sentries","floor":12,"turns":9},{"damage":0,"enemies":"Blue Slaver","floor":13,"turns":5},{"damage":13,"enemies":"Large Slime","floor":14,"turns":6},{"damage":11,"enemies":"The Guardian","floor":16,"turns":11},{"damage":4,"enemies":"3 Byrds","floor":18,"turns":5},{"damage":21,"enemies":"Spheric Guardian","floor":19,"turns":4},{"damage":17,"enemies":"Snake Plant","floor":21,"turns":4},{"damage":39,"enemies":"Slavers","floor":24,"turns":6},{"damage":11,"enemies":"Cultist and Chosen","floor":27,"turns":4},{"damage":10,"enemies":"3 Cultists","floor":31,"turns":5},{"damage":46,"enemies":"Champ","floor":33,"turns":8},{"damage":13,"enemies":"3 Shapes","floor":35,"turns":4},{"damage":36,"enemies":"2 Orb Walkers","floor":38,"turns":4},{"damage":50,"enemies":"3 Darklings","floor":39,"turns":4},{"damage":19,"enemies":"Nemesis","floor":40,"turns":3}],"seed_played":"3072252295587108269","potions_obtained":[{"floor":2,"key":"PowerPotion"},{"floor":7,"key":"Swift Potion"},{"floor":10,"key":"Poison Potion"},{"floor":14,"key":"FearPotion"},{"floor":16,"key":"SkillPotion"},{"floor":19,"key":"Strength Potion"},{"floor":27,"key":"Weak Potion"},{"floor":31,"key":"Swift Potion"},{"floor":34,"key":"EntropicBrew"},{"floor":38,"key":"GamblersBrew"}],"is_trial":false,"path_per_floor":["M","M","M","$","M","R","E","R","T","E","?","E","M","M","R","B",null,"M","M","$","M","?","R","E","?","T","M","R","?","T","M","R","B",null,"M","$","?","?","M","E"],"character_chosen":"THE_SILENT","items_purchased":["Bag of Marbles","Sadistic Nature","Deadly Poison"],"campfire_rested":5,"item_purchase_floors":[4,20,20],"current_hp_per_floor":[70,63,61,61,52,52,40,61,61,38,38,17,19,8,29,20,70,66,47,47,32,32,53,30,30,30,21,46,46,46,38,63,19,89,76,76,76,42,8,0],"gold":62,"neow_bonus":"ONE_RANDOM_RARE_CARD","is_prod":false,"is_daily":false,"chose_seed":false,"campfire_upgraded":1,"win_rate":0,"timestamp":1552981369,"path_taken":["M","?","M","$","M","R","E","R","T","E","?","E","M","M","R","BOSS","M","M","$","M","?","R","E","?","T","M","R","?","?","?","R","BOSS","M","$","?","?","M","E"],"build_version":"2019-01-23","purchased_purges":1,"victory":false,"max_hp_per_floor":[70,70,70,70,70,70,70,70,70,70,70,70,70,70,70,70,70,70,70,70,70,70,70,84,84,84,84,84,84,84,84,84,84,89,89,89,89,89,89,89],"card_choices":[{"not_picked":["Underhanded Strike","Backflip"],"picked":"Dagger Throw","floor":1},{"not_picked":["Deadly Poison","Slice"],"picked":"Poisoned Stab","floor":2},{"not_picked":["Leg Sweep","Blade Dance"],"picked":"Dodge and Roll","floor":3},{"not_picked":["Slice","Cloak And Dagger"],"picked":"Outmaneuver","floor":5},{"not_picked":["Reflex","Backflip"],"picked":"Eviscerate","floor":7},{"not_picked":["Grand Finale","Cloak And Dagger"],"picked":"Footwork","floor":10},{"not_picked":["Dagger Throw","PiercingWail"],"picked":"Underhanded Strike","floor":12},{"not_picked":["Slice","Acrobatics"],"picked":"Catalyst","floor":13},{"not_picked":["Cloak And Dagger","Predator"],"picked":"Terror","floor":14},{"not_picked":["Doppelganger","Malaise"],"picked":"Venomology","floor":16},{"not_picked":[],"picked":"Bouncing Flask","floor":18},{"not_picked":[],"picked":"Dash","floor":19},{"not_picked":[],"picked":"Predator","floor":21},{"not_picked":[],"picked":"Dagger Throw+1","floor":24},{"not_picked":[],"picked":"Slice","floor":27},{"not_picked":[],"picked":"Underhanded Strike","floor":31},{"not_picked":[],"picked":"Phantasmal Killer","floor":33},{"not_picked":[],"picked":"Riddle With Holes","floor":34},{"not_picked":[],"picked":"Outmaneuver+1","floor":35},{"not_picked":[],"picked":"Concentrate","floor":38},{"not_picked":[],"picked":"Flying Knee+1","floor":39}],"player_experience":308328,"relics_obtained":[{"floor":7,"key":"Blood Vial"},{"floor":9,"key":"Potion Belt"},{"floor":10,"key":"War Paint"},{"floor":12,"key":"Ice Cream"},{"floor":24,"key":"Mango"},{"floor":26,"key":"Vajra"},{"floor":30,"key":"Gremlin Horn"},{"floor":38,"key":"Peace Pipe"}],"event_choices":[{"damage_healed":0,"gold_gain":0,"player_choice":"Cursed","damage_taken":0,"max_hp_gain":0,"max_hp_loss":0,"event_name":"Wheel of Change","floor":11,"gold_loss":0,"cards_obtained":["Decay"]},{"damage_healed":0,"gold_gain":0,"player_choice":"Obtained Relic","damage_taken":0,"relics_obtained":["Pen Nib"],"max_hp_gain":0,"max_hp_loss":0,"event_name":"Addict","floor":22,"gold_loss":85},{"damage_healed":0,"gold_gain":0,"player_choice":"Ignored","damage_taken":0,"max_hp_gain":0,"max_hp_loss":0,"event_name":"Beggar","floor":25,"gold_loss":0},{"damage_healed":0,"gold_gain":0,"player_choice":"Simplicity","damage_taken":0,"max_hp_gain":0,"max_hp_loss":0,"event_name":"Back to Basics","floor":29,"gold_loss":0,"cards_upgraded":["Defend_G","Defend_G","Defend_G","Strike_G","Strike_G","Strike_G","Strike_G","Strike_G"]},{"damage_healed":0,"gold_gain":0,"player_choice":"Paid","damage_taken":0,"relics_obtained":["Red Mask"],"max_hp_gain":0,"max_hp_loss":0,"event_name":"Tomb of Lord Red Mask","floor":37,"gold_loss":192},{"damage_healed":0,"gold_gain":0,"player_choice":"Fight","damage_taken":0,"max_hp_gain":0,"max_hp_loss":0,"event_name":"Mysterious Sphere","floor":38,"gold_loss":0}],"is_beta":false,"boss_relics":[{"not_picked":["Runic Pyramid","Eternal Feather"],"picked":"Busted Crown"},{"not_picked":["Velvet Choker","Lizard Tail"],"picked":"Tiny House"}],"items_purged_floors":[36],"is_endless":false,"potions_floor_spawned":[2,7,10,14,16,19,27,31,38],"killed_by":"Nemesis","ascension_level":3}