{"gold_per_floor":[118,118,133,143,143,170,185,65,90,90,107,120,150,196,196,301,301,241,196,208,123,141,141,155,165,188,188,202,202,220,220],"floor_reached":31,"playtime":1665,"items_purged":["Regret"],"score":324,"play_id":"3343b830-a4ba-46b4-8c07-0c883aaaeb8e","local_time":"20190429153907","is_ascension_mode":false,"campfire_choices":[{"floor":10.0,"key":"REST"},{"floor":15.0,"key":"REST"},{"data":"Defragment","floor":23.0,"key":"SMITH"}],"neow_cost":"NONE","seed_source_timestamp":0,"circlet_count":0,"master_deck":["Defend_B","Defend_B","Defend_B","Defend_B","Zap+1","Dualcast","Gash","Gash","Stack","Blizzard","Go for the Eyes","Defragment+1","Gash","Sweeping Beam","Blizzard","Echo Form","Beam Cell","Gash","Conserve Battery","Glacier","Ball Lightning","Coolheaded","Gash+1","Stack","Scrape","Leap","Coolheaded+1","Shame","Bite","Bite","Bite","Bite","Bite","Streamline+1","Leap","Loop+1","Glacier"],"special_seed":0,"relics":["Cracked Core","Oddly Smooth Stone","Smiling Mask","DataDisk","Prayer Wheel","Cursed Key","Pear","Strawberry"],"potions_floor_usage":[28,30],"damage_taken":[{"damage":4.0,"enemies":"Jaw Worm","floor":1.0,"turns":4.0},{"damage":0.0,"enemies":"Small Slimes","floor":3.0,"turns":2.0},{"damage":1.0,"enemies":"Cultist","floor":4.0,"turns":3.0},{"damage":52.0,"enemies":"Lagavulin","floor":6.0,"turns":9.0},{"damage":23.0,"enemies":"Exordium Thugs","floor":7.0,"turns":5.0},{"damage":0.0,"enemies":"Looter","floor":11.0,"turns":2.0},{"damage":3.0,"enemies":"Lots of Slimes","floor":12.0,"turns":3.0},{"damage":15.0,"enemies":"3 Sentries","floor":13.0,"turns":6.0},{"damage":23.0,"enemies":"Hexaghost","floor":16.0,"turns":9.0},{"damage":25.0,"enemies":"2 Thieves","floor":18.0,"turns":4.0},{"damage":4.0,"enemies":"Chosen","floor":20.0,"turns":5.0},{"damage":22.0,"enemies":"Snecko","floor":22.0,"turns":6.0},{"damage":8.0,"enemies":"Snake Plant","floor":24.0,"turns":6.0},{"damage":30.0,"enemies":"3 Cultists","floor":25.0,"turns":5.0},{"damage":10,"enemies":"Snecko","floor":28,"turns":7},{"damage":12,"enemies":"Snake Plant","floor":30,"turns":5},{"damage":9,"enemies":"Colosseum Slavers","floor":31,"turns":1}],"seed_played":"1746430974528349355","potions_obtained":[{"floor":1.0,"key":"FocusPotion"},{"floor":6.0,"key":"Swift Potion"},{"floor":7.0,"key":"Explosive Potion"},{"floor":25.0,"key":"Poison Potion"},{"floor":28,"key":"Fire Potion"}],"is_trial":false,"path_per_floor":["M","?","M","M","?","E","M","$","T","R","M","M","E","T","R","B",null,"M","$","M","?","M","R","M","M","T","?","M","?","M","?"],"character_chosen":"DEFECT","items_purchased":["Defragment","Conserve Battery"],"campfire_rested":2,"item_purchase_floors":[8,19],"current_hp_per_floor":[78,78,78,77,77,25,2,2,2,26,26,23,8,8,32,9,82,57,57,53,63,41,41,33,3,10,10,8,8,4,0],"gold":220,"neow_bonus":"TEN_PERCENT_HP_BONUS","is_prod":false,"is_daily":false,"chose_seed":false,"campfire_upgraded":1,"win_rate":0,"timestamp":1556570347,"path_taken":["M","?","M","M","?","E","M","?","T","R","?","M","E","?","R","BOSS","M","$","M","?","M","R","M","M","T","?","M","?","?","?"],"build_version":"2019-01-23","purchased_purges":1,"victory":false,"max_hp_per_floor":[82,82,82,82,82,82,82,82,82,82,82,82,82,82,82,82,82,82,82,82,92,92,92,92,92,99,69,69,69,69,69],"card_choices":[{"not_picked":["Fusion","Scrape"],"picked":"Gash","floor":1.0},{"not_picked":["Ball Lightning","Coolheaded"],"picked":"Gash","floor":3.0},{"not_picked":["Heatsinks","Streamline"],"picked":"Stack","floor":4.0},{"not_picked":["Hologram","Auto Shields"],"picked":"Blizzard","floor":6.0},{"not_picked":["Barrage","Turbo"],"picked":"Go for the Eyes","floor":7.0},{"not_picked":["Beam Cell","Biased Cognition"],"picked":"Gash","floor":11.0},{"not_picked":["Rebound","Steam"],"picked":"Sweeping Beam","floor":12.0},{"not_picked":["Steam Power","Go for the Eyes"],"picked":"Blizzard","floor":13.0},{"not_picked":["Multi-Cast","Buffer"],"picked":"Echo Form","floor":16.0},{"not_picked":["Genetic Algorithm+1","Redo"],"picked":"Beam Cell","floor":18.0},{"not_picked":["Force Field","Cold Snap"],"picked":"Gash","floor":18.0},{"not_picked":["Double Energy","Ball Lightning"],"picked":"Glacier","floor":20.0},{"not_picked":["FTL+1","Recycle"],"picked":"Ball Lightning","floor":20.0},{"not_picked":["Steam","Chaos+1"],"picked":"Coolheaded","floor":22.0},{"not_picked":["Conserve Battery","Chaos+1"],"picked":"Gash+1","floor":22.0},{"not_picked":["Auto Shields+1","Fusion+1"],"picked":"Stack","floor":24.0},{"not_picked":["Static Discharge+1","Lockon"],"picked":"Scrape","floor":24.0},{"not_picked":["Genetic Algorithm","Seek"],"picked":"Leap","floor":25.0},{"not_picked":["Chill","Sweeping Beam"],"picked":"Coolheaded+1","floor":25.0},{"not_picked":["Genetic Algorithm","Sweeping Beam"],"picked":"Streamline","floor":28},{"not_picked":["Reboot","Steam Power+1"],"picked":"Leap","floor":28},{"not_picked":["Hologram","Sweeping Beam"],"picked":"Loop+1","floor":30},{"not_picked":["Auto Shields+1","Barrage"],"picked":"Glacier","floor":30}],"player_experience":244266,"relics_obtained":[{"floor":6.0,"key":"Smiling Mask"},{"floor":9.0,"key":"DataDisk"},{"floor":13.0,"key":"Prayer Wheel"},{"floor":26.0,"key":"Strawberry"}],"event_choices":[{"damage_healed":0.0,"max_hp_gain":0.0,"max_hp_loss":0.0,"gold_gain":0.0,"event_name":"Living Wall","player_choice":"Grow","floor":2.0,"gold_loss":0.0,"damage_taken":0.0,"cards_upgraded":["Zap"]},{"damage_healed":0.0,"max_hp_gain":0.0,"max_hp_loss":0.0,"gold_gain":0.0,"event_name":"Big Fish","player_choice":"Box","floor":5.0,"gold_loss":0.0,"damage_taken":0.0,"relics_obtained":["Oddly Smooth Stone"],"cards_obtained":["Regret"]},{"damage_healed":0.0,"max_hp_gain":0.0,"max_hp_loss":0.0,"gold_gain":0.0,"event_name":"Addict","player_choice":"Obtained Relic","floor":21.0,"gold_loss":85.0,"damage_taken":0.0,"relics_obtained":["Pear"]},{"damage_healed":0.0,"max_hp_gain":0.0,"max_hp_loss":30.0,"gold_gain":0.0,"event_name":"Vampires","player_choice":"Became a vampire","floor":27.0,"gold_loss":0.0,"damage_taken":0.0,"cards_obtained":["Bite","Bite","Bite","Bite","Bite"]},{"damage_healed":0,"gold_gain":0,"player_choice":"Forge","damage_taken":0,"max_hp_gain":0,"max_hp_loss":0,"event_name":"Accursed Blacksmith","floor":29,"gold_loss":0,"cards_upgraded":["Streamline"]},{"damage_healed":0,"gold_gain":0,"player_choice":"Fight","damage_taken":0,"max_hp_gain":0,"max_hp_loss":0,"event_name":"Colosseum","floor":31,"gold_loss":0}],"is_beta":false,"boss_relics":[{"not_picked":["Orrery","Runic Pyramid"],"picked":"Cursed Key"}],"items_purged_floors":[8],"is_endless":false,"potions_floor_spawned":[1,6,7,25,28],"killed_by":"Colosseum Slavers","ascension_level":0}