{"gold_per_floor":[118,137,137,152,172,203,0,0,0,23,36,36],"floor_reached":12,"playtime":392,"items_purged":[],"score":80,"play_id":"cf1b1098-45be-42ab-9d82-efc4fb77ec27","local_time":"20181030052508","is_ascension_mode":false,"campfire_choices":[{"floor":8,"key":"REST"}],"neow_cost":"PERCENT_DAMAGE","seed_source_timestamp":410555501634376,"circlet_count":0,"master_deck":["Strike_B","Strike_B","Defend_B","Defend_B","Defend_B+1","Defend_B","Zap","Dualcast","Creative AI","Go for the Eyes","Tempest","Reinforced Body","Sunder","Capacitor","Redo+1","Turbo","Consume","Lockon"],"relics":["Cracked Core","Bag of Marbles","Dodecahedron","War Paint","Darkstone Periapt","Odd Mushroom"],"potions_floor_usage":[5,6],"damage_taken":[{"damage":0,"enemies":"2 Louse","floor":1,"turns":2},{"damage":2,"enemies":"Small Slimes","floor":2,"turns":3},{"damage":0,"enemies":"Cultist","floor":4,"turns":3},{"damage":0,"enemies":"Looter","floor":5,"turns":2},{"damage":17,"enemies":"Gremlin Nob","floor":6,"turns":4},{"damage":18,"enemies":"The Mushroom Lair","floor":10,"turns":4},{"damage":23,"enemies":"Gremlin Gang","floor":11,"turns":4},{"damage":7,"enemies":"3 Louse","floor":12,"turns":1}],"seed_played":"-3221915098689819991","potions_obtained":[{"floor":2,"key":"Poison Potion"},{"floor":4,"key":"Energy Potion"},{"floor":11,"key":"Dexterity Potion"}],"is_trial":false,"path_per_floor":["M","M","?","M","M","E","$","R","T","?","M"],"character_chosen":"DEFECT","items_purchased":["War Paint","Turbo"],"campfire_rested":1,"item_purchase_floors":[7,7],"current_hp_per_floor":[54,52,40,40,40,23,23,45,45,27,4,0],"gold":36,"neow_bonus":"TRANSFORM_TWO_CARDS","is_prod":false,"is_daily":false,"chose_seed":false,"campfire_upgraded":0,"win_rate":0,"timestamp":1540873508,"path_taken":["M","M","?","M","M","E","$","R","T","?","M","?"],"build_version":"2018-10-29v2","purchased_purges":0,"victory":false,"max_hp_per_floor":[75,75,75,75,75,75,75,75,75,75,75,75],"card_choices":[{"not_picked":["Rebound","Force Field"],"picked":"Tempest","floor":1},{"not_picked":["Ball Lightning","Doom and Gloom"],"picked":"Reinforced Body","floor":2},{"not_picked":["Heatsinks","Coolheaded"],"picked":"Sunder","floor":4},{"not_picked":["Rebound","Stack"],"picked":"Capacitor","floor":5},{"not_picked":["Doom and Gloom","Tempest"],"picked":"Redo","floor":6},{"not_picked":["Doom and Gloom","Turbo"],"picked":"Consume","floor":10},{"not_picked":["Compile Driver","Consume"],"picked":"Lockon","floor":11}],"player_experience":166778,"relics_obtained":[{"floor":6,"key":"Dodecahedron"},{"floor":9,"key":"Darkstone Periapt"},{"floor":10,"key":"Odd Mushroom"}],"event_choices":[{"damage_healed":0,"gold_gain":0,"player_choice":"Success","damage_taken":12,"relics_obtained":["Bag of Marbles"],"max_hp_gain":0,"max_hp_loss":0,"event_name":"Scrap Ooze","floor":3,"gold_loss":0},{"damage_healed":0,"gold_gain":0,"player_choice":"Fought Mushrooms","damage_taken":0,"max_hp_gain":0,"max_hp_loss":0,"event_name":"Mushrooms","floor":10,"gold_loss":0}],"is_beta":true,"boss_relics":[],"items_purged_floors":[],"is_endless":false,"potions_floor_spawned":[2,4,11],"killed_by":"3 Louse","ascension_level":0}