{"gold_per_floor":[109,109,109,119,119,119,151,151,177,208,208,208,225,77,77,173,173,192,192,192,204,233,233,261,280,303,303,322,322,237,248,248,248],"floor_reached":33,"playtime":2117,"items_purged":[],"score":310,"play_id":"5ee8fbd6-fd2a-4290-91a1-dfc7f1799881","local_time":"20180922183128","is_ascension_mode":true,"campfire_choices":[{"data":"Searing Blow","floor":6,"key":"SMITH"},{"floor":8,"key":"REST"},{"floor":15,"key":"REST"},{"data":"Limit Break","floor":23,"key":"SMITH"},{"floor":27,"key":"REST"},{"data":"Whirlwind","floor":32,"key":"SMITH"}],"neow_cost":"NONE","seed_source_timestamp":428969761362161,"circlet_count":0,"master_deck":["Defend_R","Defend_R","Defend_R","Defend_R","Bash","Spot Weakness","Sword Boomerang","Bash","Searing Blow+2","Whirlwind+1","Rampage","Flex","Spot Weakness","Limit Break+1","Armaments","Bite","Bite","Bite","Bite","Bite","Cleave","Berserk","Fire Breathing+1","Shrug It Off+1"],"relics":["Burning Blood","Mercury Hourglass","Juzu Bracelet","Dream Catcher","Boot","Sozu","Magic Flower","Red Mask","Dead Branch","Anchor","NlothsMask","Bag of Preparation"],"potions_floor_usage":[7,18,24],"damage_taken":[{"damage":5,"enemies":"Small Slimes","floor":1,"turns":4},{"damage":6,"enemies":"Jaw Worm","floor":4,"turns":3},{"damage":35,"enemies":"3 Sentries","floor":7,"turns":6},{"damage":28,"enemies":"Gremlin Nob","floor":10,"turns":4},{"damage":0,"enemies":"2 Louse","floor":13,"turns":2},{"damage":10,"enemies":"Slime Boss","floor":16,"turns":7},{"damage":30,"enemies":"2 Thieves","floor":18,"turns":3},{"damage":10,"enemies":"Chosen","floor":21,"turns":3},{"damage":9,"enemies":"Masked Bandits","floor":22,"turns":3},{"damage":48,"enemies":"Book of Stabbing","floor":24,"turns":5},{"damage":27,"enemies":"Snecko","floor":25,"turns":4},{"damage":9,"enemies":"Centurion and Healer","floor":28,"turns":4},{"damage":1,"enemies":"3 Cultists","floor":31,"turns":3},{"damage":88,"enemies":"Collector","floor":33,"turns":7}],"seed_played":"6088567831205207339","potions_obtained":[{"floor":4,"key":"Fire Potion"},{"floor":13,"key":"SpeedPotion"},{"floor":16,"key":"PowerPotion"}],"is_trial":false,"path_per_floor":["M","?","$","M","?","R","E","R","T","E","?","?","M","$","R","B",null,"M","?","T","M","?","R","E","M","T","R","M","?","?","M","R"],"character_chosen":"IRONCLAD","items_purchased":["Boot"],"campfire_rested":3,"item_purchase_floors":[14],"current_hp_per_floor":[88,88,88,88,88,88,59,85,85,63,63,63,69,69,88,84,88,64,61,61,61,61,61,31,22,22,40,49,49,49,61,61,0],"gold":248,"neow_bonus":"TEN_PERCENT_HP_BONUS","is_prod":false,"is_daily":false,"chose_seed":false,"campfire_upgraded":3,"win_rate":0,"timestamp":1537633888,"path_taken":["M","?","$","M","?","R","E","R","T","E","?","?","M","$","R","BOSS","M","?","?","M","?","R","E","M","T","R","M","?","?","M","R","BOSS"],"build_version":"2018-09-20","purchased_purges":0,"victory":false,"max_hp_per_floor":[88,88,88,88,88,88,88,88,88,88,88,88,88,88,88,88,88,88,61,61,61,61,61,61,61,61,61,61,61,61,61,61,61],"card_choices":[{"not_picked":["Heavy Blade","Twin Strike"],"picked":"Spot Weakness","floor":1},{"not_picked":["Twin Strike","Disarm"],"picked":"Sword Boomerang","floor":4},{"not_picked":["Second Wind","Bloodletting"],"picked":"Whirlwind","floor":7},{"not_picked":["Armaments","Seeing Red"],"picked":"Rampage","floor":10},{"not_picked":["Headbutt","Warcry"],"picked":"Flex","floor":13},{"not_picked":["Pommel Strike","Havoc"],"picked":"Spot Weakness","floor":15},{"not_picked":["Offering","Berserk"],"picked":"Limit Break","floor":16},{"not_picked":["Dropkick","Spot Weakness"],"picked":"Armaments","floor":18},{"not_picked":["Blood for Blood+1","Anger+1","Dual Wield"],"picked":"SKIP","floor":21},{"not_picked":["Anger","Combust"],"picked":"Cleave","floor":22},{"not_picked":["Hemokinesis+1","Thunderclap"],"picked":"Berserk","floor":24},{"not_picked":["Pommel Strike","Flame Barrier"],"picked":"Fire Breathing+1","floor":25},{"not_picked":["Pommel Strike+1","Combust"],"picked":"Shrug It Off+1","floor":28},{"not_picked":["Combust","Evolve+1","Wild Strike"],"picked":"SKIP","floor":31}],"player_experience":161505,"relics_obtained":[{"floor":7,"key":"Mercury Hourglass"},{"floor":9,"key":"Juzu Bracelet"},{"floor":10,"key":"Dream Catcher"},{"floor":20,"key":"Magic Flower"},{"floor":22,"key":"Red Mask"},{"floor":24,"key":"Dead Branch"},{"floor":26,"key":"Anchor"}],"event_choices":[{"event_name":"The Cleric","player_choice":"Leave","floor":2,"damage_taken":0},{"event_name":"Match and Keep!","player_choice":"2 cards matched","floor":5,"damage_taken":0},{"event_name":"Match and Keep!","player_choice":"2 cards matched","floor":5,"damage_taken":0},{"event_name":"Living Wall","player_choice":"Grow","floor":11,"damage_taken":0},{"event_name":"Shining Light","player_choice":"Ignored","floor":12,"damage_taken":0},{"event_name":"Vampires","player_choice":"Became a vampire","floor":19,"damage_taken":0},{"event_name":"Masked Bandits","player_choice":"Fought Bandits","floor":22,"damage_taken":0},{"event_name":"FaceTrader","player_choice":"Trade","floor":29,"damage_taken":0},{"event_name":"Addict","player_choice":"Obtained Relic","floor":30,"damage_taken":0}],"is_beta":false,"boss_relics":[{"not_picked":["Fusion Hammer","Runic Cube"],"picked":"Sozu"}],"items_purged_floors":[],"is_endless":false,"potions_floor_spawned":[4,13,16,18,24,28],"killed_by":"Collector","ascension_level":1}