{"gold_per_floor":[118,118,193,193,206,240,240,275,287,318,330,368,398,427,439,451],"floor_reached":16,"playtime":504,"items_purged":[],"score":171,"play_id":"2f8aa244-43dd-430b-87a5-ce3954814604","local_time":"20190410170146","is_ascension_mode":true,"campfire_choices":[{"floor":7,"key":"REST"},{"floor":15,"key":"REST"}],"neow_cost":"CURSE","seed_source_timestamp":25688495383190,"circlet_count":0,"master_deck":["AscendersBane","Defend_G","Defend_G","Defend_G","Defend_G","Defend_G","Strike_G","Strike_G","Strike_G","Strike_G","Strike_G","Survivor","Neutralize","Mind Blast","Discovery","All Out Attack","Deflect","Dagger Throw","Noxious Fumes","Die Die Die"],"relics":["Ring of the Snake","Question Card","Happy Flower","MawBank","Singing Bowl","Lantern","Bag of Marbles"],"potions_floor_usage":[8,13,16],"damage_taken":[{"damage":7,"enemies":"Jaw Worm","floor":1,"turns":5},{"damage":3,"enemies":"2 Louse","floor":5,"turns":2},{"damage":16,"enemies":"3 Sentries","floor":6,"turns":7},{"damage":31,"enemies":"Gremlin Nob","floor":8,"turns":4},{"damage":0,"enemies":"Small Slimes","floor":10,"turns":3},{"damage":5,"enemies":"Gremlin Gang","floor":13,"turns":3},{"damage":0,"enemies":"2 Fungi Beasts","floor":14,"turns":1},{"damage":18,"enemies":"Slime Boss","floor":16,"turns":5}],"seed_played":"-905906965888774783","potions_obtained":[{"floor":6,"key":"Strength Potion"},{"floor":10,"key":"Explosive Potion"},{"floor":14,"key":"SpeedPotion"}],"is_trial":false,"path_per_floor":["M","?","?","?","M","E","R","E","T","M","?","T","M","M","R","B"],"character_chosen":"THE_SILENT","items_purchased":[],"campfire_rested":2,"item_purchase_floors":[],"current_hp_per_floor":[56,49,38,38,35,19,40,9,9,11,11,11,6,8,30,12],"gold":451,"neow_bonus":"RANDOM_COLORLESS_2","is_prod":false,"is_daily":false,"chose_seed":false,"campfire_upgraded":0,"win_rate":0,"timestamp":1554940906,"path_taken":["M","?","?","?","M","E","R","E","T","M","?","?","M","M","R","BOSS"],"build_version":"2019-01-23","purchased_purges":0,"victory":false,"max_hp_per_floor":[70,70,70,70,70,70,70,70,70,72,72,72,72,74,74,74],"card_choices":[{"not_picked":["Poisoned Stab","Dodge and Roll"],"picked":"All Out Attack","floor":1},{"not_picked":["PiercingWail","Expertise","Dodge and Roll"],"picked":"Deflect","floor":5},{"not_picked":["Terror","Blade Dance","Footwork"],"picked":"Dagger Throw","floor":6},{"not_picked":["Infinite Blades","Deflect","Concentrate"],"picked":"Noxious Fumes","floor":8},{"not_picked":["Choke","Slice","Terror","Backflip"],"picked":"Singing Bowl","floor":10},{"not_picked":["Blade Dance","Dagger Spray","Flechettes"],"picked":"Die Die Die","floor":13},{"not_picked":["Setup","Distraction","PiercingWail","Choke"],"picked":"Singing Bowl","floor":14}],"player_experience":543719,"relics_obtained":[{"floor":6,"key":"Happy Flower"},{"floor":8,"key":"MawBank"},{"floor":9,"key":"Singing Bowl"},{"floor":12,"key":"Bag of Marbles"}],"event_choices":[{"damage_healed":0,"gold_gain":0,"player_choice":"Success","damage_taken":7,"relics_obtained":["Question Card"],"max_hp_gain":0,"max_hp_loss":0,"event_name":"Scrap Ooze","floor":2,"gold_loss":0},{"damage_healed":0,"gold_gain":75,"player_choice":"Gather Gold","damage_taken":11,"max_hp_gain":0,"max_hp_loss":0,"event_name":"World of Goop","floor":3,"gold_loss":0},{"cards_removed":["Normality"],"damage_healed":0,"gold_gain":0,"player_choice":"Forget","damage_taken":0,"max_hp_gain":0,"max_hp_loss":0,"event_name":"Living Wall","floor":4,"gold_loss":0},{"damage_healed":0,"gold_gain":0,"player_choice":"Searched \u00271\u0027 times","damage_taken":0,"relics_obtained":["Lantern"],"max_hp_gain":0,"max_hp_loss":0,"event_name":"Dead Adventurer","floor":11,"gold_loss":0}],"is_beta":false,"boss_relics":[],"items_purged_floors":[],"is_endless":false,"potions_floor_spawned":[6,10,14],"killed_by":"Slime Boss","ascension_level":11}