{"gold_per_floor":[110,110,125,125,145,174,27,27,27,37,67,67,77,90,90,187,187,200,200,220,220,246,246,246],"floor_reached":24,"playtime":1185,"items_purged":[],"score":206,"play_id":"ff4e7d68-c1df-4a25-92ac-095b51798d6a","local_time":"20180815165033","is_ascension_mode":false,"campfire_choices":[{"floor":15,"key":"REST"},{"data":"Hello World","floor":23,"key":"SMITH"}],"neow_cost":"","seed_source_timestamp":325012995692190,"circlet_count":0,"master_deck":["Strike_B","Strike_B","Strike_B","Defend_B","Defend_B","Defend_B","Defend_B","Zap","Dualcast","Recycle","Aggregate","Multi-Cast","Sweeping Beam","Leap","Hello World+1","Seek","Aggregate","Biased Cognition","Machine Learning","White Noise","Rainbow","Stack","Fusion","Storm","Capacitor","Recycle","Conserve Battery+1","Multi-Cast","Glacier"],"relics":["Cracked Core","Shuriken","Bird Faced Urn","Matryoshka","Orrery","Bag of Marbles","Pen Nib"],"potions_floor_usage":[6,6,6,6,11,11,11,16,24,24],"damage_taken":[{"damage":0,"enemies":"Small Slimes","floor":1,"turns":3},{"damage":1,"enemies":"2 Louse","floor":3,"turns":3},{"damage":8,"enemies":"Jaw Worm","floor":5,"turns":4},{"damage":29,"enemies":"Gremlin Nob","floor":6,"turns":4},{"damage":4,"enemies":"Red Slaver","floor":10,"turns":3},{"damage":9,"enemies":"3 Sentries","floor":11,"turns":4},{"damage":10,"enemies":"Looter","floor":13,"turns":3},{"damage":14,"enemies":"3 Louse","floor":14,"turns":3},{"damage":47,"enemies":"Hexaghost","floor":16,"turns":11},{"damage":38,"enemies":"Spheric Guardian","floor":18,"turns":6},{"damage":13,"enemies":"Shell Parasite","floor":20,"turns":6},{"damage":69,"enemies":"Gremlin Leader","floor":24,"turns":8}],"seed_played":"4952544020583508420","potions_obtained":[{"floor":4,"key":"LiquidBronze"},{"floor":4,"key":"FocusPotion"},{"floor":4,"key":"EntropicBrew"},{"floor":6,"key":"FocusPotion"},{"floor":11,"key":"Weak Potion"},{"floor":16,"key":"Regen Potion"},{"floor":20,"key":"LiquidBronze"}],"is_trial":false,"path_per_floor":["M","?","M","?","M","E","$","?","T","M","E","$","M","M","R","B",null,"M","?","M","?","T","R"],"character_chosen":"DEFECT","items_purchased":["Hello World","Seek"],"campfire_rested":1,"item_purchase_floors":[7,7],"current_hp_per_floor":[75,75,74,74,66,37,37,37,37,37,32,32,26,16,38,25,75,49,49,44,44,44,44,0],"gold":246,"neow_bonus":"","is_prod":false,"is_daily":false,"chose_seed":false,"campfire_upgraded":1,"win_rate":0,"timestamp":1534344633,"path_taken":["M","?","M","?","M","E","$","?","T","M","E","?","M","M","R","BOSS","M","?","M","?","?","R","E"],"build_version":"2018-08-14","purchased_purges":0,"victory":false,"max_hp_per_floor":[75,75,75,75,75,75,75,75,75,75,75,75,75,75,75,75,75,75,75,75,75,75,75,75],"card_choices":[{"not_picked":["Beam Cell","Compile Driver"],"picked":"Recycle","floor":1},{"not_picked":["Leap","Barrage"],"picked":"Multi-Cast","floor":3},{"not_picked":["Streamline","Ball Lightning"],"picked":"Sweeping Beam","floor":5},{"not_picked":["Beam Cell","Rip and Tear"],"picked":"Leap","floor":6},{"not_picked":["Rebound","Ball Lightning","Double Energy"],"picked":"SKIP","floor":10},{"not_picked":["Steam","Cold Snap"],"picked":"Machine Learning","floor":11},{"not_picked":["Recycle","Streamline","Barrage"],"picked":"SKIP","floor":13},{"not_picked":["Loop","Go for the Eyes"],"picked":"White Noise","floor":14},{"not_picked":["Machine Learning","Fission"],"picked":"Rainbow","floor":16},{"not_picked":["Chill","Blizzard"],"picked":"Stack","floor":17},{"not_picked":["Steam Power","Capacitor"],"picked":"Fusion","floor":17},{"not_picked":["Steam","Compile Driver"],"picked":"Storm","floor":17},{"not_picked":["Turbo","All For One"],"picked":"Capacitor","floor":17},{"not_picked":["Ball Lightning","Turbo"],"picked":"Recycle","floor":17},{"not_picked":["Cold Snap","Rebound"],"picked":"Conserve Battery+1","floor":18},{"not_picked":["Stack","Rebound"],"picked":"Glacier","floor":20}],"player_experience":64798,"relics_obtained":[{"floor":6,"key":"Shuriken"},{"floor":9,"key":"Bird Faced Urn"},{"floor":11,"key":"Matryoshka"},{"floor":22,"key":"Bag of Marbles"},{"floor":22,"key":"Pen Nib"}],"event_choices":[{"event_name":"Living Wall","player_choice":"Change","floor":2,"damage_taken":0},{"event_name":"The Lab","player_choice":"Got Potions","floor":4,"damage_taken":0},{"event_name":"Match and Keep!","player_choice":"2 cards matched","floor":8,"damage_taken":0},{"event_name":"Duplicator","player_choice":"One dupe","floor":19,"damage_taken":0},{"event_name":"Vampires","player_choice":"Ignored","floor":21,"damage_taken":0}],"is_beta":true,"boss_relics":[{"not_picked":["Velvet Choker","Inserter"],"picked":"Orrery"}],"items_purged_floors":[],"is_endless":false,"potions_floor_spawned":[6,11,16,20],"killed_by":"Gremlin Leader","ascension_level":0}