{"gold_per_floor":[109,109,125,125,46,73,73,91,114,114,124,143,143,0,0,105,155,168,168,187,187,197,197,197],"floor_reached":24,"playtime":863,"items_purged":[],"score":221,"play_id":"10564921-3544-4e55-b6ed-e2669f9278d8","local_time":"20190406131945","is_ascension_mode":false,"campfire_choices":[{"floor":7,"key":"RECALL"},{"floor":13,"key":"REST"},{"data":"Electrodynamics","floor":15,"key":"SMITH"},{"floor":23,"key":"REST"}],"neow_cost":"NONE","seed_source_timestamp":244965787333071,"circlet_count":0,"master_deck":["Strike_B+1","Strike_B","Strike_B","Strike_B","Defend_B","Defend_B","Defend_B","Zap","Dualcast","Sunder+1","Chaos","Capacitor","Cold Snap","Electrodynamics+1","Consume","Tempest","Storm","Chaos","Echo Form","Doom and Gloom","Storm+1","Beam Cell+1","Defragment+1"],"relics":["Cracked Core","NeowsBlessing","Letter Opener","Oddly Smooth Stone","Tiny House","MutagenicStrength"],"potions_floor_usage":[24],"damage_taken":[{"damage":0,"enemies":"Jaw Worm","floor":1,"turns":1},{"damage":0,"enemies":"Cultist","floor":3,"turns":1},{"damage":0,"enemies":"3 Sentries","floor":6,"turns":1},{"damage":0,"enemies":"Small Slimes","floor":8,"turns":2},{"damage":11,"enemies":"Blue Slaver","floor":11,"turns":4},{"damage":5,"enemies":"Large Slime","floor":12,"turns":3},{"damage":14,"enemies":"The Guardian","floor":16,"turns":8},{"damage":22,"enemies":"Chosen","floor":18,"turns":5},{"damage":14,"enemies":"Spheric Guardian","floor":20,"turns":4},{"damage":38,"enemies":"Snake Plant","floor":22,"turns":4},{"damage":34,"enemies":"Shelled Parasite and Fungi","floor":24,"turns":3}],"seed_played":"-1430289149215601430","potions_obtained":[{"floor":1,"key":"Dexterity Potion"},{"floor":8,"key":"FocusPotion"},{"floor":11,"key":"LiquidBronze"}],"is_trial":false,"path_per_floor":["M","?","M","T","$","E","R","M","T","?","M","M","R","$","R","B",null,"M","?","M","?","M","R","M"],"character_chosen":"DEFECT","items_purchased":["Capacitor","Storm","Chaos"],"campfire_rested":2,"item_purchase_floors":[5,14,14],"current_hp_per_floor":[75,75,75,75,75,75,75,75,75,75,64,59,75,75,75,61,80,58,58,44,44,6,30,0],"gold":197,"neow_bonus":"THREE_ENEMY_KILL","is_prod":false,"is_daily":false,"chose_seed":false,"campfire_upgraded":1,"win_rate":0,"timestamp":1554581985,"path_taken":["M","?","?","?","?","E","R","M","T","?","M","M","R","?","R","BOSS","M","?","M","?","M","R","?"],"build_version":"2019-01-23","purchased_purges":0,"victory":false,"max_hp_per_floor":[75,75,75,75,75,75,75,75,75,75,75,75,75,75,75,75,80,80,80,80,80,80,80,80],"card_choices":[{"not_picked":["Lockon","Stack"],"picked":"Sunder","floor":1},{"not_picked":["Turbo","Coolheaded"],"picked":"Chaos","floor":3},{"not_picked":["Coolheaded","Barrage"],"picked":"Cold Snap","floor":6},{"not_picked":["Fusion","Ball Lightning"],"picked":"Electrodynamics","floor":8},{"not_picked":["Leap","Steam"],"picked":"Consume","floor":11},{"not_picked":["Chill","Hologram"],"picked":"Tempest","floor":12},{"not_picked":["Machine Learning","Meteor Strike"],"picked":"Echo Form","floor":16},{"not_picked":["Go for the Eyes","Stack"],"picked":"Doom and Gloom","floor":17},{"not_picked":["Conserve Battery","Coolheaded"],"picked":"Storm+1","floor":18},{"not_picked":["Doom and Gloom","Hologram"],"picked":"Beam Cell+1","floor":20},{"not_picked":["Loop+1","Gash+1"],"picked":"Defragment+1","floor":22}],"player_experience":491048,"relics_obtained":[{"floor":6,"key":"Letter Opener"},{"floor":9,"key":"Oddly Smooth Stone"}],"event_choices":[{"damage_healed":0,"gold_gain":0,"player_choice":"Upgraded","damage_taken":0,"max_hp_gain":0,"max_hp_loss":0,"event_name":"Upgrade Shrine","floor":2,"gold_loss":0,"cards_upgraded":["Sunder"]},{"damage_healed":0,"gold_gain":0,"player_choice":"Leave","damage_taken":0,"max_hp_gain":0,"max_hp_loss":0,"event_name":"The Cleric","floor":10,"gold_loss":0},{"damage_healed":0,"gold_gain":0,"player_choice":"Inject Mutagens","damage_taken":0,"relics_obtained":["MutagenicStrength"],"max_hp_gain":0,"max_hp_loss":0,"event_name":"Drug Dealer","floor":19,"gold_loss":0},{"cards_removed":["Defend_B"],"damage_healed":0,"gold_gain":0,"player_choice":"Purged","damage_taken":0,"max_hp_gain":0,"max_hp_loss":0,"event_name":"Purifier","floor":21,"gold_loss":0}],"is_beta":false,"boss_relics":[{"not_picked":["Cursed Key","Velvet Choker"],"picked":"Tiny House"}],"items_purged_floors":[],"is_endless":false,"potions_floor_spawned":[1,8,11],"killed_by":"Shelled Parasite and Fungi","ascension_level":0}