{"gold_per_floor":[112,112,77,77,92,123,123,143,143,163,163,133,2,12,12,88,88,106,106,132,132,101,101],"floor_reached":23,"playtime":1284,"items_purged":[],"score":312,"play_id":"d52b3c2c-9ca1-4384-a809-d3cab27f644f","local_time":"20190506215538","is_ascension_mode":true,"campfire_choices":[{"data":"Bullet Time","floor":7,"key":"SMITH"},{"floor":15,"key":"REST"}],"neow_cost":"PERCENT_DAMAGE","seed_source_timestamp":99172716098297,"circlet_count":0,"master_deck":["AscendersBane","Defend_G","Defend_G","Defend_G","Defend_G","Defend_G","Strike_G","Strike_G","Strike_G","Strike_G+1","Strike_G","Survivor","Neutralize+1","Sucker Punch","Bullet Time+1","Distraction","Sucker Punch","Accuracy+1","PiercingWail","Heel Hook","Unload","Well Laid Plans","Jack Of All Trades","Dodge and Roll","Malaise","Writhe","Predator"],"relics":["Ring of the Snake","Dead Branch","Darkstone Periapt","Bird Faced Urn","Busted Crown","Pen Nib","Bag of Preparation"],"potions_floor_usage":[16,16,23],"damage_taken":[{"damage":0,"enemies":"2 Louse","floor":1,"turns":5},{"damage":0,"enemies":"Small Slimes","floor":5,"turns":2},{"damage":7,"enemies":"Lagavulin","floor":6,"turns":4},{"damage":0,"enemies":"Cultist","floor":8,"turns":3},{"damage":9,"enemies":"Large Slime","floor":10,"turns":6},{"damage":3,"enemies":"Looter","floor":12,"turns":4},{"damage":7,"enemies":"Exordium Thugs","floor":14,"turns":5},{"damage":47,"enemies":"Slime Boss","floor":16,"turns":11},{"damage":25,"enemies":"Spheric Guardian","floor":18,"turns":6},{"damage":15,"enemies":"2 Thieves","floor":22,"turns":5},{"damage":39,"enemies":"Slavers","floor":23,"turns":4}],"seed_played":"6283384669136483772","potions_obtained":[{"floor":6,"key":"Ancient Potion"},{"floor":8,"key":"EssenceOfSteel"},{"floor":22,"key":"SpeedPotion"}],"is_trial":false,"path_per_floor":["M","?","?","?","M","E","R","M","T","M","?","M","$","M","R","B",null,"M","?","T","?","M","E"],"character_chosen":"THE_SILENT","items_purchased":["Well Laid Plans","Jack Of All Trades"],"campfire_rested":1,"item_purchase_floors":[13,13],"current_hp_per_floor":[45,31,48,48,48,41,41,41,41,34,34,35,35,34,55,12,56,37,43,43,43,34,0],"gold":101,"neow_bonus":"ONE_RARE_RELIC","is_prod":false,"is_daily":false,"chose_seed":false,"campfire_upgraded":1,"win_rate":0,"timestamp":1557204938,"path_taken":["M","?","?","?","M","E","R","M","T","?","?","M","$","M","R","BOSS","M","?","?","?","M","E"],"build_version":"2019-01-23","purchased_purges":0,"victory":false,"max_hp_per_floor":[70,70,70,70,70,70,70,70,70,70,70,70,70,70,70,70,70,70,76,76,76,76,76],"card_choices":[{"not_picked":["Eviscerate","Prepared"],"picked":"Sucker Punch","floor":1},{"not_picked":["Acrobatics","Deflect"],"picked":"Sucker Punch","floor":5},{"not_picked":["Setup","Slice"],"picked":"Accuracy","floor":6},{"not_picked":["Deflect","Slice"],"picked":"PiercingWail","floor":8},{"not_picked":["Slice","Predator"],"picked":"Heel Hook","floor":10},{"not_picked":["Slice","Heel Hook"],"picked":"Unload","floor":12},{"not_picked":["Slice","Riddle With Holes"],"picked":"Dodge and Roll","floor":14},{"not_picked":["Glass Knife","Phantasmal Killer"],"picked":"Malaise","floor":16},{"not_picked":["Sucker Punch"],"picked":"SKIP","floor":18},{"not_picked":[],"picked":"Predator","floor":22}],"player_experience":599541,"relics_obtained":[{"floor":6,"key":"Darkstone Periapt"},{"floor":9,"key":"Bird Faced Urn"},{"floor":20,"key":"Bag of Preparation"}],"event_choices":[{"damage_healed":0,"gold_gain":0,"player_choice":"Entered Light","damage_taken":14,"max_hp_gain":0,"max_hp_loss":0,"event_name":"Shining Light","floor":2,"gold_loss":0,"cards_upgraded":["Strike_G","Neutralize"]},{"damage_healed":17,"gold_gain":0,"player_choice":"Healed","damage_taken":0,"max_hp_gain":0,"max_hp_loss":0,"event_name":"The Cleric","floor":3,"gold_loss":35},{"damage_healed":0,"gold_gain":0,"player_choice":"2 cards matched","damage_taken":0,"max_hp_gain":0,"max_hp_loss":0,"event_name":"Match and Keep!","floor":4,"gold_loss":0,"cards_obtained":["Bullet Time","Distraction"]},{"damage_healed":0,"gold_gain":0,"player_choice":"Grow","damage_taken":0,"max_hp_gain":0,"max_hp_loss":0,"event_name":"Living Wall","floor":11,"gold_loss":0,"cards_upgraded":["Accuracy"]},{"damage_healed":0,"gold_gain":0,"player_choice":"Opened","damage_taken":0,"relics_obtained":["Pen Nib"],"max_hp_gain":0,"max_hp_loss":0,"event_name":"The Mausoleum","floor":19,"gold_loss":0,"cards_obtained":["Writhe"]},{"damage_healed":0,"gold_gain":0,"player_choice":"Ignored","damage_taken":0,"max_hp_gain":0,"max_hp_loss":0,"event_name":"Ghosts","floor":21,"gold_loss":0}],"is_beta":false,"boss_relics":[{"not_picked":["Pandora\u0027s Box","Black Star"],"picked":"Busted Crown"}],"items_purged_floors":[],"is_endless":false,"potions_floor_spawned":[6,8,22],"killed_by":"Slavers","ascension_level":13}