{"gold_per_floor":[109,109,121,137,153,185,185,205,205,205,205,50,50,68,68,164,164,183,199,48,248,265,300,399,399],"floor_reached":25,"playtime":1549,"items_purged":["Decay"],"score":223,"play_id":"0c48509e-04b7-489d-aac6-98181f6c77ca","local_time":"20190428123123","is_ascension_mode":false,"campfire_choices":[{"data":"Inflame","floor":7.0,"key":"SMITH"},{"data":"Armaments","floor":10.0,"key":"SMITH"},{"data":"Berserk","floor":15.0,"key":"SMITH"}],"neow_cost":"NONE","seed_source_timestamp":0,"circlet_count":0,"master_deck":["Strike_R","Strike_R","Strike_R","Strike_R","Defend_R","Defend_R","Defend_R","Defend_R","Iron Wave","Melter","Inflame+1","Dropkick","Thunderclap","Iron Wave","Armaments+1","Berserk+1","Shrug It Off","Double Tap","Sword Boomerang","Cleave","Spot Weakness","Sword Boomerang","Searing Blow"],"special_seed":0,"relics":["Burning Blood","Magic Flower","Oddly Smooth Stone","Eternal Feather","Orichalcum"],"potions_floor_usage":[25],"damage_taken":[{"damage":6.0,"enemies":"2 Louse","floor":1.0,"turns":2.0},{"damage":1.0,"enemies":"Cultist","floor":3.0,"turns":3.0},{"damage":7.0,"enemies":"Small Slimes","floor":4.0,"turns":3.0},{"damage":6.0,"enemies":"Exordium Wildlife","floor":5.0,"turns":5.0},{"damage":29.0,"enemies":"Gremlin Nob","floor":6.0,"turns":5.0},{"damage":27.0,"enemies":"Gremlin Gang","floor":8.0,"turns":5.0},{"damage":12.0,"enemies":"Blue Slaver","floor":14.0,"turns":3.0},{"damage":27.0,"enemies":"Slime Boss","floor":16.0,"turns":9.0},{"damage":31.0,"enemies":"Shell Parasite","floor":18.0,"turns":7.0},{"damage":0.0,"enemies":"Spheric Guardian","floor":19.0,"turns":3.0},{"damage":40.0,"enemies":"3 Cultists","floor":22.0,"turns":5.0},{"damage":41.0,"enemies":"Slavers","floor":23.0,"turns":6.0},{"damage":27,"enemies":"Snecko","floor":25,"turns":4}],"seed_played":"5572169361951568069","potions_obtained":[{"floor":5.0,"key":"Fire Potion"},{"floor":6.0,"key":"Ancient Potion"},{"floor":8.0,"key":"SkillPotion"},{"floor":18.0,"key":"Fire Potion"},{"floor":19.0,"key":"Swift Potion"},{"floor":23.0,"key":"Ancient Potion"}],"is_trial":false,"path_per_floor":["M","?","M","M","M","E","R","M","T","R","?","$","?","M","R","B",null,"M","M","$","?","M","E","?","M"],"character_chosen":"IRONCLAD","items_purchased":["Oddly Smooth Stone","Spot Weakness"],"campfire_rested":0,"item_purchase_floors":[12,20],"current_hp_per_floor":[88,88,88,87,87,64,64,46,46,46,46,46,46,43,43,25,88,66,75,75,75,44,12,12,0],"gold":399,"neow_bonus":"TEN_PERCENT_HP_BONUS","is_prod":false,"is_daily":false,"chose_seed":false,"campfire_upgraded":3,"win_rate":0,"timestamp":1556472683,"path_taken":["M","?","M","M","M","E","R","?","T","R","?","$","?","M","R","BOSS","M","?","$","?","?","E","?","M"],"build_version":"2019-01-23","purchased_purges":1,"victory":false,"max_hp_per_floor":[88,88,88,88,88,88,88,88,88,88,88,88,88,88,88,88,88,88,88,88,88,88,88,88,88],"card_choices":[{"not_picked":["Sword Boomerang","Reckless Charge"],"picked":"Iron Wave","floor":1.0},{"not_picked":["Infernal Blade","Seeing Red"],"picked":"Inflame","floor":3.0},{"not_picked":["Sword Boomerang","Headbutt"],"picked":"Dropkick","floor":4.0},{"not_picked":["Rampage","Intimidate"],"picked":"Thunderclap","floor":5.0},{"not_picked":["Heavy Blade","Havoc"],"picked":"Iron Wave","floor":6.0},{"not_picked":["Havoc","Twin Strike"],"picked":"Armaments","floor":8.0},{"not_picked":["Evolve","Hemokinesis"],"picked":"Shrug It Off","floor":14.0},{"not_picked":["Reaper","Fiend Fire"],"picked":"Double Tap","floor":16.0},{"not_picked":["Armaments+1","Headbutt"],"picked":"Sword Boomerang","floor":18.0},{"not_picked":["True Grit+1","Clothesline"],"picked":"Cleave","floor":19.0},{"not_picked":["Burning Pact","True Grit+1"],"picked":"Sword Boomerang","floor":22.0},{"not_picked":["Bloodletting+1","Heavy Blade"],"picked":"Searing Blow","floor":23.0}],"player_experience":242338,"relics_obtained":[{"floor":6.0,"key":"Magic Flower"},{"floor":23.0,"key":"Orichalcum"}],"event_choices":[{"cards_removed":["Bash"],"damage_healed":0.0,"max_hp_gain":0.0,"max_hp_loss":0.0,"gold_gain":0.0,"event_name":"NoteForYourself","player_choice":"Took Card","floor":2.0,"gold_loss":0.0,"damage_taken":0.0,"cards_obtained":["Melter"]},{"damage_healed":0.0,"max_hp_gain":0.0,"max_hp_loss":0.0,"gold_gain":0.0,"cards_transformed":["Strike_R"],"event_name":"Living Wall","player_choice":"Change","floor":11.0,"gold_loss":0.0,"damage_taken":0.0,"cards_obtained":["Berserk"]},{"damage_healed":0.0,"max_hp_gain":0.0,"max_hp_loss":0.0,"gold_gain":0.0,"event_name":"Wheel of Change","player_choice":"Cursed","floor":13.0,"gold_loss":0.0,"damage_taken":0.0,"cards_obtained":["Decay"]},{"damage_healed":0.0,"max_hp_gain":0.0,"max_hp_loss":0.0,"gold_gain":200.0,"event_name":"Wheel of Change","player_choice":"Gold","floor":21.0,"gold_loss":0.0,"damage_taken":0.0},{"damage_healed":0.0,"max_hp_gain":0.0,"max_hp_loss":0.0,"gold_gain":99.0,"event_name":"Nest","player_choice":"Stole From Cult","floor":24.0,"gold_loss":0.0,"damage_taken":0.0}],"is_beta":false,"boss_relics":[{"not_picked":["Runic Dome","Philosopher\u0027s Stone"],"picked":"Eternal Feather"}],"items_purged_floors":[20],"is_endless":false,"potions_floor_spawned":[5,6,8,18,19,23],"killed_by":"Snecko","ascension_level":0}