{"gold_per_floor":[110,35,35,35,53,53,65,140,140,159,177,77,95,117,117,117],"floor_reached":16,"playtime":623,"items_purged":["Strike_R","Strike_R"],"score":92,"play_id":"bcc42609-70ee-4e4d-8d0a-127464a0a62c","local_time":"20190413213243","is_ascension_mode":false,"campfire_choices":[{"data":"Bash","floor":6,"key":"SMITH"},{"floor":15,"key":"REST"}],"neow_cost":"NONE","seed_source_timestamp":259853090043900,"circlet_count":0,"master_deck":["Strike_R","Strike_R","Defend_R","Defend_R","Defend_R","Bash+1","Fiend Fire","Anger"],"relics":["Burning Blood","Question Card","Juzu Bracelet","Odd Mushroom"],"potions_floor_usage":[14,16,16],"damage_taken":[{"damage":2,"enemies":"2 Louse","floor":1,"turns":2},{"damage":5,"enemies":"Small Slimes","floor":5,"turns":3},{"damage":11,"enemies":"Jaw Worm","floor":7,"turns":3},{"damage":5,"enemies":"Looter","floor":10,"turns":2},{"damage":15,"enemies":"Exordium Wildlife","floor":11,"turns":4},{"damage":7,"enemies":"2 Fungi Beasts","floor":13,"turns":3},{"damage":11,"enemies":"The Mushroom Lair","floor":14,"turns":3},{"damage":73,"enemies":"Slime Boss","floor":16,"turns":10}],"seed_played":"-4640706838073209413","potions_obtained":[{"floor":1,"key":"Weak Potion"},{"floor":11,"key":"Fire Potion"},{"floor":14,"key":"GamblersBrew"}],"is_trial":false,"path_per_floor":["M","$","?","?","M","R","M","?","T","M","M","$","M","?","R","B"],"character_chosen":"IRONCLAD","items_purchased":[],"campfire_rested":1,"item_purchase_floors":[],"current_hp_per_floor":[80,80,73,66,67,67,62,51,51,52,43,43,42,37,61,0],"gold":117,"neow_bonus":"TRANSFORM_CARD","is_prod":false,"is_daily":false,"chose_seed":false,"campfire_upgraded":1,"win_rate":0,"timestamp":1555205563,"path_taken":["M","$","?","?","M","R","M","?","T","M","M","$","M","?","R","BOSS"],"build_version":"2019-01-23","purchased_purges":2,"victory":false,"max_hp_per_floor":[80,80,80,80,80,80,80,80,80,80,80,80,80,80,80,80],"card_choices":[{"not_picked":["Intimidate","Shrug It Off","Warcry"],"picked":"SKIP","floor":1},{"not_picked":["Perfected Strike","Spot Weakness","Sword Boomerang","Pommel Strike"],"picked":"SKIP","floor":5},{"not_picked":["Perfected Strike","Fire Breathing","Second Wind"],"picked":"Anger","floor":7},{"not_picked":["Berserk","Wild Strike","Heavy Blade","Metallicize"],"picked":"SKIP","floor":10},{"not_picked":["Disarm","Headbutt","Inflame","Anger"],"picked":"SKIP","floor":11},{"not_picked":["Combust","Clothesline","Body Slam","Shrug It Off"],"picked":"SKIP","floor":13}],"player_experience":327947,"relics_obtained":[{"floor":9,"key":"Juzu Bracelet"},{"floor":14,"key":"Odd Mushroom"}],"event_choices":[{"damage_healed":0,"gold_gain":0,"player_choice":"Success","damage_taken":7,"relics_obtained":["Question Card"],"max_hp_gain":0,"max_hp_loss":0,"event_name":"Scrap Ooze","floor":3,"gold_loss":0},{"cards_removed":["Defend_R"],"damage_healed":0,"gold_gain":0,"player_choice":"Card Removal","damage_taken":7,"max_hp_gain":0,"max_hp_loss":0,"event_name":"Golden Wing","floor":4,"gold_loss":0},{"damage_healed":0,"gold_gain":75,"player_choice":"Gather Gold","damage_taken":11,"max_hp_gain":0,"max_hp_loss":0,"event_name":"World of Goop","floor":8,"gold_loss":0},{"damage_healed":0,"gold_gain":0,"player_choice":"Fought Mushrooms","damage_taken":0,"max_hp_gain":0,"max_hp_loss":0,"event_name":"Mushrooms","floor":14,"gold_loss":0}],"is_beta":false,"boss_relics":[],"items_purged_floors":[2,12],"is_endless":false,"potions_floor_spawned":[1,11,14],"killed_by":"Slime Boss","ascension_level":0}