{"gold_per_floor":[215,227,246,101,118,118,147,147,147,147,180,180,180,160,160,265,265,276,287,315,328,122,122,148,148,148,175,26,26,55,71,71,71],"floor_reached":33,"playtime":2408,"items_purged":[],"score":327,"play_id":"b9313683-ba5e-4d2f-8635-352deb17f44a","local_time":"20180808232457","is_ascension_mode":true,"campfire_choices":[{"data":"Bloodletting","floor":6.0,"key":"SMITH"},{"floor":8.0,"key":"REST"},{"floor":10.0,"key":"REST"},{"data":"Fire Breathing","floor":12.0,"key":"SMITH"},{"data":"Entrench","floor":15.0,"key":"SMITH"},{"data":"Thunderclap","floor":23,"key":"SMITH"},{"floor":25,"key":"REST"},{"floor":29,"key":"REST"},{"floor":32,"key":"REST"}],"neow_cost":"NONE","seed_source_timestamp":0,"circlet_count":0,"master_deck":["Strike_R","Strike_R","Strike_R","Strike_R","Strike_R","Defend_R","Defend_R","Defend_R","Defend_R","Bash","Bloodletting+1","Uppercut","Iron Wave","Entrench+1","Pommel Strike+1","Fire Breathing+1","Double Tap","Thunderclap+1","Battle Trance+1","Clothesline","Shrug It Off","Flame Barrier","Metallicize+1"],"special_seed":0,"relics":["Burning Blood","Omamori","Happy Flower","Oddly Smooth Stone","Mercury Hourglass","Black Star","Red Mask","HandDrill","Unceasing Top","Gambling Chip","Singing Bowl","Dodecahedron","Ornamental Fan","Orichalcum","Pear","Bottled Flame"],"potions_floor_usage":[20,20,27,27,33],"damage_taken":[{"damage":1.0,"enemies":"Cultist","floor":1.0,"turns":3.0},{"damage":5.0,"enemies":"Small Slimes","floor":2.0,"turns":4.0},{"damage":6.0,"enemies":"Jaw Worm","floor":3.0,"turns":3.0},{"damage":5.0,"enemies":"Looter","floor":5.0,"turns":4.0},{"damage":47.0,"enemies":"Lagavulin","floor":7.0,"turns":7.0},{"damage":11.0,"enemies":"Gremlin Nob","floor":11.0,"turns":3.0},{"damage":37.0,"enemies":"Hexaghost","floor":16.0,"turns":8.0},{"damage":3,"enemies":"Spheric Guardian","floor":18,"turns":3},{"damage":3,"enemies":"Chosen","floor":19,"turns":4},{"damage":3,"floor":20,"turns":2},{"damage":11,"enemies":"Snecko","floor":21,"turns":5},{"damage":42,"enemies":"Gremlin Leader","floor":24,"turns":6},{"damage":46,"enemies":"Book of Stabbing","floor":27,"turns":6},{"damage":37,"enemies":"Gremlin Leader","floor":30,"turns":7},{"damage":7,"enemies":"Snake Plant","floor":31,"turns":5},{"damage":63,"enemies":"Champ","floor":33,"turns":17}],"seed_played":"4017833602580024765","potions_obtained":[{"floor":5.0,"key":"Energy Potion"},{"floor":7.0,"key":"Strength Potion"},{"floor":11.0,"key":"SteroidPotion"},{"floor":14.0,"key":"EssenceOfSteel"},{"floor":19,"key":"Strength Potion"},{"floor":20,"key":"SteroidPotion"},{"floor":24,"key":"Dexterity Potion"},{"floor":30,"key":"Weak Potion"}],"is_trial":false,"path_per_floor":["M","M","M","$","M","R","E","R","T","R","E","R","?","?","R","B",null,"M","M","?","M","$","R","E","R","T","E","$","R","E","M","R"],"character_chosen":"IRONCLAD","items_purchased":["Omamori","HandDrill","Orichalcum"],"campfire_rested":5,"item_purchase_floors":[4,22,28],"current_hp_per_floor":[80,80,80,80,80,80,39,63,63,80,75,75,75,75,75,44,80,80,80,80,75,75,75,39,63,63,23,23,47,28,29,57,0],"gold":71,"neow_bonus":"HUNDRED_GOLD","is_prod":false,"is_daily":false,"chose_seed":false,"campfire_upgraded":4,"win_rate":0,"timestamp":1533763497,"path_taken":["M","?","M","$","M","R","E","R","T","R","E","R","?","?","R","BOSS","M","M","?","?","$","R","E","R","T","E","$","R","E","M","R","BOSS"],"build_version":"2018-08-02","purchased_purges":0,"victory":false,"max_hp_per_floor":[80,80,80,80,80,80,80,80,80,80,80,80,80,80,80,80,80,80,80,80,80,80,80,80,80,80,80,80,80,92,94,94,94],"card_choices":[{"not_picked":["Sword Boomerang","Body Slam"],"picked":"Bloodletting","floor":1.0},{"not_picked":["Warcry","Flex"],"picked":"Uppercut","floor":2.0},{"not_picked":["Anger","True Grit"],"picked":"Iron Wave","floor":3.0},{"not_picked":["Warcry","Anger"],"picked":"Entrench","floor":5.0},{"not_picked":["Sentinel","Warcry"],"picked":"Pommel Strike","floor":7.0},{"not_picked":["Dual Wield","Fiend Fire"],"picked":"Fire Breathing","floor":11.0},{"not_picked":["Immolate","Limit Break"],"picked":"Double Tap","floor":16.0},{"not_picked":["Metallicize","Heavy Blade"],"picked":"Thunderclap","floor":18},{"not_picked":["Wild Strike","Perfected Strike+1"],"picked":"Battle Trance+1","floor":19},{"not_picked":["Flex","True Grit"],"picked":"Clothesline","floor":20},{"not_picked":["Entrench","Pummel"],"picked":"Shrug It Off","floor":21},{"not_picked":["Searing Blow","Barricade"],"picked":"Flame Barrier","floor":24},{"not_picked":["Demon Form","Perfected Strike"],"picked":"Metallicize+1","floor":27},{"not_picked":["Pommel Strike","Corruption","Havoc"],"picked":"Singing Bowl","floor":30},{"not_picked":["True Grit","Iron Wave","Armaments+1"],"picked":"Singing Bowl","floor":31}],"player_experience":148418,"relics_obtained":[{"floor":7.0,"key":"Happy Flower"},{"floor":9.0,"key":"Oddly Smooth Stone"},{"floor":11.0,"key":"Mercury Hourglass"},{"floor":20,"key":"Red Mask"},{"floor":24,"key":"Unceasing Top"},{"floor":24,"key":"Gambling Chip"},{"floor":26,"key":"Singing Bowl"},{"floor":27,"key":"Dodecahedron"},{"floor":27,"key":"Ornamental Fan"},{"floor":30,"key":"Pear"},{"floor":30,"key":"Bottled Flame"}],"event_choices":[{"event_name":"Living Wall","player_choice":"Grow","floor":13.0,"damage_taken":0.0},{"event_name":"The Woman in Blue","player_choice":"Bought 1 Potion","floor":14.0,"damage_taken":0.0},{"event_name":"Masked Bandits","player_choice":"Fought over 287 gold","floor":20,"damage_taken":0}],"is_beta":false,"boss_relics":[{"not_picked":["Busted Crown","Astrolabe"],"picked":"Black Star"}],"items_purged_floors":[],"is_endless":false,"potions_floor_spawned":[5,7,11,19,20,24,30],"killed_by":"Champ","ascension_level":1}