{"gold_per_floor":[114,114,114,129,129,159,159,189,214,229,4,34,34,64,64,164,164,179,179,179,104,104,104],"floor_reached":23,"playtime":1461,"items_purged":["Strike_R"],"score":213,"play_id":"dbf01602-7b1f-47fb-8d45-3833875a29b1","local_time":"20190503100048","daily_mods":["Heirloom","Flight","Elite Swarm"],"is_ascension_mode":false,"campfire_choices":[{"floor":7,"key":"REST"},{"floor":13,"key":"REST"},{"floor":15,"key":"REST"}],"neow_cost":"","seed_source_timestamp":0,"circlet_count":0,"master_deck":["Strike_R+1","Strike_R+1","Defend_R","Defend_R","Defend_R","Bash","Uppercut","Searing Blow","Flash of Steel","Armaments","Demon Form","Demon Form","Demon Form","Feed","J.A.X."],"special_seed":18019,"relics":["Burning Blood","Thread and Needle","Meat on the Bone","Boot","Regal Pillow","Orichalcum","Paper Frog","Du-Vu Doll","Empty Cage","The Courier"],"potions_floor_usage":[6,16,23],"damage_taken":[{"damage":2,"enemies":"Jaw Worm","floor":1,"turns":3},{"damage":2,"enemies":"2 Louse","floor":4,"turns":2},{"damage":17,"enemies":"3 Sentries","floor":6,"turns":7},{"damage":25,"enemies":"Gremlin Nob","floor":8,"turns":5},{"damage":0,"enemies":"Cultist","floor":10,"turns":4},{"damage":12,"enemies":"Lagavulin","floor":12,"turns":6},{"damage":28,"enemies":"3 Sentries","floor":14,"turns":8},{"damage":25,"enemies":"Slime Boss","floor":16,"turns":5},{"damage":2,"enemies":"Chosen","floor":18,"turns":5},{"damage":66,"enemies":"Gremlin Leader","floor":23,"turns":7}],"seed_played":"-420758477785995413","potions_obtained":[{"floor":1,"key":"SpeedPotion"},{"floor":4,"key":"SkillPotion"},{"floor":8,"key":"SteroidPotion"},{"floor":18,"key":"Weak Potion"}],"is_trial":false,"path_per_floor":["M","?","?","M","?","E","R","E","T","M","$","E","R","E","R","B",null,"M","?","?","?","?","E"],"character_chosen":"IRONCLAD","items_purchased":["Orichalcum"],"campfire_rested":3,"item_purchase_floors":[11],"current_hp_per_floor":[80,64,64,68,80,69,80,61,61,67,67,61,80,58,80,61,80,80,80,65,65,65,0],"gold":104,"neow_bonus":"","is_prod":false,"is_daily":true,"chose_seed":false,"campfire_upgraded":0,"win_rate":0,"timestamp":1556892048,"path_taken":["M","?","?","?","?","E","R","E","T","?","$","E","R","E","R","BOSS","M","?","?","?","?","E"],"build_version":"2019-01-23","purchased_purges":1,"victory":false,"max_hp_per_floor":[80,80,80,80,80,80,80,80,80,80,80,80,80,80,80,80,80,80,80,85,85,85,85],"card_choices":[{"not_picked":["Sentinel","Sever Soul"],"picked":"Uppercut","floor":1},{"not_picked":["Iron Wave","Second Wind"],"picked":"Armaments","floor":4},{"not_picked":["Offering","Brutality"],"picked":"Demon Form","floor":6},{"not_picked":["Feed","Juggernaut"],"picked":"Demon Form","floor":8},{"not_picked":["Bloodletting","Cleave","Sentinel"],"picked":"SKIP","floor":10},{"not_picked":["Fiend Fire","Brutality","Berserk"],"picked":"SKIP","floor":12},{"not_picked":["Feed","Offering"],"picked":"Demon Form","floor":14},{"not_picked":["Brutality","Dark Embrace"],"picked":"Feed","floor":16},{"not_picked":["Feel No Pain+1","Disarm","Anger+1"],"picked":"SKIP","floor":18}],"player_experience":75030,"relics_obtained":[{"floor":6,"key":"Meat on the Bone"},{"floor":8,"key":"Boot"},{"floor":9,"key":"Regal Pillow"},{"floor":12,"key":"Paper Frog"},{"floor":14,"key":"Du-Vu Doll"}],"event_choices":[{"damage_healed":0,"gold_gain":0,"player_choice":"Entered Light","damage_taken":16,"max_hp_gain":0,"max_hp_loss":0,"event_name":"Shining Light","floor":2,"gold_loss":0,"cards_upgraded":["Strike_R","Strike_R"]},{"damage_healed":0,"gold_gain":0,"player_choice":"2 cards matched","damage_taken":0,"max_hp_gain":0,"max_hp_loss":0,"event_name":"Match and Keep!","floor":3,"gold_loss":0,"cards_obtained":["Searing Blow","Flash of Steel"]},{"damage_healed":12,"gold_gain":0,"player_choice":"Full Heal","damage_taken":0,"max_hp_gain":0,"max_hp_loss":0,"event_name":"Wheel of Change","floor":5,"gold_loss":0},{"damage_healed":0,"gold_gain":0,"player_choice":"Obtain J.A.X.","damage_taken":0,"max_hp_gain":0,"max_hp_loss":0,"event_name":"Drug Dealer","floor":19,"gold_loss":0,"cards_obtained":["J.A.X."]},{"damage_healed":0,"gold_gain":0,"player_choice":"Shed Blood","damage_taken":20,"max_hp_gain":5,"max_hp_loss":0,"event_name":"Forgotten Altar","floor":20,"gold_loss":0},{"cards_removed":["Defend_R"],"damage_healed":0,"gold_gain":0,"player_choice":"Gave Gold","damage_taken":0,"max_hp_gain":0,"max_hp_loss":0,"event_name":"Beggar","floor":21,"gold_loss":75},{"damage_healed":0,"gold_gain":0,"player_choice":"Opened","damage_taken":0,"relics_obtained":["The Courier"],"max_hp_gain":0,"max_hp_loss":0,"event_name":"The Mausoleum","floor":22,"gold_loss":0}],"is_beta":false,"boss_relics":[{"not_picked":["Lizard Tail","Fusion Hammer"],"picked":"Empty Cage"}],"items_purged_floors":[11],"is_endless":false,"potions_floor_spawned":[1,4,8,18],"killed_by":"Gremlin Leader","ascension_level":0}