{"gold_per_floor":[210,210,20,37,56,86,104,104,104,104,54,72,72,83,83,179,179,179,10,0,0,0,0,0,0,0,0,0,0,0,0,0,0],"floor_reached":33,"playtime":1550,"items_purged":[],"score":407,"play_id":"ff95eda7-8658-4daa-b6ce-e9a549191adf","local_time":"20190403125346","is_ascension_mode":true,"campfire_choices":[{"floor":8.0,"key":"REST"},{"data":"Neutralize","floor":10.0,"key":"SMITH"},{"data":"Footwork","floor":13.0,"key":"SMITH"},{"data":"Prepared","floor":15.0,"key":"SMITH"},{"floor":23.0,"key":"REST"},{"floor":25,"key":"REST"},{"floor":27,"key":"REST"},{"floor":32,"key":"REST"}],"neow_cost":"NONE","seed_source_timestamp":0,"circlet_count":0,"master_deck":["AscendersBane","Defend_G","Defend_G","Defend_G","Defend_G","Defend_G","Strike_G","Strike_G","Strike_G","Strike_G","Strike_G","Survivor","Neutralize+1","Footwork+1","Flying Knee","Poisoned Stab","Escape Plan","Prepared+1","Dagger Throw","Well Laid Plans","Terror","Corpse Explosion","Poisoned Stab","Dramatic Entrance","Bouncing Flask","Crippling Poison","Deadly Poison","Poisoned Stab+1","Footwork","Bane","Cloak And Dagger","Tactician+1"],"special_seed":0,"relics":["Ring of the Snake","Paper Crane","Bag of Marbles","Orichalcum","Blue Candle","Ectoplasm","Potion Belt","Shuriken"],"potions_floor_usage":[33,33],"damage_taken":[{"damage":0.0,"enemies":"Cultist","floor":1.0,"turns":4.0},{"damage":1.0,"enemies":"Small Slimes","floor":4.0,"turns":3.0},{"damage":5.0,"enemies":"Jaw Worm","floor":5.0,"turns":4.0},{"damage":24.0,"enemies":"3 Sentries","floor":6.0,"turns":10.0},{"damage":4.0,"enemies":"Blue Slaver","floor":7.0,"turns":4.0},{"damage":4.0,"enemies":"Looter","floor":12.0,"turns":3.0},{"damage":8.0,"enemies":"Red Slaver","floor":14.0,"turns":5.0},{"damage":7.0,"enemies":"Hexaghost","floor":16.0,"turns":10.0},{"damage":0.0,"enemies":"3 Byrds","floor":18.0,"turns":3.0},{"damage":16.0,"enemies":"2 Thieves","floor":20.0,"turns":2.0},{"damage":1.0,"enemies":"3 Cultists","floor":21.0,"turns":2.0},{"damage":17.0,"enemies":"Centurion and Healer","floor":22.0,"turns":5.0},{"damage":30.0,"enemies":"Book of Stabbing","floor":24.0,"turns":5.0},{"damage":4,"enemies":"Chosen and Byrds","floor":29,"turns":5},{"damage":21,"enemies":"Snake Plant","floor":30,"turns":4},{"damage":23,"enemies":"Shelled Parasite and Fungi","floor":31,"turns":5},{"damage":71,"enemies":"Champ","floor":33,"turns":8}],"seed_played":"875372095477156126","potions_obtained":[{"floor":1.0,"key":"EntropicBrew"},{"floor":12.0,"key":"PowerPotion"},{"floor":16.0,"key":"EssenceOfSteel"},{"floor":22.0,"key":"FairyPotion"},{"floor":29,"key":"GamblersBrew"},{"floor":31,"key":"AttackPotion"}],"is_trial":false,"path_per_floor":["M","?","$","M","M","E","M","R","T","R","?","M","R","M","R","B",null,"M","$","M","M","M","R","E","R","T","R","?","M","M","M","R","B"],"character_chosen":"THE_SILENT","items_purchased":["Bag of Marbles","Flying Knee","Dramatic Entrance","Bouncing Flask"],"campfire_rested":5,"item_purchase_floors":[3,3,19,19],"current_hp_per_floor":[63,63,63,62,57,33,29,50,50,50,50,46,46,38,38,31,60,60,60,44,43,26,47,17,38,38,59,59,55,34,11,32,0],"gold":0,"neow_bonus":"HUNDRED_GOLD","is_prod":false,"is_daily":false,"chose_seed":false,"campfire_upgraded":3,"win_rate":0,"timestamp":1554321226,"path_taken":["M","?","$","M","M","E","M","R","T","R","?","M","R","M","R","BOSS","M","$","M","M","M","R","E","R","T","R","?","M","?","M","R","BOSS"],"build_version":"2019-01-23","purchased_purges":0,"victory":false,"max_hp_per_floor":[70,70,70,70,70,70,70,70,70,70,70,70,70,70,70,70,70,70,70,70,70,70,70,70,70,70,70,70,70,70,70,70,70],"card_choices":[{"not_picked":["Terror","Bane"],"picked":"Footwork","floor":1.0},{"not_picked":["Catalyst","Caltrops"],"picked":"Poisoned Stab","floor":4.0},{"not_picked":["Cloak And Dagger","Outmaneuver"],"picked":"Escape Plan","floor":5.0},{"not_picked":["Quick Slash","Grand Finale"],"picked":"Prepared","floor":6.0},{"not_picked":["Underhanded Strike","Backflip"],"picked":"Dagger Throw","floor":7.0},{"not_picked":["PiercingWail","Caltrops"],"picked":"Well Laid Plans","floor":12.0},{"not_picked":["Dagger Spray","Blade Dance"],"picked":"Terror","floor":14.0},{"not_picked":["After Image","Phantasmal Killer"],"picked":"Corpse Explosion","floor":16.0},{"not_picked":["Slice","Flying Knee+1"],"picked":"Poisoned Stab","floor":18.0},{"not_picked":["Finisher","Cloak And Dagger+1"],"picked":"Crippling Poison","floor":20.0},{"not_picked":["Endless Agony","Prepared"],"picked":"Deadly Poison","floor":21.0},{"not_picked":["Acrobatics","Dagger Spray"],"picked":"Poisoned Stab+1","floor":22.0},{"not_picked":["Caltrops","All Out Attack+1"],"picked":"Footwork","floor":24},{"not_picked":["Acrobatics+1","Phantasmal Killer"],"picked":"Bane","floor":29},{"not_picked":["Flechettes","Heel Hook"],"picked":"Cloak And Dagger","floor":30},{"not_picked":["Bane","All Out Attack"],"picked":"Tactician+1","floor":31}],"player_experience":509264,"relics_obtained":[{"floor":6.0,"key":"Orichalcum"},{"floor":9.0,"key":"Blue Candle"},{"floor":24,"key":"Potion Belt"},{"floor":26,"key":"Shuriken"}],"event_choices":[{"damage_healed":0.0,"max_hp_gain":0.0,"max_hp_loss":0.0,"gold_gain":0.0,"event_name":"Big Fish","player_choice":"Box","floor":2.0,"gold_loss":0.0,"damage_taken":0.0,"relics_obtained":["Paper Crane"],"cards_obtained":["Regret"]},{"cards_removed":["Regret"],"damage_healed":0.0,"max_hp_gain":0.0,"max_hp_loss":0.0,"gold_gain":0.0,"event_name":"The Cleric","player_choice":"Card Removal","floor":11.0,"gold_loss":50.0,"damage_taken":0.0},{"damage_healed":0,"gold_gain":100,"player_choice":"Pray","damage_taken":0,"max_hp_gain":0,"max_hp_loss":0,"event_name":"Golden Shrine","floor":28,"gold_loss":0}],"is_beta":false,"boss_relics":[{"not_picked":["HoveringKite","Coffee Dripper"],"picked":"Ectoplasm"}],"items_purged_floors":[],"is_endless":false,"potions_floor_spawned":[1,12,16,22,29,31],"killed_by":"Champ","ascension_level":10}