{"gold_per_floor":[112,112,37,2,177,206,220,220,246,246,261,278,278,309,309,309],"floor_reached":16,"playtime":333,"items_purged":["Regret"],"score":108,"play_id":"4457a2fa-c5a0-4c18-b93e-a7447d9df846","local_time":"20181101012311","is_ascension_mode":false,"campfire_choices":[{"data":"White Noise","floor":8,"key":"SMITH"},{"data":"Electrodynamics","floor":10,"key":"SMITH"},{"floor":15,"key":"REST"}],"neow_cost":"NONE","seed_source_timestamp":111117374278226,"circlet_count":0,"master_deck":["Strike_B","Strike_B","Strike_B+1","Strike_B","Defend_B+1","Defend_B","Defend_B","Defend_B","Zap","Dualcast","Electrodynamics+1","Reinforced Body","Doubt","White Noise+1","Self Repair","Loop"],"relics":["Cracked Core","Oddly Smooth Stone","Matryoshka","DataDisk","Dream Catcher","Symbiotic Virus"],"potions_floor_usage":[6,14],"damage_taken":[{"damage":6,"enemies":"Jaw Worm","floor":1,"turns":3},{"damage":25,"enemies":"Gremlin Nob","floor":6,"turns":5},{"damage":0,"enemies":"Small Slimes","floor":7,"turns":2},{"damage":0,"enemies":"2 Louse","floor":11,"turns":3},{"damage":6,"enemies":"Exordium Thugs","floor":12,"turns":3},{"damage":6,"enemies":"3 Sentries","floor":14,"turns":3},{"damage":54,"enemies":"Hexaghost","floor":16,"turns":8}],"seed_played":"-118897818070996399","potions_obtained":[{"floor":1,"key":"Block Potion"},{"floor":7,"key":"EssenceOfSteel"},{"floor":12,"key":"SmokeBomb"}],"is_trial":false,"path_per_floor":["M","?","$","?","?","E","M","R","T","R","M","M","?","E","R","B"],"character_chosen":"DEFECT","items_purchased":[],"campfire_rested":1,"item_purchase_floors":[],"current_hp_per_floor":[69,69,69,75,75,50,50,50,50,50,50,44,29,30,52,0],"gold":309,"neow_bonus":"ONE_RANDOM_RARE_CARD","is_prod":false,"is_daily":false,"chose_seed":false,"campfire_upgraded":2,"win_rate":0,"timestamp":1541031791,"path_taken":["M","?","$","?","?","E","M","R","T","R","?","M","?","E","R","BOSS"],"build_version":"2018-10-30","purchased_purges":1,"victory":false,"max_hp_per_floor":[75,75,75,75,75,75,75,75,75,75,75,75,75,75,75,75],"card_choices":[{"not_picked":["Turbo","Glacier"],"picked":"Reinforced Body","floor":1},{"not_picked":["Barrage","Hologram"],"picked":"White Noise","floor":6},{"not_picked":["Gash","Turbo","Lockon"],"picked":"SKIP","floor":7},{"not_picked":["Sweeping Beam","Heatsinks","Doom and Gloom"],"picked":"SKIP","floor":11},{"not_picked":["Redo","Barrage"],"picked":"Self Repair","floor":12},{"not_picked":["All For One","Turbo","Beam Cell"],"picked":"SKIP","floor":14},{"not_picked":["Capacitor","Steam"],"picked":"Loop","floor":15}],"player_experience":187104,"relics_obtained":[{"floor":6,"key":"Matryoshka"},{"floor":9,"key":"DataDisk"},{"floor":9,"key":"Dream Catcher"},{"floor":14,"key":"Symbiotic Virus"}],"event_choices":[{"damage_healed":0,"gold_gain":0,"player_choice":"Box","damage_taken":0,"relics_obtained":["Oddly Smooth Stone"],"max_hp_gain":0,"max_hp_loss":0,"event_name":"Big Fish","floor":2,"gold_loss":0,"cards_obtained":["Regret"]},{"damage_healed":18,"gold_gain":0,"player_choice":"Healed","damage_taken":0,"max_hp_gain":0,"max_hp_loss":0,"event_name":"The Cleric","floor":4,"gold_loss":35},{"damage_healed":0,"gold_gain":175,"player_choice":"AGREE","damage_taken":0,"max_hp_gain":0,"max_hp_loss":0,"event_name":"Liars Game","floor":5,"gold_loss":0,"cards_obtained":["Doubt"]},{"damage_healed":0,"gold_gain":0,"player_choice":"Entered Light","damage_taken":15,"max_hp_gain":0,"max_hp_loss":0,"event_name":"Shining Light","floor":13,"gold_loss":0,"cards_upgraded":["Strike_B","Defend_B"]}],"is_beta":true,"boss_relics":[],"items_purged_floors":[3],"is_endless":false,"potions_floor_spawned":[1,7,12],"killed_by":"Hexaghost","ascension_level":0}