{"gold_per_floor":[115,127,144,144,144,144,144,180,180,180,180,205,205,239,239,358,358,382,382,13,13,13],"floor_reached":22,"playtime":976,"items_purged":[],"score":247,"play_id":"a421b159-d8da-4311-b384-0b82173744b7","local_time":"20190403202902","is_ascension_mode":true,"campfire_choices":[{"floor":7.0,"key":"REST"},{"floor":11.0,"key":"REST"},{"data":"Zap","floor":15.0,"key":"SMITH"}],"neow_cost":"NONE","seed_source_timestamp":0,"circlet_count":0,"master_deck":["Strike_B","Strike_B","Strike_B","Strike_B","Defend_B","Defend_B","Defend_B","Defend_B","Zap+1","Dualcast","Ball Lightning","Cold Snap","Static Discharge+1","Core Surge","Heatsinks","Reboot","Creative AI","Shame","Decay","Consume+1"],"special_seed":0,"relics":["Cracked Core","NeowsBlessing","Sundial","Golden Idol","Regal Pillow","The Courier","Blue Candle","Pantograph","Calling Bell","Art of War","Pear","Torii","Ice Cream","Bag of Marbles"],"potions_floor_usage":[19],"damage_taken":[{"damage":0.0,"enemies":"Small Slimes","floor":1.0,"turns":1.0},{"damage":0.0,"enemies":"2 Louse","floor":2.0,"turns":1.0},{"damage":0.0,"enemies":"Jaw Worm","floor":3.0,"turns":1.0},{"damage":28.0,"enemies":"Gremlin Nob","floor":8.0,"turns":3.0},{"damage":29.0,"enemies":"Exordium Wildlife","floor":12.0,"turns":4.0},{"damage":18.0,"enemies":"3 Sentries","floor":14.0,"turns":5.0},{"damage":31.0,"enemies":"Hexaghost","floor":16.0,"turns":5.0},{"damage":39,"enemies":"3 Byrds","floor":18,"turns":5},{"damage":30,"enemies":"Colosseum Slavers","floor":19,"turns":3},{"damage":0,"enemies":"Shell Parasite","floor":22,"turns":1}],"seed_played":"4800537032123235401","potions_obtained":[{"floor":8.0,"key":"FocusPotion"},{"floor":12.0,"key":"LiquidBronze"},{"floor":14.0,"key":"AttackPotion"},{"floor":18,"key":"AttackPotion"}],"is_trial":false,"path_per_floor":["M","M","M","?","?","?","R","E","T","?","R","M","T","E","R","B",null,"M","?","$","?","M"],"character_chosen":"DEFECT","items_purchased":["Ice Cream","Bag of Marbles"],"campfire_rested":2,"item_purchase_floors":[20,20],"current_hp_per_floor":[68,68,68,50,50,43,65,37,37,37,74,45,45,27,27,21,72,33,3,3,3,3],"gold":13,"neow_bonus":"THREE_ENEMY_KILL","is_prod":false,"is_daily":false,"chose_seed":false,"campfire_upgraded":1,"win_rate":0,"timestamp":1554348542,"path_taken":["M","M","M","?","?","?","R","E","T","?","R","?","?","E","R","BOSS","M","?","$","?","M"],"build_version":"2019-01-23","purchased_purges":0,"victory":false,"max_hp_per_floor":[75,75,75,75,75,75,75,75,75,75,75,75,75,75,75,75,85,85,85,85,85,85],"card_choices":[{"not_picked":["Coolheaded","Compile Driver"],"picked":"Ball Lightning","floor":1.0},{"not_picked":["Coolheaded","Go for the Eyes"],"picked":"Cold Snap","floor":2.0},{"not_picked":["Recycle","Capacitor"],"picked":"Static Discharge","floor":3.0},{"not_picked":["Force Field","Leap"],"picked":"Core Surge","floor":8.0},{"not_picked":["Ball Lightning","Hologram"],"picked":"Heatsinks","floor":12.0},{"not_picked":["Coolheaded","Barrage"],"picked":"Reboot","floor":14.0},{"not_picked":["Rainbow","Hyperbeam"],"picked":"Creative AI","floor":16.0},{"not_picked":["Beam Cell","Cold Snap"],"picked":"Consume+1","floor":18}],"player_experience":514706,"relics_obtained":[{"floor":8.0,"key":"Regal Pillow"},{"floor":9.0,"key":"The Courier"},{"floor":13.0,"key":"Blue Candle"},{"floor":14.0,"key":"Pantograph"},{"floor":17,"key":"Art of War"},{"floor":17,"key":"Pear"},{"floor":17,"key":"Torii"}],"event_choices":[{"damage_healed":0.0,"max_hp_gain":0.0,"max_hp_loss":0.0,"gold_gain":0.0,"event_name":"Scrap Ooze","player_choice":"Success","floor":4.0,"gold_loss":0.0,"damage_taken":18.0,"relics_obtained":["Sundial"]},{"damage_healed":0.0,"max_hp_gain":0.0,"max_hp_loss":0.0,"gold_gain":0.0,"event_name":"Golden Idol","player_choice":"Take Wound","floor":5.0,"gold_loss":0.0,"damage_taken":0.0,"relics_obtained":["Golden Idol"],"cards_obtained":["Injury"]},{"cards_removed":["Injury"],"damage_healed":0.0,"max_hp_gain":0.0,"max_hp_loss":0.0,"gold_gain":0.0,"event_name":"Golden Wing","player_choice":"Card Removal","floor":6.0,"gold_loss":0.0,"damage_taken":7.0},{"damage_healed":0.0,"max_hp_gain":0.0,"max_hp_loss":0.0,"gold_gain":0.0,"event_name":"Living Wall","player_choice":"Grow","floor":10.0,"gold_loss":0.0,"damage_taken":0.0,"cards_upgraded":["Static Discharge"]},{"damage_healed":0,"gold_gain":0,"player_choice":"Fight","damage_taken":0,"max_hp_gain":0,"max_hp_loss":0,"event_name":"Colosseum","floor":19,"gold_loss":0},{"damage_healed":0,"gold_gain":0,"player_choice":"Fled From Nobs","damage_taken":0,"max_hp_gain":0,"max_hp_loss":0,"event_name":"Colosseum","floor":19,"gold_loss":0},{"cards_removed":["Pain"],"damage_healed":0,"gold_gain":0,"player_choice":"Card Removal","damage_taken":0,"max_hp_gain":0,"max_hp_loss":0,"event_name":"Wheel of Change","floor":21,"gold_loss":0}],"is_beta":false,"boss_relics":[{"not_picked":["Philosopher\u0027s Stone","Coffee Dripper"],"picked":"Calling Bell"}],"items_purged_floors":[],"is_endless":false,"potions_floor_spawned":[8,12,14,18],"killed_by":"Shell Parasite","ascension_level":6}