{"path_per_floor":["M","$","?","M","M","E","?","R","T","M","M","R","?","?","R","B",null,"M","$","?","M","$","E","$","R","T","?","E","M","M","M","R","B",null,"M","?","T","M","M","R","E","R","T","E","?","M","E","?","R","B"],"character_chosen":"THE_SILENT","items_purchased":["Noxious Fumes","Bane","Predator","Noxious Fumes"],"gold_per_floor":[111,11,11,27,47,83,83,83,113,129,153,153,153,153,153,274,274,289,214,129,145,77,116,43,43,43,43,81,102,115,138,138,266,266,286,0,46,71,94,94,132,132,155,194,194,215,250,583,583,583],"floor_reached":51,"campfire_rested":4,"playtime":2852,"current_hp_per_floor":[63,63,48,43,42,24,29,29,29,21,18,38,38,68,68,64,68,65,65,65,62,62,19,19,39,39,39,24,36,44,39,59,22,68,50,50,50,57,45,45,35,35,35,32,32,44,43,43,63,52],"items_purged":["Strike_G"],"gold":583,"score":845,"play_id":"93e10808-89b5-4d25-bb42-402179cb71f9","local_time":"20180513164633","is_prod":false,"is_daily":false,"chose_seed":false,"is_ascension_mode":true,"campfire_upgraded":4,"timestamp":1526201193,"path_taken":["M","$","?","M","?","E","?","R","T","M","M","R","?","?","R","BOSS","M","$","?","M","$","E","?","R","T","?","E","M","M","?","R","BOSS","M","?","?","M","M","R","E","R","T","E","?","M","E","?","R","BOSS"],"build_version":"2018-05-10","seed_source_timestamp":84897392343384,"purchased_purges":1,"victory":true,"master_deck":["Defend_G","Defend_G","Defend_G+1","Defend_G","Strike_G","Strike_G","Survivor","Neutralize","Underhanded Strike","Noxious Fumes+1","Bane","Escape Plan","Reflex+1","Unload","Underhanded Strike","Venomology+1","Quick Slash+1","Eviscerate","Predator","Quick Slash+1","Noxious Fumes","Bullet Time","Eviscerate+1","Choke+1","Crippling Poison","Wraith Form v2","Prepared+1","Finisher+1","Quick Slash+1","Prepared+1","After Image","Flechettes+1","Acrobatics+1"],"max_hp_per_floor":[63,63,63,63,63,63,68,68,68,68,68,68,68,68,68,68,68,68,68,68,68,68,68,68,68,68,68,68,68,68,68,68,68,68,68,68,68,68,68,68,68,68,68,68,68,68,68,68,68,73],"relics":["Ring of the Snake","Tough Bandages","Tiny Chest","Snecko Eye","Ornamental Fan","War Paint","Meat on the Bone","Molten Egg 2","White Beast Statue","Red Mask","Oddly Smooth Stone","Toolbox","Anchor","Letter Opener","Bronze Scales"],"card_choices":[{"not_picked":["Poisoned Stab","Quick Slash"],"picked":"Underhanded Strike","floor":1},{"not_picked":["Blade Dance","Poisoned Stab"],"picked":"Escape Plan","floor":4},{"not_picked":["Slice","Deflect"],"picked":"Reflex","floor":5},{"not_picked":["Cloak And Dagger","Dodge and Roll"],"picked":"Unload","floor":6},{"not_picked":["Malaise","Poisoned Stab"],"picked":"Underhanded Strike","floor":10},{"not_picked":["Outmaneuver","Underhanded Strike"],"picked":"Distraction","floor":11},{"not_picked":["Die Die Die","Unload"],"picked":"Venomology","floor":16},{"not_picked":["Endless Agony","Blade Dance"],"picked":"Quick Slash","floor":18},{"not_picked":["Heel Hook","Leg Sweep"],"picked":"Eviscerate","floor":21},{"not_picked":["Poisoned Stab","Blade Dance"],"picked":"Quick Slash","floor":23},{"not_picked":["Acrobatics","Flying Knee"],"picked":"Bullet Time","floor":28},{"not_picked":["Footwork","Infinite Blades"],"picked":"Eviscerate","floor":29},{"not_picked":["Backflip","Blur"],"picked":"Choke","floor":30},{"not_picked":["Outmaneuver","Leg Sweep"],"picked":"Crippling Poison","floor":31},{"not_picked":["Tactician","A Thousand Cuts"],"picked":"Wraith Form v2","floor":33},{"not_picked":["Setup","Deadly Poison"],"picked":"Prepared","floor":35},{"not_picked":["Underhanded Strike","Choke"],"picked":"Finisher","floor":38},{"not_picked":["Dagger Spray","Backflip"],"picked":"Quick Slash","floor":39},{"not_picked":["Reflex","Distraction"],"picked":"Prepared","floor":41},{"not_picked":["PiercingWail","Bane"],"picked":"After Image","floor":44},{"not_picked":["Sucker Punch","Deflect"],"picked":"Flechettes","floor":46},{"not_picked":["Outmaneuver","Flying Knee"],"picked":"Acrobatics","floor":47}],"player_experience":165865,"potions_floor_usage":[16,18,18,21,23,28,29,31,33,33,33,33,38,39,39,41,44,46,46,47,47,50,50,50],"damage_taken":[{"damage":0,"enemies":"Small Slimes","floor":1,"turns":4},{"damage":5,"enemies":"2 Louse","floor":4,"turns":3},{"damage":1,"enemies":"Cultist","floor":5,"turns":4},{"damage":18,"enemies":"Lagavulin","floor":6,"turns":9},{"damage":8,"enemies":"Blue Slaver","floor":10,"turns":3},{"damage":3,"enemies":"3 Louse","floor":11,"turns":3},{"damage":4,"enemies":"Hexaghost","floor":16,"turns":9},{"damage":3,"enemies":"2 Thieves","floor":18,"turns":4},{"damage":3,"enemies":"3 Byrds","floor":21,"turns":6},{"damage":43,"enemies":"Slavers","floor":23,"turns":5},{"damage":27,"enemies":"Gremlin Leader","floor":28,"turns":7},{"damage":0,"enemies":"Cultist and Chosen","floor":29,"turns":3},{"damage":4,"enemies":"Sentry and Sphere","floor":30,"turns":3},{"damage":5,"enemies":"Centurion and Healer","floor":31,"turns":3},{"damage":49,"enemies":"Champ","floor":33,"turns":7},{"damage":18,"enemies":"3 Shapes","floor":35,"turns":4},{"damage":2,"enemies":"Orb Walker","floor":38,"turns":4},{"damage":24,"enemies":"4 Shapes","floor":39,"turns":4},{"damage":10,"enemies":"Nemesis","floor":41,"turns":7},{"damage":15,"enemies":"Giant Head","floor":44,"turns":7},{"damage":0,"enemies":"3 Darklings","floor":46,"turns":3},{"damage":1,"enemies":"Nemesis","floor":47,"turns":3},{"damage":16,"enemies":"Donu and Deca","floor":50,"turns":8}],"event_choices":[{"event_name":"Golden Idol","player_choice":"Take Damage","floor":3,"damage_taken":0},{"event_name":"Big Fish","player_choice":"Donut","floor":7,"damage_taken":0},{"event_name":"Purifier","player_choice":"One Purge","floor":13,"damage_taken":0},{"event_name":"Bonfire Elementals","player_choice":"UNCOMMON","floor":14,"damage_taken":0},{"event_name":"Addict","player_choice":"Obtained Relic","floor":20,"damage_taken":0},{"event_name":"Drug Dealer","player_choice":"Ignored","floor":27,"damage_taken":0},{"event_name":"Tomb of Lord Red Mask","player_choice":"Paid","floor":36,"damage_taken":0},{"event_name":"Accursed Blacksmith","player_choice":"Ignore","floor":45,"damage_taken":0},{"event_name":"The Moai Head","player_choice":"Gave Idol","floor":48,"damage_taken":0}],"boss_relics":[{"not_picked":["Sozu","Velvet Choker"],"picked":"Snecko Eye"},{"not_picked":["Calling Bell","Eternal Feather"],"picked":"White Beast Statue"}],"potions_floor_spawned":[6,10,16,23,30,31,35,38,39,41,44,46,47],"seed_played":"8639268231652797434","ascension_level":2,"is_trial":false}