{"gold_per_floor":[115,290,365,315,325,360,377,377,404,415,428,196,196,214,214,310,310,328,302,302,315,328,328,340,367,667,701,701,701,701,701,701,701],"floor_reached":33,"playtime":1444,"items_purged":[],"score":312,"play_id":"bfc209b8-ad6f-4771-b33e-c9a4289ef028","local_time":"20190415141947","is_ascension_mode":false,"campfire_choices":[{"data":"Perfected Strike","floor":13,"key":"SMITH"},{"data":"Shrug It Off","floor":15,"key":"SMITH"},{"floor":23,"key":"REST"},{"data":"Armaments","floor":29,"key":"SMITH"},{"data":"RitualDagger","floor":32,"key":"SMITH"}],"neow_cost":"NONE","seed_source_timestamp":405868432630000,"circlet_count":0,"master_deck":["Strike_R","Strike_R","Strike_R","Strike_R+1","Strike_R","Defend_R","Defend_R","Defend_R","Bash","Wild Strike+1","Twin Strike","Wild Strike","Perfected Strike+1","Shrug It Off","Shrug It Off+1","Wild Strike","Pommel Strike","Armaments+1","Cleave+1","RitualDagger+1"],"relics":["Burning Blood","NeowsBlessing","Whetstone","Art of War","Toolbox","Black Star","Orichalcum","Kunai","Old Coin","Letter Opener","PreservedInsect"],"potions_floor_usage":[16,24,25,27,27,27,27,27,31,33],"damage_taken":[{"damage":0,"enemies":"Small Slimes","floor":1,"turns":1},{"damage":0,"enemies":"2 Louse","floor":5,"turns":1},{"damage":0,"enemies":"Gremlin Nob","floor":6,"turns":1},{"damage":0,"enemies":"Cultist","floor":7,"turns":2},{"damage":1,"enemies":"2 Fungi Beasts","floor":10,"turns":2},{"damage":5,"enemies":"Looter","floor":11,"turns":2},{"damage":9,"enemies":"Exordium Wildlife","floor":14,"turns":2},{"damage":30,"enemies":"The Guardian","floor":16,"turns":13},{"damage":9,"enemies":"3 Byrds","floor":18,"turns":6},{"damage":17,"enemies":"Shell Parasite","floor":21,"turns":4},{"damage":29,"enemies":"Centurion and Healer","floor":22,"turns":5},{"damage":10,"enemies":"Snecko","floor":24,"turns":3},{"damage":46,"enemies":"Book of Stabbing","floor":25,"turns":5},{"damage":18,"enemies":"Gremlin Leader","floor":27,"turns":6},{"damage":0,"enemies":"Cultist and Chosen","floor":31,"turns":1},{"damage":70,"enemies":"Champ","floor":33,"turns":9}],"seed_played":"-1612117273712537492","potions_obtained":[{"floor":5,"key":"Regen Potion"},{"floor":11,"key":"EntropicBrew"},{"floor":14,"key":"PowerPotion"},{"floor":22,"key":"Swift Potion"},{"floor":24,"key":"BloodPotion"},{"floor":25,"key":"Block Potion"},{"floor":27,"key":"Strength Potion"}],"is_trial":false,"path_per_floor":["M","?","?","?","M","E","M","?","T","M","M","$","R","M","R","B",null,"M","$","?","M","M","R","M","E","T","E","?","R","?","M","R","B"],"character_chosen":"IRONCLAD","items_purchased":["Shrug It Off","Toolbox","Pommel Strike"],"campfire_rested":1,"item_purchase_floors":[12,12,19],"current_hp_per_floor":[80,80,69,69,75,80,80,80,80,80,80,80,80,77,77,53,80,77,77,77,66,43,67,72,40,40,40,66,66,60,66,66,0],"gold":701,"neow_bonus":"THREE_ENEMY_KILL","is_prod":false,"is_daily":false,"chose_seed":false,"campfire_upgraded":4,"win_rate":0,"timestamp":1555352387,"path_taken":["M","?","?","?","M","E","M","?","T","M","?","$","R","M","R","BOSS","M","$","?","M","M","R","M","E","T","E","?","R","?","?","R","BOSS"],"build_version":"2019-01-23","purchased_purges":0,"victory":false,"max_hp_per_floor":[80,80,80,80,80,80,80,80,80,80,80,80,80,80,80,80,80,80,80,80,80,80,80,80,80,80,80,80,80,80,80,80,80],"card_choices":[{"not_picked":["Sword Boomerang","Anger"],"picked":"Wild Strike","floor":1},{"not_picked":["Dual Wield","Flex","Thunderclap"],"picked":"SKIP","floor":5},{"not_picked":["Rupture","Feel No Pain"],"picked":"Twin Strike","floor":6},{"not_picked":["Headbutt","Sword Boomerang"],"picked":"Wild Strike","floor":7},{"not_picked":["Corruption","Entrench"],"picked":"Perfected Strike","floor":10},{"not_picked":["Wild Strike","Twin Strike"],"picked":"Shrug It Off","floor":11},{"not_picked":["Flex","Bloodletting"],"picked":"Wild Strike","floor":14},{"not_picked":["Clash","Rampage+1","Flame Barrier"],"picked":"SKIP","floor":18},{"not_picked":["Rupture","Clash+1"],"picked":"Armaments","floor":21},{"not_picked":["Clash","Burning Pact+1"],"picked":"Cleave+1","floor":22},{"not_picked":["Seeing Red","Disarm","Ghostly Armor+1"],"picked":"SKIP","floor":24},{"not_picked":["Whirlwind","Inflame+1","Limit Break"],"picked":"SKIP","floor":25},{"not_picked":["Dual Wield","Brutality","Rupture"],"picked":"SKIP","floor":27}],"player_experience":341248,"relics_obtained":[{"floor":6,"key":"Whetstone"},{"floor":9,"key":"Art of War"},{"floor":25,"key":"Orichalcum"},{"floor":25,"key":"Kunai"},{"floor":26,"key":"Old Coin"},{"floor":27,"key":"Letter Opener"},{"floor":27,"key":"PreservedInsect"}],"event_choices":[{"damage_healed":0,"gold_gain":175,"player_choice":"AGREE","damage_taken":0,"max_hp_gain":0,"max_hp_loss":0,"event_name":"Liars Game","floor":2,"gold_loss":0,"cards_obtained":["Doubt"]},{"damage_healed":0,"gold_gain":75,"player_choice":"Gather Gold","damage_taken":11,"max_hp_gain":0,"max_hp_loss":0,"event_name":"World of Goop","floor":3,"gold_loss":0},{"cards_removed":["Doubt"],"damage_healed":0,"gold_gain":0,"player_choice":"Card Removal","damage_taken":0,"max_hp_gain":0,"max_hp_loss":0,"event_name":"The Cleric","floor":4,"gold_loss":50},{"cards_removed":["Defend_R"],"damage_healed":0,"gold_gain":0,"player_choice":"Purged","damage_taken":0,"max_hp_gain":0,"max_hp_loss":0,"event_name":"Purifier","floor":8,"gold_loss":0},{"damage_healed":0,"gold_gain":0,"player_choice":"Ignored","damage_taken":0,"max_hp_gain":0,"max_hp_loss":0,"event_name":"Beggar","floor":20,"gold_loss":0},{"damage_healed":26,"gold_gain":0,"player_choice":"Heal","damage_taken":0,"max_hp_gain":0,"max_hp_loss":0,"event_name":"The Library","floor":28,"gold_loss":0},{"damage_healed":0,"gold_gain":0,"player_choice":"Joined the Cult","damage_taken":6,"max_hp_gain":0,"max_hp_loss":0,"event_name":"Nest","floor":30,"gold_loss":0,"cards_obtained":["RitualDagger"]}],"is_beta":false,"boss_relics":[{"not_picked":["Astrolabe","Eternal Feather"],"picked":"Black Star"}],"items_purged_floors":[],"is_endless":false,"potions_floor_spawned":[5,11,14,22,24,25,27],"killed_by":"Champ","ascension_level":0}