{"gold_per_floor":[112,128,140,156,166,225,237,237,237,237,263,263,281,296,296,392,392,410,410,410,335,257,284,284,300,300,318,347,363,363,363,363,461,461,476,52,66,66,66,66,76,76,76,105,105,116,116,116,116,116],"floor_reached":51,"playtime":3583,"items_purged":["Flechettes"],"score":878,"play_id":"d739acee-f54b-47a6-bb5b-7c21a0a14a43","local_time":"20190331014915","is_ascension_mode":true,"campfire_choices":[{"floor":10.0,"key":"REST"},{"floor":12.0,"key":"REST"},{"data":"Dodge and Roll","floor":15.0,"key":"SMITH"},{"floor":24.0,"key":"REST"},{"data":"Footwork","floor":30.0,"key":"SMITH"},{"floor":32.0,"key":"REST"},{"data":"Catalyst","floor":40.0,"key":"SMITH"},{"floor":42.0,"key":"REST"},{"floor":45,"key":"REST"},{"floor":47,"key":"REST"},{"floor":49,"key":"REST"}],"neow_cost":"NONE","seed_source_timestamp":1337186005763900,"circlet_count":0,"master_deck":["Survivor","Neutralize","Distraction","Corpse Explosion","Deadly Poison","Dash","Envenom","Bullet Time","Dodge and Roll+1","Distraction","Poisoned Stab","Leg Sweep","Crippling Poison","Dodge and Roll+1","Dodge and Roll+1","Footwork+1","Footwork","Flying Knee","Noxious Fumes","Noxious Fumes","Crippling Poison","Poisoned Stab","Deflect+1","Catalyst+1","Footwork","Deflect","Catalyst"],"special_seed":0,"relics":["Pandora\u0027s Box","Tiny Chest","Paper Crane","War Paint","Philosopher\u0027s Stone","Kunai","Happy Flower","Darkstone Periapt","Ice Cream","The Specimen","Black Star","OrangePellets","Dead Branch","Sundial","Centennial Puzzle","Bag of Marbles"],"potions_floor_usage":[50,50],"damage_taken":[{"damage":14.0,"enemies":"2 Louse","floor":1.0,"turns":3.0},{"damage":4.0,"enemies":"Jaw Worm","floor":2.0,"turns":3.0},{"damage":4.0,"enemies":"Small Slimes","floor":3.0,"turns":3.0},{"damage":8.0,"enemies":"Blue Slaver","floor":4.0,"turns":3.0},{"damage":12.0,"enemies":"Large Slime","floor":5.0,"turns":5.0},{"damage":18.0,"enemies":"Lagavulin","floor":6.0,"turns":5.0},{"damage":6.0,"enemies":"Exordium Wildlife","floor":7.0,"turns":4.0},{"damage":0.0,"enemies":"Exordium Thugs","floor":13.0,"turns":4.0},{"damage":0.0,"enemies":"3 Louse","floor":14.0,"turns":2.0},{"damage":0.0,"enemies":"Hexaghost","floor":16.0,"turns":9.0},{"damage":0.0,"enemies":"Shell Parasite","floor":18.0,"turns":6.0},{"damage":38.0,"enemies":"Gremlin Leader","floor":23.0,"turns":7.0},{"damage":2.0,"enemies":"Spheric Guardian","floor":25.0,"turns":5.0},{"damage":2.0,"enemies":"Cultist and Chosen","floor":27.0,"turns":6.0},{"damage":10.0,"enemies":"Slavers","floor":28.0,"turns":3.0},{"damage":12.0,"enemies":"Snecko","floor":29.0,"turns":6.0},{"damage":23.0,"enemies":"Collector","floor":33.0,"turns":9.0},{"damage":10.0,"enemies":"3 Darklings","floor":35.0,"turns":5.0},{"damage":22.0,"enemies":"3 Shapes","floor":37.0,"turns":3.0},{"damage":1.0,"enemies":"Maw","floor":41.0,"turns":7.0},{"damage":35,"enemies":"Reptomancer","floor":44,"turns":6},{"damage":22,"enemies":"Sphere and 2 Shapes","floor":46,"turns":5},{"damage":12,"enemies":"Time Eater","floor":50,"turns":9}],"seed_played":"6828375109652419699","potions_obtained":[{"floor":1.0,"key":"Explosive Potion"},{"floor":4.0,"key":"Energy Potion"},{"floor":6.0,"key":"AttackPotion"},{"floor":13.0,"key":"Block Potion"},{"floor":14.0,"key":"FairyPotion"},{"floor":27.0,"key":"Dexterity Potion"}],"is_trial":false,"path_per_floor":["M","M","M","M","M","E","M","?","T","R","T","R","M","M","R","B",null,"M","?","?","?","$","E","R","M","T","M","E","M","R","T","R","B",null,"M","$","M","T","$","R","M","R","T","E","R","M","R","?","R","B",null],"character_chosen":"THE_SILENT","items_purchased":["Noxious Fumes","Catalyst","Footwork","OrangePellets"],"campfire_rested":8,"item_purchase_floors":[22,36,36,36],"current_hp_per_floor":[56,52,48,40,28,10,4,4,4,25,25,46,46,46,46,46,70,70,70,70,70,70,32,53,51,51,49,39,27,27,27,48,25,70,60,60,38,38,38,38,37,58,58,23,44,22,43,43,64,52],"gold":116,"neow_bonus":"BOSS_RELIC","is_prod":false,"is_daily":false,"chose_seed":false,"campfire_upgraded":3,"win_rate":0,"timestamp":1554011355,"path_taken":["M","M","M","M","M","E","M","?","T","R","?","R","M","M","R","BOSS","M","?","?","?","$","E","R","M","T","M","E","?","R","?","R","BOSS","M","$","M","?","?","R","M","R","T","E","R","M","R","?","R","BOSS"],"build_version":"2019-01-23","purchased_purges":1,"victory":true,"max_hp_per_floor":[70,70,70,70,70,70,70,70,70,70,70,70,70,70,70,70,70,70,70,70,70,70,70,70,70,70,70,70,70,70,70,70,70,70,70,70,70,70,70,70,70,70,70,70,70,70,70,70,70,70],"card_choices":[{"not_picked":["Caltrops","Heel Hook"],"picked":"Dodge and Roll","floor":1.0},{"not_picked":["Acrobatics","Infinite Blades"],"picked":"Distraction","floor":2.0},{"not_picked":["Caltrops","Underhanded Strike"],"picked":"Poisoned Stab","floor":3.0},{"not_picked":["Acrobatics","Choke"],"picked":"Leg Sweep","floor":4.0},{"not_picked":["Quick Slash","Glass Knife"],"picked":"Crippling Poison","floor":5.0},{"not_picked":["Dagger Throw","Distraction","Bane"],"picked":"SKIP","floor":6.0},{"not_picked":["Bouncing Flask","Quick Slash"],"picked":"Dodge and Roll","floor":7.0},{"not_picked":["Tactician","Accuracy","Prepared"],"picked":"SKIP","floor":13.0},{"not_picked":["Caltrops","Outmaneuver"],"picked":"Dodge and Roll","floor":14.0},{"not_picked":["Accuracy","Riddle With Holes"],"picked":"Footwork","floor":18.0},{"not_picked":["Heel Hook","Acrobatics"],"picked":"Noxious Fumes","floor":23.0},{"not_picked":["Deadly Poison","Noxious Fumes"],"picked":"Crippling Poison","floor":25.0},{"not_picked":["Backflip","Acrobatics"],"picked":"Poisoned Stab","floor":27.0},{"not_picked":["Bane+1","A Thousand Cuts","Deflect"],"picked":"SKIP","floor":28.0},{"not_picked":["Leg Sweep","Dagger Throw+1"],"picked":"Deflect+1","floor":29.0},{"not_picked":["Accuracy","Sucker Punch","Reflex+1"],"picked":"SKIP","floor":35.0},{"not_picked":["Flechettes+1","Dagger Throw+1"],"picked":"Deflect","floor":37.0},{"not_picked":["Acrobatics","Slice+1","Blade Dance"],"picked":"SKIP","floor":41.0},{"not_picked":["Bane","Poisoned Stab+1","Night Terror"],"picked":"SKIP","floor":44},{"not_picked":["All Out Attack+1","Escape Plan"],"picked":"Catalyst","floor":46}],"player_experience":223080,"relics_obtained":[{"floor":6.0,"key":"Tiny Chest"},{"floor":9.0,"key":"Paper Crane"},{"floor":11.0,"key":"War Paint"},{"floor":23.0,"key":"Happy Flower"},{"floor":26.0,"key":"Darkstone Periapt"},{"floor":28.0,"key":"Ice Cream"},{"floor":31.0,"key":"The Specimen"},{"floor":38.0,"key":"Dead Branch"},{"floor":43.0,"key":"Sundial"},{"floor":44,"key":"Centennial Puzzle"},{"floor":44,"key":"Bag of Marbles"}],"event_choices":[{"damage_healed":0.0,"max_hp_gain":0.0,"max_hp_loss":0.0,"gold_gain":0.0,"event_name":"Dead Adventurer","player_choice":"Searched \u00271\u0027 times","floor":8.0,"gold_loss":0.0,"damage_taken":0.0},{"damage_healed":0.0,"max_hp_gain":0.0,"max_hp_loss":0.0,"gold_gain":0.0,"event_name":"The Mausoleum","player_choice":"Opened","floor":19.0,"gold_loss":0.0,"damage_taken":0.0,"relics_obtained":["Kunai"]},{"damage_healed":0.0,"max_hp_gain":0.0,"max_hp_loss":0.0,"gold_gain":0.0,"cards_transformed":["Concentrate","Concentrate"],"event_name":"Drug Dealer","player_choice":"Became Test Subject","floor":20.0,"gold_loss":0.0,"damage_taken":0.0,"cards_obtained":["Footwork","Flying Knee"]},{"cards_removed":["Phantasmal Killer"],"damage_healed":0.0,"max_hp_gain":0.0,"max_hp_loss":0.0,"gold_gain":0.0,"event_name":"Beggar","player_choice":"Gave Gold","floor":21.0,"gold_loss":75.0,"damage_taken":0.0},{"damage_healed":0,"gold_gain":0,"player_choice":"Ignored","damage_taken":0,"max_hp_gain":0,"max_hp_loss":0,"event_name":"Mysterious Sphere","floor":48,"gold_loss":0}],"is_beta":false,"boss_relics":[{"not_picked":["Busted Crown","Fusion Hammer"],"picked":"Philosopher\u0027s Stone"},{"not_picked":["White Beast Statue","Tiny House"],"picked":"Black Star"}],"items_purged_floors":[36],"is_endless":false,"potions_floor_spawned":[1,4,6,13,14,25,27,28,29,37,44],"ascension_level":3}