{"gold_per_floor":[117,128,128,148,36,61,61,91,91,91,91,109,123,153,153,250,250,264,274,131,131],"floor_reached":21,"playtime":1104,"items_purged":["Pain"],"score":249,"play_id":"8742ff6e-6460-447c-80db-0f4e15f7f743","local_time":"20190402123511","is_ascension_mode":true,"campfire_choices":[{"floor":7,"key":"REST"},{"floor":11,"key":"REST"},{"data":"Loop","floor":15,"key":"SMITH"}],"neow_cost":"PERCENT_DAMAGE","seed_source_timestamp":1741242428750818,"circlet_count":0,"master_deck":["Strike_B","Strike_B","Strike_B","Strike_B","Defend_B","Defend_B","Defend_B","Zap","Dualcast","Mind Blast","Purity","BootSequence","Genetic Algorithm","Capacitor","Loop+1","Lockon","Amplify","Self Repair","Chaos","Heatsinks","Force Field","Biased Cognition","Cold Snap+1","BootSequence+1","Self Repair"],"relics":["Cracked Core","Bottled Tornado","Cables","Matryoshka","WarpedTongs","Torii","Velvet Choker"],"potions_floor_usage":[6,12,14,14,16],"damage_taken":[{"damage":8,"enemies":"2 Louse","floor":1,"turns":3},{"damage":6,"enemies":"Cultist","floor":2,"turns":4},{"damage":1,"enemies":"Jaw Worm","floor":4,"turns":2},{"damage":22,"enemies":"3 Sentries","floor":6,"turns":6},{"damage":25,"enemies":"Lagavulin","floor":8,"turns":6},{"damage":12,"enemies":"Lots of Slimes","floor":12,"turns":3},{"damage":0,"enemies":"Red Slaver","floor":13,"turns":3},{"damage":13,"enemies":"3 Sentries","floor":14,"turns":4},{"damage":3,"enemies":"Slime Boss","floor":16,"turns":6},{"damage":32,"enemies":"2 Thieves","floor":18,"turns":4},{"damage":11,"enemies":"3 Byrds","floor":19,"turns":5},{"damage":9,"enemies":"Colosseum Slavers","floor":21,"turns":4},{"damage":48,"enemies":"Colosseum Nobs","floor":21,"turns":3}],"seed_played":"-703704144311979782","potions_obtained":[{"floor":4,"key":"Fire Potion"},{"floor":6,"key":"Fire Potion"},{"floor":8,"key":"Swift Potion"},{"floor":13,"key":"Explosive Potion"},{"floor":14,"key":"SkillPotion"}],"is_trial":false,"path_per_floor":["M","M","?","M","$","E","R","E","T","?","R","M","M","E","R","B",null,"M","M","$","?"],"character_chosen":"DEFECT","items_purchased":["Loop","Lockon","Self Repair"],"campfire_rested":2,"item_purchase_floors":[5,5,20],"current_hp_per_floor":[46,40,40,39,39,17,39,14,14,14,36,31,38,39,39,46,68,43,52,52,0],"gold":131,"neow_bonus":"RANDOM_COLORLESS_2","is_prod":false,"is_daily":false,"chose_seed":false,"campfire_upgraded":1,"win_rate":0,"timestamp":1554233711,"path_taken":["M","M","?","M","?","E","R","E","T","?","R","M","?","E","R","BOSS","M","M","$","?"],"build_version":"2019-01-23","purchased_purges":1,"victory":false,"max_hp_per_floor":[75,75,75,75,75,75,75,75,75,75,75,75,75,75,75,75,75,75,75,75,75],"card_choices":[{"not_picked":["Ball Lightning","Barrage"],"picked":"BootSequence","floor":1},{"not_picked":["Hologram","Auto Shields"],"picked":"Genetic Algorithm","floor":2},{"not_picked":["Leap","Rebound"],"picked":"Capacitor","floor":4},{"not_picked":["Lockon","Coolheaded"],"picked":"Amplify","floor":6},{"not_picked":["Hologram","Conserve Battery"],"picked":"Self Repair","floor":8},{"not_picked":["Barrage","Scrape"],"picked":"Chaos","floor":12},{"not_picked":["Reprogram","Ball Lightning"],"picked":"Heatsinks","floor":13},{"not_picked":["Genetic Algorithm","Doom and Gloom"],"picked":"Force Field","floor":14},{"not_picked":["Machine Learning","Buffer"],"picked":"Biased Cognition","floor":16},{"not_picked":["Doom and Gloom","Blizzard"],"picked":"Cold Snap+1","floor":18},{"not_picked":["Go for the Eyes","Doom and Gloom"],"picked":"BootSequence+1","floor":19}],"player_experience":466847,"relics_obtained":[{"floor":6,"key":"Bottled Tornado"},{"floor":8,"key":"Cables"},{"floor":9,"key":"Matryoshka"},{"floor":14,"key":"Torii"}],"event_choices":[{"cards_removed":["Defend_B"],"damage_healed":0,"gold_gain":0,"player_choice":"Purged","damage_taken":0,"max_hp_gain":0,"max_hp_loss":0,"event_name":"Purifier","floor":3,"gold_loss":0},{"damage_healed":0,"gold_gain":0,"player_choice":"Rummage","damage_taken":0,"relics_obtained":["WarpedTongs"],"max_hp_gain":0,"max_hp_loss":0,"event_name":"Accursed Blacksmith","floor":10,"gold_loss":0,"cards_obtained":["Pain"]},{"damage_healed":0,"gold_gain":0,"player_choice":"Fight","damage_taken":0,"max_hp_gain":0,"max_hp_loss":0,"event_name":"Colosseum","floor":21,"gold_loss":0},{"damage_healed":0,"gold_gain":0,"player_choice":"Fought Nobs","damage_taken":0,"max_hp_gain":0,"max_hp_loss":0,"event_name":"Colosseum","floor":21,"gold_loss":0}],"is_beta":false,"boss_relics":[{"not_picked":["Runic Pyramid","Cursed Key"],"picked":"Velvet Choker"}],"items_purged_floors":[20],"is_endless":false,"potions_floor_spawned":[4,6,8,13,14],"killed_by":"Colosseum Nobs","ascension_level":5}