{"gold_per_floor":[112,35,35,50,50,78,91,91,91,123,37,37,37,57,57,131,131,151,68,68,68,78,78,78],"floor_reached":24,"playtime":649,"items_purged":[],"score":454,"play_id":"cae6efd4-5a27-43a9-b257-8d81f773ccb0","local_time":"20181222064935","is_ascension_mode":true,"campfire_choices":[{"data":"Go for the Eyes","floor":8,"key":"SMITH"},{"data":"Ball Lightning","floor":12,"key":"SMITH"},{"data":"Consume","floor":15,"key":"SMITH"},{"floor":23,"key":"REST"}],"neow_cost":"NONE","seed_source_timestamp":133202233016377,"circlet_count":0,"master_deck":["AscendersBane","Strike_B","Strike_B","Strike_B","Defend_B","Defend_B","Defend_B","Defend_B","Zap","Dualcast","Ball Lightning+1","Capacitor","Glacier","Go for the Eyes+1","Amplify","Self Repair","Consume+1","Creative AI","Gash+1","Scrape+1","Glacier"],"relics":["Cracked Core","NeowsBlessing","Mercury Hourglass","Molten Egg 2","Dead Branch","Cursed Key"],"potions_floor_usage":[10,16,16,24],"damage_taken":[{"damage":0,"enemies":"2 Louse","floor":1,"turns":1},{"damage":0,"enemies":"Cultist","floor":4,"turns":1},{"damage":0,"enemies":"Lagavulin","floor":6,"turns":1},{"damage":0,"enemies":"Small Slimes","floor":7,"turns":2},{"damage":19,"enemies":"3 Sentries","floor":10,"turns":4},{"damage":2,"enemies":"Exordium Wildlife","floor":14,"turns":3},{"damage":40,"enemies":"Slime Boss","floor":16,"turns":10},{"damage":25,"enemies":"Shell Parasite","floor":18,"turns":6},{"damage":29,"enemies":"3 Byrds","floor":22,"turns":5},{"damage":32,"enemies":"Slavers","floor":24,"turns":3}],"seed_played":"6196719370736357751","potions_obtained":[{"floor":7,"key":"Explosive Potion"},{"floor":10,"key":"FocusPotion"},{"floor":14,"key":"GamblersBrew"},{"floor":22,"key":"Dexterity Potion"}],"is_trial":false,"path_per_floor":["M","$","?","M","$","E","M","R","T","E","$","R","$","M","R","B",null,"M","$","?","?","M","R","E"],"character_chosen":"DEFECT","items_purchased":["Capacitor","Self Repair","Scrape+1"],"campfire_rested":1,"item_purchase_floors":[2,11,19],"current_hp_per_floor":[64,64,64,64,64,64,64,64,64,45,45,45,45,50,50,17,58,40,40,54,54,25,46,14],"gold":78,"neow_bonus":"THREE_ENEMY_KILL","is_prod":false,"is_daily":false,"chose_seed":false,"campfire_upgraded":3,"win_rate":0,"timestamp":1545479375,"path_taken":["M","$","?","M","$","E","?","R","T","E","?","R","?","?","R","BOSS","M","$","?","?","M","R","E"],"build_version":"2018-12-20","purchased_purges":0,"victory":false,"max_hp_per_floor":[71,71,71,71,71,71,71,71,71,71,71,71,71,71,71,71,71,71,71,71,71,71,71,71],"card_choices":[{"not_picked":["Compile Driver","Doom and Gloom"],"picked":"Ball Lightning","floor":1},{"not_picked":["Go for the Eyes","Barrage"],"picked":"Glacier","floor":4},{"not_picked":["Hello World","Redo","Coolheaded"],"picked":"SKIP","floor":6},{"not_picked":["Skim","Leap"],"picked":"Go for the Eyes","floor":7},{"not_picked":["FTL+1","Steam"],"picked":"Amplify","floor":10},{"not_picked":["Rip and Tear+1","Gash+1"],"picked":"Consume","floor":14},{"not_picked":["Meteor Strike+1","Buffer"],"picked":"Creative AI","floor":16},{"not_picked":["Consume+1","Melter+1"],"picked":"Gash+1","floor":18},{"not_picked":["Rebound+1","Redo"],"picked":"Glacier","floor":22}],"player_experience":794105,"relics_obtained":[{"floor":6,"key":"Mercury Hourglass"},{"floor":9,"key":"Molten Egg 2"},{"floor":10,"key":"Dead Branch"}],"event_choices":[{"cards_removed":["Strike_B"],"damage_healed":0,"gold_gain":0,"player_choice":"Purged","damage_taken":0,"max_hp_gain":0,"max_hp_loss":0,"event_name":"Purifier","floor":3,"gold_loss":0},{"damage_healed":14,"gold_gain":0,"player_choice":"Heal","damage_taken":0,"max_hp_gain":0,"max_hp_loss":0,"event_name":"The Library","floor":20,"gold_loss":0},{"damage_healed":0,"gold_gain":0,"player_choice":"Ignored","damage_taken":0,"max_hp_gain":0,"max_hp_loss":0,"event_name":"Vampires","floor":21,"gold_loss":0}],"is_beta":false,"boss_relics":[{"not_picked":["Lizard Tail","Coffee Dripper"],"picked":"Cursed Key"}],"items_purged_floors":[],"is_endless":false,"potions_floor_spawned":[7,10,14,22],"killed_by":"Slavers","ascension_level":20}