{"gold_per_floor":[110,127,139,159,159,159,111,144,144,319,319,338,338,357,357,453,453,464,138,138,90,101,101,113,113,113,145,145,145,145,145,145,145],"floor_reached":33,"playtime":2064,"items_purged":["Doubt"],"score":381,"play_id":"5874a844-7173-4da8-b611-030814832460","local_time":"20190122155229","is_ascension_mode":true,"campfire_choices":[{"data":"Body Slam","floor":6,"key":"SMITH"},{"data":"Berserk","floor":11,"key":"SMITH"},{"data":"Flame Barrier","floor":13,"key":"SMITH"},{"floor":15,"key":"REST"},{"floor":23,"key":"REST"},{"data":"Armaments","floor":25,"key":"SMITH"},{"floor":28,"key":"REST"},{"data":"Iron Wave","floor":30,"key":"SMITH"},{"data":"Power Through","floor":32,"key":"SMITH"}],"neow_cost":"NONE","seed_source_timestamp":1093137565103710,"circlet_count":0,"master_deck":["Strike_R","Strike_R","Strike_R","Strike_R","Strike_R","Defend_R","Defend_R","Defend_R","Defend_R","Bash+1","Flame Barrier+1","Body Slam+1","Pommel Strike","Berserk+1","Armaments+1","Iron Wave+1","Clash","Power Through+1"],"relics":["Burning Blood","FossilizedHelix","Pantograph","Kunai","Philosopher\u0027s Stone","Centennial Puzzle","Toxic Egg 2","Bag of Marbles","MutagenicStrength"],"potions_floor_usage":[8,8,16,16,18,24,27,27,33],"damage_taken":[{"damage":0,"enemies":"Small Slimes","floor":1,"turns":3},{"damage":0,"enemies":"2 Louse","floor":2,"turns":4},{"damage":1,"enemies":"Cultist","floor":3,"turns":3},{"damage":10,"enemies":"Blue Slaver","floor":4,"turns":5},{"damage":10,"enemies":"Lagavulin","floor":8,"turns":5},{"damage":1,"enemies":"Large Slime","floor":12,"turns":4},{"damage":0,"enemies":"Red Slaver","floor":14,"turns":4},{"damage":45,"enemies":"Hexaghost","floor":16,"turns":10},{"damage":55,"enemies":"Shell Parasite","floor":18,"turns":8},{"damage":1,"enemies":"Spheric Guardian","floor":22,"turns":3},{"damage":0,"enemies":"Snake Plant","floor":24,"turns":2},{"damage":16,"enemies":"Book of Stabbing","floor":27,"turns":5},{"damage":99,"enemies":"Collector","floor":33,"turns":14}],"seed_played":"2269728442278119459","potions_obtained":[{"floor":1,"key":"Strength Potion"},{"floor":2,"key":"SkillPotion"},{"floor":14,"key":"Block Potion"},{"floor":16,"key":"GamblersBrew"},{"floor":18,"key":"SteroidPotion"},{"floor":27,"key":"SkillPotion"}],"is_trial":false,"path_per_floor":["M","M","M","M","?","R","$","E","T","?","R","M","R","M","R","B",null,"M","$","?","$","M","R","M","R","T","E","R","?","R","?","R","B"],"character_chosen":"IRONCLAD","items_purchased":["Explosive Potion","Block Potion","Explosive Potion","Centennial Puzzle","Fire Potion"],"campfire_rested":3,"item_purchase_floors":[7,19,19,19,21],"current_hp_per_floor":[78,80,80,76,51,51,51,47,47,47,47,52,52,58,80,41,70,21,21,21,21,26,50,56,56,56,46,70,70,70,75,75,0],"gold":145,"neow_bonus":"UPGRADE_CARD","is_prod":false,"is_daily":false,"chose_seed":false,"campfire_upgraded":6,"win_rate":0,"timestamp":1548168749,"path_taken":["M","M","M","M","?","R","$","E","T","?","R","M","R","M","R","BOSS","M","$","?","?","M","R","M","R","T","E","R","?","R","?","R","BOSS"],"build_version":"2019-01-17v2","purchased_purges":1,"victory":false,"max_hp_per_floor":[80,80,80,80,80,80,80,80,80,80,80,80,80,80,80,80,80,80,80,80,80,80,80,80,80,80,80,80,80,80,80,80,80],"card_choices":[{"not_picked":["Evolve","True Grit"],"picked":"Flame Barrier","floor":1},{"not_picked":["True Grit","Second Wind"],"picked":"Cleave","floor":2},{"not_picked":["Infernal Blade","Seeing Red"],"picked":"Body Slam","floor":3},{"not_picked":["Whirlwind","Feel No Pain"],"picked":"Pommel Strike","floor":4},{"not_picked":["Headbutt","Armaments"],"picked":"Berserk","floor":8},{"not_picked":["Feel No Pain","Bloodletting"],"picked":"Armaments","floor":12},{"not_picked":["Perfected Strike","Sword Boomerang","Flex"],"picked":"SKIP","floor":14},{"not_picked":["Exhume","Immolate"],"picked":"Dark Embrace","floor":16},{"not_picked":["Heavy Blade+1","Thunderclap"],"picked":"Iron Wave","floor":18},{"not_picked":["Headbutt","Thunderclap","Wild Strike"],"picked":"SKIP","floor":22},{"not_picked":["Infernal Blade","Wild Strike"],"picked":"Power Through","floor":24},{"not_picked":["Exhume+1","Perfected Strike","Twin Strike"],"picked":"SKIP","floor":27}],"player_experience":348416,"relics_obtained":[{"floor":8,"key":"Pantograph"},{"floor":9,"key":"Kunai"},{"floor":26,"key":"Toxic Egg 2"},{"floor":27,"key":"Bag of Marbles"}],"event_choices":[{"damage_healed":0,"gold_gain":0,"player_choice":"Success","damage_taken":25,"relics_obtained":["FossilizedHelix"],"max_hp_gain":0,"max_hp_loss":0,"event_name":"Scrap Ooze","floor":5,"gold_loss":0},{"damage_healed":0,"gold_gain":175,"player_choice":"AGREE","damage_taken":0,"max_hp_gain":0,"max_hp_loss":0,"event_name":"Liars Game","floor":10,"gold_loss":0,"cards_obtained":["Doubt"]},{"damage_healed":0,"gold_gain":0,"cards_transformed":["Dark Embrace"],"player_choice":"Transformed","damage_taken":0,"max_hp_gain":0,"max_hp_loss":0,"event_name":"Transmorgrifier","floor":20,"gold_loss":0,"cards_obtained":["Clash"]},{"damage_healed":0,"gold_gain":0,"player_choice":"Inject Mutagens","damage_taken":0,"relics_obtained":["MutagenicStrength"],"max_hp_gain":0,"max_hp_loss":0,"event_name":"Drug Dealer","floor":29,"gold_loss":0},{"cards_removed":["Cleave"],"damage_healed":5,"gold_gain":0,"player_choice":"Offered Common","damage_taken":0,"max_hp_gain":0,"max_hp_loss":0,"event_name":"Bonfire Elementals","floor":31,"gold_loss":0},{"cards_removed":["Cleave"],"damage_healed":5,"gold_gain":0,"player_choice":"Offered Special","damage_taken":0,"max_hp_gain":0,"max_hp_loss":0,"event_name":"Bonfire Elementals","floor":31,"gold_loss":0}],"is_beta":false,"boss_relics":[{"not_picked":["Calling Bell","Runic Cube"],"picked":"Philosopher\u0027s Stone"}],"items_purged_floors":[19],"is_endless":false,"potions_floor_spawned":[1,2,14,16,18,27],"killed_by":"Collector","ascension_level":9}