{"gold_per_floor":[113,6,6,6,19,82,82,111,135,155,170,180,46,81,93,207,219,246,10,24,24,24,24,24,24,24,43,43,43,43,43],"floor_reached":31,"playtime":1007,"items_purged":[],"score":348,"play_id":"9bc12918-5933-48ee-a507-7d9e6930a454","local_time":"20190319231758","is_ascension_mode":true,"campfire_choices":[{"data":"Catalyst","floor":7,"key":"SMITH"},{"floor":15,"key":"REST"},{"data":"Envenom","floor":23,"key":"SMITH"},{"floor":25,"key":"REST"}],"neow_cost":"NONE","seed_source_timestamp":570317699897497,"circlet_count":0,"master_deck":["Defend_G+1","Defend_G","Defend_G","Defend_G","Defend_G","Strike_G","Strike_G","Strike_G","Strike_G","Strike_G","Survivor","Neutralize","Deflect+1","Deadly Poison+1","Dramatic Entrance+1","Predator","Catalyst+1","Unload","Dagger Spray","Dagger Throw","Terror","Noxious Fumes","Poisoned Stab","Outmaneuver","Venomology","Envenom+1","Accuracy","Sadistic Nature","Noxious Fumes","Sucker Punch+1","Decay","Dash"],"relics":["Ring of the Snake","NeowsBlessing","Tiny Chest","MawBank","Busted Crown","Paper Crane","Tingsha","Bottled Tornado","Nloth\u0027s Gift"],"potions_floor_usage":[14,16,16,18,30,31],"damage_taken":[{"damage":0,"enemies":"Cultist","floor":1,"turns":1},{"damage":0,"enemies":"2 Louse","floor":5,"turns":1},{"damage":0,"enemies":"Lagavulin","floor":6,"turns":1},{"damage":16,"enemies":"3 Sentries","floor":8,"turns":8},{"damage":0,"enemies":"Jaw Worm","floor":10,"turns":1},{"damage":13,"enemies":"Large Slime","floor":11,"turns":4},{"damage":1,"enemies":"Exordium Thugs","floor":12,"turns":3},{"damage":10,"enemies":"Lagavulin","floor":14,"turns":5},{"damage":21,"enemies":"The Guardian","floor":16,"turns":7},{"damage":25,"enemies":"Spheric Guardian","floor":18,"turns":5},{"damage":4,"enemies":"2 Thieves","floor":20,"turns":3},{"damage":29,"enemies":"3 Cultists","floor":27,"turns":4},{"damage":0,"enemies":"Snecko","floor":30,"turns":2},{"damage":26,"enemies":"Sentry and Sphere","floor":31,"turns":5}],"seed_played":"4568986123927770713","potions_obtained":[{"floor":1,"key":"Energy Potion"},{"floor":6,"key":"EssenceOfSteel"},{"floor":11,"key":"SmokeBomb"},{"floor":12,"key":"AttackPotion"}],"is_trial":false,"path_per_floor":["M","$","?","?","M","E","R","E","T","M","M","M","$","E","R","B",null,"M","$","M","T","$","R","?","R","T","M","T","?","M","M"],"character_chosen":"THE_SILENT","items_purchased":["Deadly Poison","Dramatic Entrance","Noxious Fumes","Poisoned Stab","Outmaneuver","Sadistic Nature","Noxious Fumes"],"campfire_rested":2,"item_purchase_floors":[2,2,13,13,13,19,19],"current_hp_per_floor":[70,70,70,70,70,70,70,54,54,54,41,40,40,30,51,30,60,35,35,31,31,31,31,31,52,52,23,23,23,23,0],"gold":43,"neow_bonus":"THREE_ENEMY_KILL","is_prod":false,"is_daily":false,"chose_seed":false,"campfire_upgraded":2,"win_rate":0,"timestamp":1553062678,"path_taken":["M","$","?","?","M","E","R","E","T","M","?","M","$","E","R","BOSS","M","$","M","?","$","R","?","R","T","?","?","?","?","M"],"build_version":"2019-01-23","purchased_purges":0,"victory":false,"max_hp_per_floor":[70,70,70,70,70,70,70,70,70,70,70,70,70,70,70,70,70,70,70,70,70,70,70,70,70,70,70,70,70,70,70],"card_choices":[{"not_picked":["Finisher","Sucker Punch"],"picked":"Deflect","floor":1},{"not_picked":["Deflect","Underhanded Strike"],"picked":"Predator","floor":5},{"not_picked":["Finisher","Eviscerate"],"picked":"Catalyst","floor":6},{"not_picked":["PiercingWail","Dash"],"picked":"Unload","floor":8},{"not_picked":["Blade Dance","Flechettes"],"picked":"Dagger Spray","floor":10},{"not_picked":["Cloak And Dagger","Prepared"],"picked":"Dagger Throw","floor":11},{"not_picked":["Flying Knee","Masterful Stab"],"picked":"Terror","floor":12},{"not_picked":["Infinite Blades","Acrobatics"],"picked":"Venomology","floor":14},{"not_picked":["Unload","Doppelganger"],"picked":"Envenom","floor":16},{"not_picked":[],"picked":"Accuracy","floor":18},{"not_picked":[],"picked":"Sucker Punch+1","floor":20},{"not_picked":[],"picked":"Dash","floor":27}],"player_experience":347281,"relics_obtained":[{"floor":6,"key":"Tiny Chest"},{"floor":8,"key":"War Paint"},{"floor":14,"key":"MawBank"},{"floor":21,"key":"Paper Crane"},{"floor":26,"key":"Tingsha"},{"floor":28,"key":"Bottled Tornado"}],"event_choices":[{"damage_healed":0,"gold_gain":0,"player_choice":"Grow","damage_taken":0,"max_hp_gain":0,"max_hp_loss":0,"event_name":"Living Wall","floor":3,"gold_loss":0,"cards_upgraded":["Deadly Poison"]},{"damage_healed":0,"gold_gain":0,"player_choice":"Upgraded","damage_taken":0,"max_hp_gain":0,"max_hp_loss":0,"event_name":"Upgrade Shrine","floor":4,"gold_loss":0,"cards_upgraded":["Dramatic Entrance"]},{"damage_healed":0,"gold_gain":0,"player_choice":"Cursed","damage_taken":0,"max_hp_gain":0,"max_hp_loss":0,"event_name":"Wheel of Change","floor":24,"gold_loss":0,"cards_obtained":["Decay"]},{"damage_healed":0,"gold_gain":0,"player_choice":"Traded Relic","damage_taken":0,"relics_obtained":["Nloth\u0027s Gift"],"max_hp_gain":0,"max_hp_loss":0,"event_name":"N\u0027loth","floor":29,"relics_lost":["War Paint"],"gold_loss":0}],"is_beta":false,"boss_relics":[{"not_picked":["Sozu","Runic Dome"],"picked":"Busted Crown"}],"items_purged_floors":[],"is_endless":false,"potions_floor_spawned":[1,6,11,12,30],"killed_by":"Sentry and Sphere","ascension_level":5}