{"gold_per_floor":[116,132,307,307,382,415,428,428,455,108,122,139,153,167,167,268],"floor_reached":16,"playtime":328,"items_purged":[],"score":229,"play_id":"2efa56ae-1e14-432d-ac25-3b8c14e953da","local_time":"20190309073943","is_ascension_mode":false,"campfire_choices":[{"data":"Spot Weakness","floor":8,"key":"SMITH"},{"data":"Flex","floor":15,"key":"SMITH"}],"neow_cost":"NONE","seed_source_timestamp":655336578618327,"circlet_count":0,"master_deck":["Strike_R","Strike_R","Strike_R","Strike_R","Strike_R","Defend_R","Defend_R","Defend_R","Defend_R","Bash","Battle Trance","Combust","Doubt","Sword Boomerang","Spot Weakness+1","Offering","Double Tap","Flex+1","Fiend Fire"],"relics":["Burning Blood","NeowsBlessing","Boot","Orichalcum","ClockworkSouvenir"],"potions_floor_usage":[],"damage_taken":[{"damage":0,"enemies":"Small Slimes","floor":1,"turns":1},{"damage":0,"enemies":"2 Louse","floor":2,"turns":1},{"damage":0,"enemies":"Lagavulin","floor":6,"turns":1},{"damage":12,"enemies":"Jaw Worm","floor":7,"turns":4},{"damage":5,"enemies":"Lots of Slimes","floor":11,"turns":2},{"damage":6,"enemies":"3 Louse","floor":12,"turns":2},{"damage":1,"enemies":"2 Fungi Beasts","floor":13,"turns":3},{"damage":13,"enemies":"Exordium Wildlife","floor":14,"turns":3},{"damage":10,"enemies":"Slime Boss","floor":16,"turns":5}],"seed_played":"-8306601194199785382","potions_obtained":[{"floor":1,"key":"EssenceOfSteel"},{"floor":6,"key":"LiquidBronze"},{"floor":11,"key":"BloodPotion"}],"is_trial":false,"path_per_floor":["M","M","?","?","?","E","M","R","T","$","M","M","M","M","R","B"],"character_chosen":"IRONCLAD","items_purchased":["Offering","ClockworkSouvenir"],"campfire_rested":0,"item_purchase_floors":[10,10],"current_hp_per_floor":[80,80,80,85,74,80,74,74,74,74,75,75,80,73,73,69],"gold":268,"neow_bonus":"THREE_ENEMY_KILL","is_prod":false,"is_daily":false,"chose_seed":false,"campfire_upgraded":2,"win_rate":0,"timestamp":1552135183,"path_taken":["M","M","?","?","?","E","M","R","T","?","M","?","M","?","R","BOSS"],"build_version":"2019-01-23","purchased_purges":0,"victory":false,"max_hp_per_floor":[80,80,80,85,85,85,85,85,85,85,85,85,85,85,85,85],"card_choices":[{"not_picked":["Clothesline","Seeing Red"],"picked":"Battle Trance","floor":1},{"not_picked":["Flame Barrier","Body Slam"],"picked":"Combust","floor":2},{"not_picked":["Battle Trance","Burning Pact"],"picked":"Sword Boomerang","floor":6},{"not_picked":["Clash","Sever Soul"],"picked":"Spot Weakness","floor":7},{"not_picked":["Reckless Charge","Metallicize","Seeing Red"],"picked":"SKIP","floor":11},{"not_picked":["Perfected Strike","Warcry","Havoc"],"picked":"SKIP","floor":12},{"not_picked":["Ghostly Armor","Burning Pact"],"picked":"Double Tap","floor":13},{"not_picked":["Twin Strike","Iron Wave"],"picked":"Flex","floor":14},{"not_picked":["Barricade","Double Tap"],"picked":"Fiend Fire","floor":16}],"player_experience":857980,"relics_obtained":[{"floor":6,"key":"Boot"},{"floor":9,"key":"Orichalcum"}],"event_choices":[{"damage_healed":0,"gold_gain":175,"player_choice":"AGREE","damage_taken":0,"max_hp_gain":0,"max_hp_loss":0,"event_name":"Liars Game","floor":3,"gold_loss":0,"cards_obtained":["Doubt"]},{"damage_healed":0,"gold_gain":0,"player_choice":"Donut","damage_taken":0,"max_hp_gain":5,"max_hp_loss":0,"event_name":"Big Fish","floor":4,"gold_loss":0},{"damage_healed":0,"gold_gain":75,"player_choice":"Gather Gold","damage_taken":11,"max_hp_gain":0,"max_hp_loss":0,"event_name":"World of Goop","floor":5,"gold_loss":0}],"is_beta":false,"boss_relics":[],"items_purged_floors":[],"is_endless":false,"potions_floor_spawned":[1,6,11,14],"killed_by":"Slime Boss","ascension_level":0}