{"gold_per_floor":[210,224,238,163,183,183,201,201,225,225,255,255,284,12,12,87,87,99,125,145,194,119,119,119,119,119,97,61,79,111,128,128,205,205,222,53,53,53,53,78,94,94,94,109,89,104,104,114,114,114,114,114,41,70,70],"floor_reached":56,"playtime":3138,"items_purged":["Strike_G","Strike_G"],"score":1943,"play_id":"c78dde5e-fd4f-4ac2-8a36-6753b488636b","local_time":"20190405201917","is_ascension_mode":true,"campfire_choices":[{"data":"Caltrops","floor":6,"key":"SMITH"},{"floor":10,"key":"REST"},{"data":"Bouncing Flask","floor":12,"key":"SMITH"},{"data":"Well Laid Plans","floor":15,"key":"SMITH"},{"data":"Neutralize","floor":23,"key":"SMITH"},{"data":"Doppelganger","floor":25,"key":"SMITH"},{"data":"Concentrate","floor":32,"key":"SMITH"},{"data":"Apotheosis","floor":42,"key":"SMITH"},{"floor":47,"key":"REST"},{"floor":49,"key":"RECALL"},{"data":"Footwork","floor":52,"key":"SMITH"}],"neow_cost":"NONE","seed_source_timestamp":0,"circlet_count":0,"master_deck":["AscendersBane","Defend_G","Defend_G","Defend_G","Defend_G","Defend_G","Strike_G","Survivor","Neutralize+1","Well Laid Plans+1","Caltrops+1","Terror","Bouncing Flask+1","Backflip","Doppelganger+1","Acrobatics","Footwork+1","Concentrate+1","After Image","Noxious Fumes","Apotheosis+1","Well Laid Plans+1","Heel Hook","Catalyst"],"relics":["Ring of the Snake","Oddly Smooth Stone","Bag of Marbles","Blood Vial","Medical Kit","Cursed Key","Red Mask","Pear","Centennial Puzzle","Empty Cage","Anchor"],"potions_floor_usage":[13,16,19,30,33,40,55,55],"damage_taken":[{"damage":4,"enemies":"2 Louse","floor":1,"turns":4},{"damage":5,"enemies":"Jaw Worm","floor":2,"turns":8},{"damage":0,"enemies":"Cultist","floor":3,"turns":4},{"damage":12,"enemies":"Exordium Thugs","floor":5,"turns":7},{"damage":10,"enemies":"3 Louse","floor":7,"turns":5},{"damage":2,"enemies":"Lagavulin","floor":11,"turns":8},{"damage":29,"enemies":"Gremlin Nob","floor":13,"turns":4},{"damage":0,"enemies":"Hexaghost","floor":16,"turns":9},{"damage":0,"enemies":"Chosen","floor":18,"turns":4},{"damage":32,"enemies":"Masked Bandits","floor":19,"turns":4},{"damage":2,"enemies":"Spheric Guardian","floor":20,"turns":3},{"damage":0,"enemies":"Cultist and Chosen","floor":29,"turns":8},{"damage":6,"enemies":"Book of Stabbing","floor":30,"turns":6},{"damage":12,"enemies":"3 Cultists","floor":31,"turns":6},{"damage":18,"enemies":"Automaton","floor":33,"turns":11},{"damage":16,"enemies":"3 Darklings","floor":35,"turns":7},{"damage":7,"enemies":"Nemesis","floor":40,"turns":11},{"damage":15,"enemies":"3 Shapes","floor":41,"turns":7},{"damage":0,"enemies":"Spire Growth","floor":44,"turns":6},{"damage":19,"enemies":"Transient","floor":46,"turns":5},{"damage":12,"enemies":"Maw","floor":48,"turns":7},{"damage":16,"enemies":"Time Eater","floor":50,"turns":13},{"damage":14,"enemies":"Shield and Spear","floor":54,"turns":8},{"damage":40,"enemies":"The Heart","floor":55,"turns":9}],"seed_played":"6214127538009935446","potions_obtained":[{"floor":1,"key":"Poison Potion"},{"floor":5,"key":"Strength Potion"},{"floor":13,"key":"SkillPotion"},{"floor":16,"key":"LiquidBronze"},{"floor":19,"key":"Poison Potion"},{"floor":20,"key":"Swift Potion"},{"floor":35,"key":"EssenceOfSteel"},{"floor":45,"key":"Ancient Potion"},{"floor":48,"key":"Ancient Potion"}],"is_trial":false,"path_per_floor":["M","M","M","?","M","R","M","?","T","R","E","R","E","$","R","B",null,"M","?","M","T","?","R","T","R","T","$","$","M","E","M","R","B",null,"M","$","$","?","T","E","M","R","T","M","?","M","R","M","R","B",null,"R","$","E","B",null],"character_chosen":"THE_SILENT","items_purchased":["Medical Kit","Acrobatics","Footwork","Noxious Fumes","Catalyst"],"campfire_rested":2,"item_purchase_floors":[14,27,28,36,53],"current_hp_per_floor":[55,50,50,50,38,38,28,28,28,47,45,45,16,16,16,18,54,56,26,26,26,26,26,26,26,36,36,36,38,34,24,24,8,59,45,45,45,45,45,40,27,27,27,29,29,12,34,24,24,10,60,60,60,48,10],"gold":70,"neow_bonus":"HUNDRED_GOLD","is_prod":false,"is_daily":false,"chose_seed":true,"campfire_upgraded":8,"win_rate":0,"timestamp":1554466757,"path_taken":["M","M","M","?","M","R","M","?","T","R","E","R","E","$","R","BOSS","M","?","M","?","?","R","?","R","T","?","$","?","E","M","R","BOSS","M","?","$","?","?","E","?","R","T","M","?","M","R","?","R","BOSS","R","$","E","BOSS"],"build_version":"2019-01-23","purchased_purges":2,"victory":true,"max_hp_per_floor":[66,66,66,66,66,66,66,66,66,66,66,66,66,66,66,66,66,66,66,66,66,66,66,66,66,76,76,76,76,76,76,76,76,76,76,76,76,76,76,76,76,76,76,76,76,76,76,76,76,76,76,76,76,76,76],"card_choices":[{"not_picked":["Backflip","Deadly Poison"],"picked":"Well Laid Plans","floor":1},{"not_picked":["Dagger Spray","Prepared","Setup"],"picked":"SKIP","floor":2},{"not_picked":["Backflip","Cloak And Dagger"],"picked":"Caltrops","floor":3},{"not_picked":["Backstab","Prepared"],"picked":"Terror","floor":5},{"not_picked":["Outmaneuver","Catalyst"],"picked":"Bouncing Flask","floor":7},{"not_picked":["Bane","Deadly Poison","Underhanded Strike"],"picked":"SKIP","floor":11},{"not_picked":["Expertise","Dagger Spray"],"picked":"Backflip","floor":13},{"not_picked":["Glass Knife","Bullet Time"],"picked":"Doppelganger","floor":16},{"not_picked":["Blur","Prepared","Quick Slash"],"picked":"SKIP","floor":18},{"not_picked":["Crippling Poison","Sucker Punch","Setup"],"picked":"SKIP","floor":20},{"not_picked":["Bane","Acrobatics","Riddle With Holes"],"picked":"SKIP","floor":29},{"not_picked":["Bane","Crippling Poison"],"picked":"Concentrate","floor":30},{"not_picked":["Endless Agony","Sucker Punch","Infinite Blades"],"picked":"SKIP","floor":31},{"not_picked":["Die Die Die","Phantasmal Killer"],"picked":"After Image","floor":33},{"not_picked":["Cloak And Dagger","Dodge and Roll","Terror+1"],"picked":"SKIP","floor":35},{"not_picked":["Jack Of All Trades","Secret Technique"],"picked":"Apotheosis","floor":38},{"not_picked":["Masterful Stab","All Out Attack"],"picked":"Well Laid Plans+1","floor":40},{"not_picked":["Blade Dance","Finisher","Dodge and Roll"],"picked":"SKIP","floor":41},{"not_picked":["Eviscerate","Underhanded Strike"],"picked":"Heel Hook","floor":44},{"not_picked":["Well Laid Plans","Deflect+1","Heel Hook"],"picked":"SKIP","floor":46},{"not_picked":["Prepared","Quick Slash","Leg Sweep"],"picked":"SKIP","floor":48},{"not_picked":["Skewer","Cloak And Dagger","Backflip"],"picked":"SKIP","floor":54}],"player_experience":1330589,"relics_obtained":[{"floor":9,"key":"Oddly Smooth Stone"},{"floor":11,"key":"Bag of Marbles"},{"floor":13,"key":"Blood Vial"},{"floor":19,"key":"Red Mask"},{"floor":26,"key":"Pear"},{"floor":30,"key":"Centennial Puzzle"},{"floor":54,"key":"Anchor"}],"event_choices":[{"cards_removed":["Strike_G"],"damage_healed":0,"gold_gain":0,"player_choice":"Card Removal","damage_taken":0,"max_hp_gain":0,"max_hp_loss":0,"event_name":"The Cleric","floor":4,"gold_loss":75},{"damage_healed":0,"gold_gain":0,"player_choice":"0 cards matched","damage_taken":0,"max_hp_gain":0,"max_hp_loss":0,"event_name":"Match and Keep!","floor":8,"gold_loss":0,"cards_obtained":[]},{"damage_healed":0,"gold_gain":0,"player_choice":"Fought Bandits","damage_taken":0,"max_hp_gain":0,"max_hp_loss":0,"event_name":"Masked Bandits","floor":19,"gold_loss":0},{"cards_removed":["Injury"],"damage_healed":0,"gold_gain":0,"player_choice":"Gave Gold","damage_taken":0,"max_hp_gain":0,"max_hp_loss":0,"event_name":"Beggar","floor":22,"gold_loss":75},{"damage_healed":0,"gold_gain":0,"player_choice":"Memory 1","damage_taken":0,"max_hp_gain":0,"max_hp_loss":0,"event_name":"SensoryStone","floor":38,"gold_loss":0},{"damage_healed":0,"gold_gain":0,"player_choice":"Bought 1 Potion","damage_taken":0,"max_hp_gain":0,"max_hp_loss":0,"event_name":"The Woman in Blue","floor":45,"gold_loss":0}],"is_beta":false,"boss_relics":[{"not_picked":["Orrery","Snecko Eye"],"picked":"Cursed Key"},{"not_picked":["Calling Bell","Ring of the Serpent"],"picked":"Empty Cage"}],"items_purged_floors":[14,36],"is_endless":false,"potions_floor_spawned":[1,5,13,16,19,20,29,35,48],"ascension_level":15}