{"gold_per_floor":[127,89,101,133,165,203,234,246,258,270,295,322,334,357,369,484,496,490,502,525,537,549,561,573,616,654,666,678,690,702,731,743,860,872,902,179,179,196,196,196,215,9,9,9,27,45,45,58,58,58],"floor_reached":51,"playtime":6546,"items_purged":[],"score":667,"play_id":"d97bde03-7d48-4763-af6e-8ca285d46369","local_time":"20181226141109","is_ascension_mode":false,"campfire_choices":[{"data":"Zap","floor":8.0,"key":"SMITH"},{"data":"Genetic Algorithm","floor":13.0,"key":"SMITH"},{"floor":15.0,"key":"REST"},{"floor":23.0,"key":"REST"},{"floor":27.0,"key":"REST"},{"data":"Thunder Strike","floor":29.0,"key":"SMITH"},{"floor":32.0,"key":"REST"},{"data":"Redo","floor":40.0,"key":"SMITH"},{"data":"Leap","floor":44,"key":"SMITH"},{"data":"Undo","floor":47,"key":"SMITH"},{"data":"Undo","floor":49,"key":"SMITH"}],"neow_cost":"NONE","seed_source_timestamp":42526443005163,"circlet_count":0,"master_deck":["Strike_B+1","Strike_B+1","Strike_B+1","Defend_B+1","Defend_B+1","Defend_B+1","Defend_B+1","Zap+1","Dualcast","Undo+1","Undo+1","Genetic Algorithm+1","Stack","Leap","Ball Lightning","Stack","Thunder Strike+1","Decay","Normality","Pain","Leap+1","Defragment+1","Machine Learning+1","Writhe","Redo+1","Electrodynamics+1","Reprogram+1","Static Discharge+1","Dramatic Entrance","Streamline+1","Static Discharge+1","Hello World+1","Go for the Eyes+1"],"special_seed":0,"relics":["Cracked Core","MawBank","Happy Flower","Strawberry","Calling Bell","Juzu Bracelet","Frozen Egg 2","Du-Vu Doll","Nilry\u0027s Codex","MutagenicStrength","Pear","Centennial Puzzle","PreservedInsect","Eternal Feather","Calipers","Anchor","ClockworkSouvenir","SsserpentHead","Medical Kit","Meat on the Bone"],"potions_floor_usage":[],"damage_taken":[{"damage":2.0,"enemies":"2 Louse","floor":1.0,"turns":3.0},{"damage":5.0,"enemies":"Small Slimes","floor":4.0,"turns":4.0},{"damage":0.0,"enemies":"Cultist","floor":5.0,"turns":3.0},{"damage":25.0,"enemies":"3 Sentries","floor":6.0,"turns":11.0},{"damage":8.0,"enemies":"Red Slaver","floor":7.0,"turns":4.0},{"damage":8.0,"enemies":"Lots of Slimes","floor":11.0,"turns":5.0},{"damage":0.0,"enemies":"Exordium Wildlife","floor":12.0,"turns":3.0},{"damage":0.0,"enemies":"3 Louse","floor":14.0,"turns":3.0},{"damage":27.0,"enemies":"The Guardian","floor":16.0,"turns":16.0},{"damage":10.0,"enemies":"2 Thieves","floor":18.0,"turns":4.0},{"damage":16.0,"enemies":"Shell Parasite","floor":20.0,"turns":9.0},{"damage":51.0,"enemies":"Slavers","floor":25.0,"turns":6.0},{"damage":19.0,"enemies":"Centurion and Healer","floor":31.0,"turns":8.0},{"damage":35.0,"enemies":"Collector","floor":33.0,"turns":13.0},{"damage":9.0,"enemies":"Orb Walker","floor":35.0,"turns":4.0},{"damage":3.0,"enemies":"3 Shapes","floor":38.0,"turns":4.0},{"damage":30,"enemies":"Transient","floor":41,"turns":5},{"damage":13,"enemies":"4 Shapes","floor":45,"turns":2},{"damage":35,"enemies":"Sphere and 2 Shapes","floor":46,"turns":5},{"damage":0,"enemies":"Transient","floor":48,"turns":5},{"damage":56,"enemies":"Donu and Deca","floor":50,"turns":8}],"seed_played":"7743444283811394080","potions_obtained":[{"floor":1.0,"key":"AttackPotion"},{"floor":3.0,"key":"FairyPotion"},{"floor":3.0,"key":"Regen Potion"},{"floor":3.0,"key":"Dexterity Potion"},{"floor":6.0,"key":"Energy Potion"},{"floor":31.0,"key":"SneckoOil"}],"is_trial":false,"path_per_floor":["M","?","?","M","M","E","M","R","T","$","M","M","R","M","R","B",null,"M","?","M","?","?","R","?","E","T","R","?","R","?","M","R","B",null,"M","$","?","M","?","R","M","$","T","R","M","M","R","M","R","B",null],"character_chosen":"DEFECT","items_purchased":["Static Discharge+1","Calipers","Anchor","ClockworkSouvenir","Medical Kit"],"campfire_rested":4,"item_purchase_floors":[36,36,36,36,42],"current_hp_per_floor":[73,73,73,68,68,52,44,44,51,51,43,43,43,43,67,40,82,72,56,40,24,24,50,50,18,18,47,47,47,47,28,57,22,97,88,88,88,85,85,97,67,67,67,85,72,49,67,67,85,41],"gold":58,"neow_bonus":"RANDOM_COMMON_RELIC","is_prod":false,"is_daily":false,"chose_seed":false,"campfire_upgraded":7,"win_rate":0.0,"timestamp":1545851469,"path_taken":["M","?","?","M","?","E","M","R","T","?","M","M","R","M","R","BOSS","M","?","M","?","?","R","?","E","T","R","?","R","?","M","R","BOSS","M","$","?","M","?","R","M","$","T","R","M","M","R","M","R","BOSS"],"build_version":"2018-12-20","purchased_purges":0,"victory":true,"max_hp_per_floor":[75,75,75,75,75,75,75,75,82,82,82,82,82,82,82,82,82,82,87,87,87,87,87,87,97,97,97,97,97,97,97,97,97,97,97,97,97,97,97,97,97,97,97,97,97,97,97,97,97,97],"card_choices":[{"not_picked":["Cold Snap","Coolheaded"],"picked":"Undo","floor":1.0},{"not_picked":["Force Field","Hologram"],"picked":"Undo","floor":4.0},{"not_picked":["Force Field","Storm"],"picked":"Genetic Algorithm","floor":5.0},{"not_picked":["Genetic Algorithm","Compile Driver"],"picked":"Stack","floor":6.0},{"not_picked":["Double Energy","Hologram"],"picked":"Leap","floor":7.0},{"not_picked":["Rebound","Barrage"],"picked":"Ball Lightning","floor":11.0},{"not_picked":["Lockon","Cold Snap","Double Energy"],"picked":"SKIP","floor":12.0},{"not_picked":["Aggregate","Cold Snap"],"picked":"Stack","floor":14.0},{"not_picked":["Multi-Cast","Fission"],"picked":"Thunder Strike","floor":16.0},{"not_picked":["Lockon","Sweeping Beam"],"picked":"Leap","floor":18.0},{"not_picked":["Sweeping Beam","Go for the Eyes"],"picked":"Defragment+1","floor":20.0},{"not_picked":["Steam Power","Consume"],"picked":"Machine Learning+1","floor":25.0},{"not_picked":["Coolheaded+1","Hologram+1"],"picked":"Redo","floor":31.0},{"not_picked":["Thunder Strike","Echo Form+1"],"picked":"Electrodynamics+1","floor":33.0},{"not_picked":["Cold Snap","Coolheaded+1"],"picked":"Reprogram+1","floor":35.0},{"not_picked":["Thinking Ahead","Flash of Steel"],"picked":"Dramatic Entrance","floor":37.0},{"not_picked":["Reinforced Body","Compile Driver"],"picked":"Streamline+1","floor":38.0},{"not_picked":["Gash","Genetic Algorithm","Hologram"],"picked":"SKIP","floor":41},{"not_picked":["Leap","Buffer+1"],"picked":"Static Discharge+1","floor":45},{"not_picked":["Coolheaded+1","Darkness+1"],"picked":"Hello World+1","floor":46},{"not_picked":["Cold Snap","Coolheaded+1"],"picked":"Go for the Eyes+1","floor":48}],"player_experience":22448,"relics_obtained":[{"floor":6.0,"key":"Happy Flower"},{"floor":9.0,"key":"Strawberry"},{"floor":17.0,"key":"Juzu Bracelet"},{"floor":17.0,"key":"Frozen Egg 2"},{"floor":17.0,"key":"Du-Vu Doll"},{"floor":21.0,"key":"Nilry\u0027s Codex"},{"floor":25.0,"key":"Pear"},{"floor":26.0,"key":"Centennial Puzzle"},{"floor":43,"key":"Meat on the Bone"}],"event_choices":[{"cards_removed":["Strike_B"],"damage_healed":0.0,"max_hp_gain":0.0,"max_hp_loss":0.0,"gold_gain":0.0,"event_name":"The Cleric","player_choice":"Card Removal","floor":2.0,"gold_loss":50.0,"damage_taken":0.0},{"damage_healed":0.0,"max_hp_gain":0.0,"max_hp_loss":0.0,"gold_gain":0.0,"event_name":"Lab","player_choice":"Got Potions","floor":3.0,"gold_loss":0.0,"damage_taken":0.0},{"damage_healed":0.0,"max_hp_gain":5.0,"max_hp_loss":0.0,"gold_gain":0.0,"event_name":"Forgotten Altar","player_choice":"Shed Blood","floor":19.0,"gold_loss":0.0,"damage_taken":21.0},{"damage_healed":0.0,"max_hp_gain":0.0,"max_hp_loss":0.0,"gold_gain":0.0,"event_name":"Cursed Tome","player_choice":"Obtained Book","floor":21.0,"gold_loss":0.0,"damage_taken":16.0},{"damage_healed":0.0,"max_hp_gain":0.0,"max_hp_loss":0.0,"gold_gain":0.0,"event_name":"Ghosts","player_choice":"Ignored","floor":22.0,"gold_loss":0.0,"damage_taken":0.0},{"damage_healed":0.0,"max_hp_gain":0.0,"max_hp_loss":0.0,"gold_gain":0.0,"event_name":"Drug Dealer","player_choice":"Inject Mutagens","floor":24.0,"gold_loss":0.0,"damage_taken":0.0,"relics_obtained":["MutagenicStrength"]},{"damage_healed":0.0,"max_hp_gain":0.0,"max_hp_loss":0.0,"gold_gain":0.0,"event_name":"The Mausoleum","player_choice":"Opened","floor":28.0,"gold_loss":0.0,"damage_taken":0.0,"relics_obtained":["PreservedInsect"],"cards_obtained":["Writhe"]},{"damage_healed":0.0,"max_hp_gain":0.0,"max_hp_loss":0.0,"gold_gain":0.0,"event_name":"Back to Basics","player_choice":"Simplicity","floor":30.0,"gold_loss":0.0,"damage_taken":0.0,"cards_upgraded":["Strike_B","Strike_B","Strike_B","Defend_B","Defend_B","Defend_B","Defend_B"]},{"damage_healed":0.0,"max_hp_gain":0.0,"max_hp_loss":0.0,"gold_gain":0.0,"event_name":"SensoryStone","player_choice":"Memory 1","floor":37.0,"gold_loss":0.0,"damage_taken":0.0},{"damage_healed":0.0,"max_hp_gain":0.0,"max_hp_loss":0.0,"gold_gain":0.0,"event_name":"FaceTrader","player_choice":"Trade","floor":39.0,"gold_loss":0.0,"damage_taken":0.0,"relics_obtained":["SsserpentHead"]}],"is_beta":false,"boss_relics":[{"not_picked":["Ectoplasm","Empty Cage"],"picked":"Calling Bell"},{"not_picked":["Astrolabe","Orrery"],"picked":"Eternal Feather"}],"items_purged_floors":[],"is_endless":false,"potions_floor_spawned":[1,6,11,14,16,31,46,48],"ascension_level":0}