{"gold_per_floor":[119,44,63,82,98,128,139,139,162,162,181,199,99,99,99,198,198,218,93,103,203,124,155,155],"floor_reached":24,"playtime":717,"items_purged":["Strike_B","Strike_B","Strike_B"],"score":218,"play_id":"6609cc1e-0b42-46ff-9ced-9b140b42d07a","local_time":"20190326173844","is_ascension_mode":false,"campfire_choices":[{"floor":8,"key":"RECALL"},{"data":"Streamline","floor":10,"key":"SMITH"},{"data":"Coolheaded","floor":15,"key":"SMITH"}],"neow_cost":"NONE","seed_source_timestamp":232262011350200,"circlet_count":0,"master_deck":["Defend_B","Defend_B","Defend_B","Defend_B","Zap","Dualcast","Streamline+1","Beam Cell","Coolheaded+1","Gash","Scrape"],"relics":["Cracked Core","Du-Vu Doll","Busted Crown","Oddly Smooth Stone"],"potions_floor_usage":[5,6,16,18],"damage_taken":[{"damage":1,"enemies":"Cultist","floor":1,"turns":4},{"damage":0,"enemies":"2 Louse","floor":3,"turns":2},{"damage":1,"enemies":"Jaw Worm","floor":4,"turns":3},{"damage":21,"enemies":"Exordium Thugs","floor":5,"turns":4},{"damage":19,"enemies":"Gremlin Nob","floor":6,"turns":4},{"damage":5,"enemies":"Looter","floor":7,"turns":2},{"damage":8,"enemies":"2 Fungi Beasts","floor":11,"turns":3},{"damage":0,"enemies":"Large Slime","floor":12,"turns":4},{"damage":7,"enemies":"The Guardian","floor":16,"turns":12},{"damage":11,"enemies":"2 Thieves","floor":18,"turns":3},{"damage":2,"enemies":"Spheric Guardian","floor":20,"turns":4},{"damage":60,"enemies":"Book of Stabbing","floor":23,"turns":7},{"damage":3,"enemies":"Cultist and Chosen","floor":24,"turns":3}],"seed_played":"7016067258369219439","potions_obtained":[{"floor":4,"key":"Ancient Potion"},{"floor":5,"key":"FearPotion"},{"floor":7,"key":"LiquidBronze"},{"floor":11,"key":"Block Potion"},{"floor":23,"key":"SkillPotion"}],"is_trial":false,"path_per_floor":["M","$","M","M","M","E","M","R","T","R","M","M","$","?","R","B",null,"M","$","M","?","$","E","M"],"character_chosen":"DEFECT","items_purchased":["Scrape"],"campfire_rested":0,"item_purchase_floors":[22],"current_hp_per_floor":[74,74,74,73,52,33,28,28,28,28,20,20,20,20,20,13,75,64,64,62,62,62,2,0],"gold":155,"neow_bonus":"REMOVE_CARD","is_prod":false,"is_daily":false,"chose_seed":false,"campfire_upgraded":2,"win_rate":0,"timestamp":1553593124,"path_taken":["M","$","M","M","M","E","?","R","T","R","M","M","$","?","R","BOSS","M","$","M","?","?","E","M"],"build_version":"2019-01-23","purchased_purges":3,"victory":false,"max_hp_per_floor":[75,75,75,75,75,75,75,75,75,75,75,75,75,75,75,75,75,75,75,75,75,75,75,75],"card_choices":[{"not_picked":["Hologram","Conserve Battery"],"picked":"Streamline","floor":1},{"not_picked":["Hologram","Go for the Eyes","Leap"],"picked":"SKIP","floor":3},{"not_picked":["Redo","Steam Power","Hello World"],"picked":"SKIP","floor":4},{"not_picked":["Auto Shields","Redo"],"picked":"Beam Cell","floor":5},{"not_picked":["Reprogram","Rip and Tear","Capacitor"],"picked":"SKIP","floor":6},{"not_picked":["Loop","Go for the Eyes"],"picked":"Coolheaded","floor":7},{"not_picked":["Compile Driver","Conserve Battery"],"picked":"Gash","floor":11},{"not_picked":["Biased Cognition","Lockon","Go for the Eyes"],"picked":"SKIP","floor":12},{"not_picked":["Undo"],"picked":"SKIP","floor":18},{"not_picked":["Steam"],"picked":"SKIP","floor":20},{"not_picked":["Go for the Eyes"],"picked":"SKIP","floor":23}],"player_experience":437050,"relics_obtained":[{"floor":6,"key":"Du-Vu Doll"},{"floor":23,"key":"Oddly Smooth Stone"}],"event_choices":[{"damage_healed":0,"gold_gain":0,"player_choice":"Ignored","damage_taken":0,"max_hp_gain":0,"max_hp_loss":0,"event_name":"Liars Game","floor":14,"gold_loss":0},{"damage_healed":0,"gold_gain":100,"player_choice":"Pray","damage_taken":0,"max_hp_gain":0,"max_hp_loss":0,"event_name":"Golden Shrine","floor":21,"gold_loss":0}],"is_beta":false,"boss_relics":[{"not_picked":["Calling Bell","White Beast Statue"],"picked":"Busted Crown"}],"items_purged_floors":[2,13,19],"is_endless":false,"potions_floor_spawned":[4,5,7,11,23],"killed_by":"Cultist and Chosen","ascension_level":0}