{"gold_per_floor":[18,18,18,33,33,33,47,47,47,65,101,119,155,170,170,263,263,286,302,302,317,17,17,51,251,321,177,247,247,275,329,329,403,403,458,491,571,571,591,643,643,693,693,716,716,449,484,262,262,262,302,302,302,58,86,86],"floor_reached":57,"playtime":3708,"items_purged":["Strike_G","Strike_G","Strike_G","HandOfGreed"],"score":3291,"play_id":"767cd49f-8492-4741-a6cd-0c47fc52d0a8","local_time":"20190507231412","is_ascension_mode":true,"campfire_choices":[{"data":"Glass Knife","floor":6.0,"key":"SMITH"},{"floor":8.0,"key":"REST"},{"data":"Neutralize","floor":15.0,"key":"SMITH"},{"data":"Well Laid Plans","floor":23.0,"key":"SMITH"},{"data":"Blade Dance","floor":29.0,"key":"SMITH"},{"data":"Infinite Blades","floor":32.0,"key":"SMITH"},{"data":"After Image","floor":41.0,"key":"SMITH"},{"floor":49.0,"key":"RECALL"},{"data":"Cloak And Dagger","floor":53,"key":"SMITH"}],"neow_cost":"NO_GOLD","seed_source_timestamp":3285542500000,"circlet_count":0,"master_deck":["AscendersBane","Defend_G","Defend_G","Defend_G+1","Defend_G","Defend_G","Strike_G+1","Survivor","Neutralize+1","Glass Knife+1","Slice","Backflip+1","Well Laid Plans+1","Infinite Blades+1","Leg Sweep+1","Blade Dance+1","After Image","Outmaneuver+1","After Image+1","Backflip","Cloak And Dagger+1","Infinite Blades","Infinite Blades+1","Terror"],"special_seed":0,"relics":["Ring of the Snake","Shuriken","Bloody Idol","Gremlin Horn","Incense Burner","Juzu Bracelet","Black Star","Membership Card","Boot","Mummified Hand","Regal Pillow","PreservedInsect","War Paint","StoneCalendar","Centennial Puzzle","Sozu","Mango","Dream Catcher","Lantern","Kunai","Smiling Mask","Whetstone","Bag of Marbles","Toolbox","Bag of Preparation","Ginger","Pocketwatch","Pen Nib","DollysMirror","Oddly Smooth Stone","Vajra"],"potions_floor_usage":[],"damage_taken":[{"damage":0.0,"enemies":"Small Slimes","floor":1.0,"turns":4.0},{"damage":0.0,"enemies":"Jaw Worm","floor":4.0,"turns":3.0},{"damage":0.0,"enemies":"2 Louse","floor":7.0,"turns":2.0},{"damage":4.0,"enemies":"Blue Slaver","floor":10.0,"turns":3.0},{"damage":20.0,"enemies":"3 Sentries","floor":11.0,"turns":12.0},{"damage":0.0,"enemies":"Gremlin Gang","floor":12.0,"turns":3.0},{"damage":0.0,"enemies":"Gremlin Nob","floor":13.0,"turns":4.0},{"damage":0.0,"enemies":"Red Slaver","floor":14.0,"turns":3.0},{"damage":0.0,"enemies":"The Guardian","floor":16.0,"turns":10.0},{"damage":3.0,"enemies":"2 Thieves","floor":18.0,"turns":5.0},{"damage":15.0,"enemies":"Spheric Guardian","floor":19.0,"turns":4.0},{"damage":6.0,"enemies":"Snecko","floor":21.0,"turns":9.0},{"damage":0.0,"enemies":"Gremlin Leader","floor":24.0,"turns":6.0},{"damage":24.0,"enemies":"Slavers","floor":28.0,"turns":14.0},{"damage":9.0,"enemies":"Book of Stabbing","floor":30.0,"turns":5.0},{"damage":0.0,"enemies":"Centurion and Healer","floor":31.0,"turns":7.0},{"damage":42.0,"enemies":"Collector","floor":33.0,"turns":9.0},{"damage":8.0,"enemies":"3 Shapes","floor":35.0,"turns":6.0},{"damage":34.0,"enemies":"3 Darklings","floor":36.0,"turns":4.0},{"damage":15.0,"enemies":"Jaw Worm Horde","floor":37.0,"turns":6.0},{"damage":0.0,"enemies":"Maw","floor":39.0,"turns":7.0},{"damage":0.0,"enemies":"Reptomancer","floor":40.0,"turns":6.0},{"damage":0.0,"enemies":"Nemesis","floor":42.0,"turns":6.0},{"damage":0.0,"enemies":"Giant Head","floor":47.0,"turns":7.0},{"damage":0.0,"enemies":"Donu and Deca","floor":50.0,"turns":10.0},{"damage":19,"enemies":"Awakened One","floor":51,"turns":17},{"damage":0,"enemies":"Shield and Spear","floor":55,"turns":6},{"damage":72,"enemies":"The Heart","floor":56,"turns":9}],"seed_played":"-4972183641577532062","potions_obtained":[{"floor":7.0,"key":"FearPotion"},{"floor":12.0,"key":"Poison Potion"},{"floor":16.0,"key":"Weak Potion"},{"floor":21.0,"key":"Dexterity Potion"},{"floor":28.0,"key":"Fire Potion"},{"floor":33.0,"key":"SteroidPotion"}],"is_trial":false,"path_per_floor":["M","?","?","M","?","R","M","R","T","M","E","M","E","M","R","B",null,"M","M","?","M","$","R","E","?","T","$","E","R","E","M","R","B",null,"M","M","M","?","M","E","R","E","T","T","?","$","E","$","R","B","B",null,"R","$","E","B",null],"character_chosen":"THE_SILENT","items_purchased":["Membership Card","HandOfGreed","Blade Dance","Regal Pillow","Bag of Marbles","Cloak And Dagger","Toolbox","Pocketwatch","Pen Nib","DollysMirror"],"campfire_rested":1,"item_purchase_floors":[22,22,27,27,46,46,46,48,54,54],"current_hp_per_floor":[59,52,17,17,17,17,17,35,35,31,11,11,11,11,11,11,48,45,30,30,29,29,29,34,39,44,44,35,35,31,46,46,9,47,54,30,35,35,40,64,64,74,74,74,74,74,74,74,74,74,60,71,71,71,74,2],"gold":86,"neow_bonus":"THREE_RARE_CARDS","is_prod":false,"is_daily":false,"chose_seed":false,"campfire_upgraded":7,"win_rate":0,"timestamp":1557242052,"path_taken":["M","?","?","M","?","R","?","R","T","M","E","M","E","M","R","BOSS","M","M","?","M","$","R","E","?","T","$","E","R","E","M","R","BOSS","M","M","M","?","M","E","R","E","T","?","?","$","E","$","R","BOSS","BOSS","R","$","E","BOSS"],"build_version":"2019-04-23","purchased_purges":4,"victory":true,"max_hp_per_floor":[66,66,66,66,60,60,60,60,60,60,60,60,60,60,60,60,60,60,60,60,60,60,60,60,60,60,60,60,60,60,60,60,60,60,60,60,60,60,60,74,74,74,74,74,74,74,74,74,74,74,74,74,74,74,74,74],"card_choices":[{"not_picked":["Tools of the Trade","Night Terror"],"picked":"Glass Knife","floor":0.0},{"not_picked":["Sucker Punch","Prepared","Poisoned Stab"],"picked":"SKIP","floor":1.0},{"not_picked":["Sucker Punch","Prepared","Poisoned Stab"],"picked":"SKIP","floor":1.0},{"not_picked":["Dagger Throw","Quick Slash","Sucker Punch"],"picked":"SKIP","floor":4.0},{"not_picked":["Bullet Time","Underhanded Strike"],"picked":"Slice","floor":7.0},{"not_picked":["Poisoned Stab","Blur"],"picked":"Backflip","floor":10.0},{"not_picked":["Acrobatics","Footwork"],"picked":"Dash","floor":11.0},{"not_picked":["Escape Plan","Crippling Poison"],"picked":"Well Laid Plans","floor":12.0},{"not_picked":["Burst","Finisher"],"picked":"Infinite Blades","floor":13.0},{"not_picked":["Quick Slash","PiercingWail","Riddle With Holes"],"picked":"SKIP","floor":14.0},{"not_picked":["Quick Slash","PiercingWail","Riddle With Holes"],"picked":"SKIP","floor":14.0},{"not_picked":["Quick Slash","PiercingWail","Riddle With Holes"],"picked":"SKIP","floor":14.0},{"not_picked":["Quick Slash","Choke","Underhanded Strike"],"picked":"SKIP","floor":18.0},{"not_picked":["Slice+1","Backflip"],"picked":"Leg Sweep+1","floor":19.0},{"not_picked":["All Out Attack","Poisoned Stab","Outmaneuver"],"picked":"SKIP","floor":21.0},{"not_picked":["All Out Attack","Poisoned Stab","Outmaneuver"],"picked":"SKIP","floor":21.0},{"not_picked":["Skewer","Quick Slash","Dagger Spray"],"picked":"SKIP","floor":24.0},{"not_picked":["Poisoned Stab","Storm of Steel","Sucker Punch"],"picked":"SKIP","floor":28.0},{"not_picked":["Poisoned Stab","Storm of Steel","Sucker Punch"],"picked":"SKIP","floor":28.0},{"not_picked":["Poisoned Stab","Storm of Steel","Sucker Punch"],"picked":"SKIP","floor":28.0},{"not_picked":["Sucker Punch","Bane","Dagger Throw"],"picked":"SKIP","floor":30.0},{"not_picked":["Prepared","Sucker Punch","Deflect"],"picked":"SKIP","floor":31.0},{"not_picked":["Prepared","Sucker Punch","Deflect"],"picked":"SKIP","floor":31.0},{"not_picked":["Venomology","Wraith Form v2"],"picked":"After Image","floor":33.0},{"not_picked":["Blade Dance","Flying Knee","Masterful Stab"],"picked":"SKIP","floor":35.0},{"not_picked":["Heel Hook","Distraction","Sucker Punch"],"picked":"SKIP","floor":36.0},{"not_picked":["Masterful Stab+1","Flying Knee"],"picked":"Outmaneuver+1","floor":37.0},{"not_picked":["Dagger Spray","Catalyst"],"picked":"Backflip","floor":39.0},{"not_picked":["Noxious Fumes","Bouncing Flask","Underhanded Strike+1"],"picked":"SKIP","floor":40.0},{"not_picked":["Deflect","Corpse Explosion","Riddle With Holes"],"picked":"SKIP","floor":42.0},{"not_picked":["Deflect","Corpse Explosion","Riddle With Holes"],"picked":"SKIP","floor":42.0},{"not_picked":["Calculated Gamble+1","PiercingWail"],"picked":"Infinite Blades","floor":47.0},{"not_picked":["Underhanded Strike+1","Slice"],"picked":"Terror","floor":55}],"player_experience":1429235,"relics_obtained":[{"floor":9.0,"key":"Gremlin Horn"},{"floor":11.0,"key":"Incense Burner"},{"floor":13.0,"key":"Juzu Bracelet"},{"floor":24.0,"key":"Boot"},{"floor":24.0,"key":"Mummified Hand"},{"floor":28.0,"key":"PreservedInsect"},{"floor":28.0,"key":"War Paint"},{"floor":30.0,"key":"StoneCalendar"},{"floor":30.0,"key":"Centennial Puzzle"},{"floor":40.0,"key":"Mango"},{"floor":40.0,"key":"Dream Catcher"},{"floor":42.0,"key":"Lantern"},{"floor":42.0,"key":"Kunai"},{"floor":43.0,"key":"Smiling Mask"},{"floor":44.0,"key":"Whetstone"},{"floor":47.0,"key":"Bag of Preparation"},{"floor":47.0,"key":"Ginger"},{"floor":55,"key":"Oddly Smooth Stone"},{"floor":55,"key":"Vajra"}],"event_choices":[{"cards_removed":["Strike_G"],"damage_healed":0.0,"max_hp_gain":0.0,"max_hp_loss":0.0,"gold_gain":0.0,"event_name":"Golden Wing","player_choice":"Card Removal","floor":2.0,"gold_loss":0.0,"damage_taken":7.0},{"damage_healed":0.0,"max_hp_gain":0.0,"max_hp_loss":0.0,"gold_gain":0.0,"event_name":"Scrap Ooze","player_choice":"Success","floor":3.0,"gold_loss":0.0,"damage_taken":35.0,"relics_obtained":["Shuriken"]},{"damage_healed":0.0,"max_hp_gain":0.0,"max_hp_loss":6.0,"gold_gain":0.0,"event_name":"Golden Idol","player_choice":"Lose Max HP","floor":5.0,"gold_loss":0.0,"damage_taken":0.0,"relics_obtained":["Golden Idol"]},{"damage_healed":0.0,"max_hp_gain":0.0,"max_hp_loss":0.0,"gold_gain":0.0,"event_name":"Forgotten Altar","player_choice":"Gave Idol","floor":20.0,"relics_lost":["Golden Idol"],"gold_loss":0.0,"damage_taken":0.0,"relics_obtained":["Bloody Idol"]},{"damage_healed":0.0,"max_hp_gain":0.0,"max_hp_loss":0.0,"gold_gain":250.0,"event_name":"The Joust","player_choice":"Bet on Owner","floor":25.0,"gold_loss":50.0,"damage_taken":0.0},{"damage_healed":0.0,"max_hp_gain":0.0,"max_hp_loss":0.0,"gold_gain":0.0,"event_name":"Duplicator","player_choice":"Copied","floor":38.0,"gold_loss":0.0,"damage_taken":0.0,"cards_obtained":["After Image"]},{"cards_removed":["Dash"],"damage_healed":0.0,"max_hp_gain":0.0,"max_hp_loss":0.0,"gold_gain":0.0,"event_name":"Falling","player_choice":"Removed Attack","floor":45.0,"gold_loss":0.0,"damage_taken":0.0}],"is_beta":true,"boss_relics":[{"not_picked":["WristBlade","HoveringKite"],"picked":"Black Star"},{"not_picked":["Velvet Choker","Runic Pyramid"],"picked":"Sozu"}],"items_purged_floors":[27,46,48,54],"is_endless":false,"potions_floor_spawned":[7,12,13,16,21,24,28,33,35,36,39,47,55],"ascension_level":20}