{"gold_per_floor":[117,136,154,170,62,62,83,103,103,118,129,155,155,79,79,203,203,224,245,81,81,81,125,125,125,149,163,88,106,149,164,164,295,295,314,335,29,50,0,0,13,32,55,55,70,19,19,19],"floor_reached":48,"playtime":2463,"items_purged":[],"score":526,"play_id":"e6b09661-8003-43ea-8315-c8d7f48677ab","local_time":"20190221211057","is_ascension_mode":false,"campfire_choices":[{"data":"Anger","floor":6,"key":"SMITH"},{"floor":15,"key":"REST"},{"floor":24,"key":"REST"},{"data":"Apotheosis","floor":32,"key":"SMITH"},{"floor":40,"key":"REST"}],"neow_cost":"NONE","seed_source_timestamp":440885093207909,"circlet_count":0,"master_deck":["Strike_R","Strike_R","Strike_R","Strike_R+1","Defend_R","Defend_R","Defend_R","Defend_R","Bash","Cleave+1","Anger+1","Perfected Strike","Iron Wave","Flex","Metallicize","Perfected Strike","Shrug It Off","Thunderclap","Shrug It Off","Berserk","Inflame","Berserk","Thunderclap","Flex","Apotheosis+1","Perfected Strike","Flex","Flex","Reaper","Flex","Reaper","Pommel Strike","Ghostly Armor+1","Pommel Strike","Clash+1","Shrug It Off+1","Writhe","Flame Barrier","Secret Weapon","Bandage Up"],"relics":["White Beast Statue","Odd Mushroom","Ornamental Fan","Whetstone","Golden Idol","Philosopher\u0027s Stone","Torii","Meat on the Bone","Red Skull","Sundial","Runic Pyramid","Potion Belt","Bag of Marbles","Red Mask","Lantern"],"potions_floor_usage":[4,4,7,10,12,16,19,23,27,29,30,30,30,30,30,30,31,33,38,41,42,45,45,48,48],"damage_taken":[{"damage":0,"enemies":"Small Slimes","floor":1,"turns":3},{"damage":0,"enemies":"2 Louse","floor":2,"turns":2},{"damage":1,"enemies":"Jaw Worm","floor":3,"turns":3},{"damage":1,"enemies":"2 Fungi Beasts","floor":4,"turns":2},{"damage":22,"enemies":"The Mushroom Lair","floor":7,"turns":4},{"damage":8,"enemies":"3 Louse","floor":8,"turns":3},{"damage":0,"enemies":"Looter","floor":10,"turns":2},{"damage":10,"enemies":"Exordium Thugs","floor":11,"turns":3},{"damage":18,"enemies":"3 Sentries","floor":12,"turns":5},{"damage":27,"enemies":"Hexaghost","floor":16,"turns":8},{"damage":8,"enemies":"Spheric Guardian","floor":18,"turns":3},{"damage":9,"enemies":"Shell Parasite","floor":19,"turns":3},{"damage":50,"enemies":"Gremlin Leader","floor":23,"turns":5},{"damage":6,"enemies":"Centurion and Healer","floor":27,"turns":4},{"damage":7,"enemies":"Sentry and Sphere","floor":29,"turns":4},{"damage":35,"enemies":"Slavers","floor":30,"turns":3},{"damage":16,"enemies":"3 Cultists","floor":31,"turns":4},{"damage":37,"enemies":"Champ","floor":33,"turns":13},{"damage":26,"enemies":"Orb Walker","floor":35,"turns":4},{"damage":21,"enemies":"3 Shapes","floor":36,"turns":3},{"damage":36,"enemies":"Maw","floor":38,"turns":6},{"damage":9,"enemies":"4 Shapes","floor":41,"turns":3},{"damage":55,"enemies":"Transient","floor":42,"turns":5},{"damage":31,"enemies":"Sphere and 2 Shapes","floor":45,"turns":5},{"damage":50,"enemies":"Spire Growth","floor":48,"turns":4}],"seed_played":"-5075773030397259100","potions_obtained":[{"floor":1,"key":"PowerPotion"},{"floor":2,"key":"Fire Potion"},{"floor":3,"key":"Dexterity Potion"},{"floor":4,"key":"EssenceOfSteel"},{"floor":7,"key":"FearPotion"},{"floor":8,"key":"SkillPotion"},{"floor":10,"key":"FearPotion"},{"floor":11,"key":"Strength Potion"},{"floor":12,"key":"Energy Potion"},{"floor":16,"key":"AttackPotion"},{"floor":18,"key":"SkillPotion"},{"floor":19,"key":"EntropicBrew"},{"floor":23,"key":"PowerPotion"},{"floor":27,"key":"Fire Potion"},{"floor":29,"key":"Dexterity Potion"},{"floor":30,"key":"SkillPotion"},{"floor":31,"key":"Block Potion"},{"floor":33,"key":"Poison Potion"},{"floor":35,"key":"Swift Potion"},{"floor":36,"key":"Regen Potion"},{"floor":38,"key":"Fruit Juice"},{"floor":41,"key":"SpeedPotion"},{"floor":42,"key":"Strength Potion"},{"floor":45,"key":"FearPotion"}],"is_trial":false,"path_per_floor":["M","M","M","M","$","R","?","M","T","M","M","E","?","$","R","B",null,"M","M","$","?","$","E","R","?","T","M","?","M","E","M","R","B",null,"M","M","$","M","?","R","M","M","T","?","M","$","?","M"],"character_chosen":"IRONCLAD","items_purchased":["Flex","Metallicize","Inflame","Apotheosis","Potion Belt","Bag of Marbles","Fire Potion"],"campfire_rested":3,"item_purchase_floors":[5,5,14,20,37,37,46],"current_hp_per_floor":[80,80,79,78,78,78,56,48,48,48,38,20,20,20,42,15,74,66,57,57,57,57,7,29,29,29,35,35,40,24,46,46,30,74,55,52,52,57,57,74,74,40,40,60,47,47,42,0],"gold":19,"neow_bonus":"BOSS_RELIC","is_prod":false,"is_daily":false,"chose_seed":false,"campfire_upgraded":2,"win_rate":0.0,"timestamp":1550805057,"path_taken":["M","M","M","M","$","R","?","M","T","M","M","E","?","$","R","BOSS","M","M","$","?","$","E","R","?","T","M","?","M","E","?","R","BOSS","M","M","$","M","?","R","M","M","T","?","M","$","?","M"],"build_version":"2019-01-23","purchased_purges":0,"victory":false,"max_hp_per_floor":[80,80,80,80,80,80,80,80,80,80,80,80,74,74,74,74,74,74,74,74,74,74,74,74,74,74,74,74,74,74,74,74,74,74,74,74,74,74,74,74,79,79,79,79,79,79,79,79],"card_choices":[{"not_picked":["Intimidate","Clash"],"picked":"Cleave","floor":1},{"not_picked":["Sword Boomerang","Pummel"],"picked":"Anger","floor":2},{"not_picked":["Entrench","Dual Wield"],"picked":"Perfected Strike","floor":3},{"not_picked":["Spot Weakness","Wild Strike"],"picked":"Iron Wave","floor":4},{"not_picked":["Shrug It Off","Havoc"],"picked":"Perfected Strike","floor":7},{"not_picked":["Ghostly Armor","Sever Soul"],"picked":"Shrug It Off","floor":8},{"not_picked":["Corruption","Heavy Blade"],"picked":"Thunderclap","floor":10},{"not_picked":["Body Slam","Seeing Red"],"picked":"Shrug It Off","floor":11},{"not_picked":["Heavy Blade","Pummel"],"picked":"Berserk","floor":12},{"not_picked":["Fiend Fire","Feed"],"picked":"Berserk","floor":16},{"not_picked":["Carnage","Body Slam"],"picked":"Thunderclap","floor":18},{"not_picked":["Burning Pact","Clothesline"],"picked":"Flex","floor":19},{"not_picked":["Thunderclap","Pommel Strike"],"picked":"Perfected Strike","floor":23},{"not_picked":["Intimidate+1","Armaments+1"],"picked":"Flex","floor":27},{"not_picked":["Sentinel","Armaments"],"picked":"Flex","floor":29},{"not_picked":["Thunderclap","Fire Breathing+1"],"picked":"Reaper","floor":30},{"not_picked":["Power Through","Iron Wave"],"picked":"Flex","floor":31},{"not_picked":["Immolate","Juggernaut"],"picked":"Reaper","floor":33},{"not_picked":["Second Wind+1","Flex"],"picked":"Pommel Strike","floor":35},{"not_picked":["Combust","Hemokinesis+1"],"picked":"Ghostly Armor+1","floor":36},{"not_picked":["Warcry+1","Bloodletting"],"picked":"Pommel Strike","floor":38},{"not_picked":["Heavy Blade","Flex+1"],"picked":"Clash+1","floor":41},{"not_picked":["Burning Pact","Spot Weakness+1"],"picked":"Shrug It Off+1","floor":42},{"not_picked":["Second Wind","Havoc+1"],"picked":"Flame Barrier","floor":45},{"not_picked":["Master of Strategy","Jack Of All Trades"],"picked":"Secret Weapon","floor":47},{"not_picked":["Thinking Ahead","Apotheosis"],"picked":"Bandage Up","floor":47}],"player_experience":58005,"relics_obtained":[{"floor":7,"key":"Odd Mushroom"},{"floor":9,"key":"Ornamental Fan"},{"floor":12,"key":"Whetstone"},{"floor":23,"key":"Meat on the Bone"},{"floor":26,"key":"Red Skull"},{"floor":30,"key":"Sundial"},{"floor":43,"key":"Lantern"}],"event_choices":[{"damage_healed":0,"gold_gain":0,"player_choice":"Fought Mushrooms","damage_taken":0,"max_hp_gain":0,"max_hp_loss":0,"event_name":"Mushrooms","floor":7,"gold_loss":0},{"damage_healed":0,"gold_gain":0,"player_choice":"Lose Max HP","damage_taken":0,"relics_obtained":["Golden Idol"],"max_hp_gain":0,"max_hp_loss":6,"event_name":"Golden Idol","floor":13,"gold_loss":0},{"damage_healed":0,"gold_gain":0,"player_choice":"Opened","damage_taken":0,"relics_obtained":["Torii"],"max_hp_gain":0,"max_hp_loss":0,"event_name":"The Mausoleum","floor":21,"gold_loss":0},{"damage_healed":0,"gold_gain":0,"player_choice":"Ignored","damage_taken":0,"max_hp_gain":0,"max_hp_loss":0,"event_name":"Cursed Tome","floor":25,"gold_loss":0},{"cards_removed":["Strike_R"],"damage_healed":0,"gold_gain":0,"player_choice":"Gave Gold","damage_taken":0,"max_hp_gain":0,"max_hp_loss":0,"event_name":"Beggar","floor":28,"gold_loss":75},{"damage_healed":0,"gold_gain":0,"player_choice":"Paid","damage_taken":0,"relics_obtained":["Red Mask"],"max_hp_gain":0,"max_hp_loss":0,"event_name":"Tomb of Lord Red Mask","floor":39,"gold_loss":50},{"damage_healed":20,"gold_gain":0,"player_choice":"Writhe","damage_taken":0,"max_hp_gain":0,"max_hp_loss":0,"event_name":"Winding Halls","floor":44,"gold_loss":0,"cards_obtained":["Writhe"]},{"damage_healed":0,"gold_gain":0,"player_choice":"Memory 2","damage_taken":5,"max_hp_gain":0,"max_hp_loss":0,"event_name":"SensoryStone","floor":47,"gold_loss":0}],"is_beta":false,"boss_relics":[{"not_picked":["Calling Bell","Lizard Tail"],"picked":"Philosopher\u0027s Stone"},{"not_picked":["Runic Dome","Astrolabe"],"picked":"Runic Pyramid"}],"items_purged_floors":[],"is_endless":false,"potions_floor_spawned":[1,2,3,4,7,8,10,11,12,16,18,19,23,27,29,30,31,33,35,36,38,41,42,45],"killed_by":"Spire Growth","ascension_level":0}