{"gold_per_floor":[115,115,65,41,56,83,83,99,99,115,125,125,155,172,172,270,270,282,301,312,312,312,312],"floor_reached":23,"playtime":878,"items_purged":[],"score":289,"play_id":"ace7e281-6986-48e9-979d-d9566576ba1f","local_time":"20180821111342","is_ascension_mode":true,"campfire_choices":[{"data":"Zap","floor":7,"key":"SMITH"},{"floor":12,"key":"REST"},{"floor":15,"key":"REST"}],"neow_cost":"NONE","seed_source_timestamp":57373527689046,"circlet_count":0,"master_deck":["Defend_B","Defend_B","Defend_B","Zap+1","Dualcast","BootSequence","Leap","Reinforced Body","Consume","Tempest","Capacitor","Capacitor","Multi-Cast","Redo","Machine Learning+1","Steam+1","Bite","Bite","Bite","Bite","Bite"],"relics":["Cracked Core","Bag of Preparation","Incense Burner","Bag of Marbles","Dodecahedron","Frozen Egg 2","Snecko Eye"],"potions_floor_usage":[6,10,14,16,18],"damage_taken":[{"damage":2,"enemies":"Jaw Worm","floor":1,"turns":3},{"damage":0,"enemies":"Small Slimes","floor":5,"turns":3},{"damage":5,"enemies":"Gremlin Nob","floor":6,"turns":4},{"damage":1,"enemies":"Cultist","floor":8,"turns":3},{"damage":4,"enemies":"Exordium Thugs","floor":10,"turns":4},{"damage":4,"enemies":"Exordium Wildlife","floor":11,"turns":4},{"damage":50,"enemies":"3 Sentries","floor":13,"turns":6},{"damage":3,"enemies":"Lots of Slimes","floor":14,"turns":3},{"damage":3,"enemies":"Slime Boss","floor":16,"turns":7},{"damage":41,"enemies":"Shell Parasite","floor":18,"turns":12},{"damage":24,"enemies":"Spheric Guardian","floor":19,"turns":6},{"damage":5,"enemies":"Snecko","floor":20,"turns":5},{"damage":21,"enemies":"Book of Stabbing","floor":23,"turns":2}],"seed_played":"-6884927013446315907","potions_obtained":[{"floor":1,"key":"FocusPotion"},{"floor":6,"key":"PowerPotion"},{"floor":11,"key":"SmokeBomb"},{"floor":13,"key":"AttackPotion"},{"floor":14,"key":"Regen Potion"},{"floor":16,"key":"Regen Potion"},{"floor":18,"key":"SteroidPotion"}],"is_trial":false,"path_per_floor":["M","?","?","$","M","E","R","M","T","M","M","R","E","M","R","B",null,"M","M","M","?","?"],"character_chosen":"DEFECT","items_purchased":["Leap"],"campfire_rested":2,"item_purchase_floors":[4],"current_hp_per_floor":[66,59,59,59,59,54,54,53,53,49,45,67,17,14,36,48,68,42,18,13,13,13,0],"gold":312,"neow_bonus":"RANDOM_COMMON_RELIC","is_prod":false,"is_daily":false,"chose_seed":false,"campfire_upgraded":1,"win_rate":0,"timestamp":1534842822,"path_taken":["M","?","?","?","?","E","R","?","T","M","M","R","E","M","R","BOSS","M","M","M","?","?","E"],"build_version":"2018-08-16","purchased_purges":0,"victory":false,"max_hp_per_floor":[75,75,75,75,75,75,75,75,75,75,75,75,75,75,75,75,75,75,75,75,52,52,52],"card_choices":[{"not_picked":["Compile Driver","Stack"],"picked":"BootSequence","floor":1},{"not_picked":["Streamline","Leap"],"picked":"Reinforced Body","floor":5},{"not_picked":["Leap","Steam Power"],"picked":"Consume","floor":6},{"not_picked":["Rebound","Loop"],"picked":"Tempest","floor":8},{"not_picked":["Turbo","Sweeping Beam"],"picked":"Capacitor","floor":10},{"not_picked":["Chaos","Barrage"],"picked":"Capacitor","floor":11},{"not_picked":["Ball Lightning","Consume"],"picked":"Multi-Cast","floor":13},{"not_picked":["Aggregate","Ball Lightning"],"picked":"Redo","floor":14},{"not_picked":["Seek","Hyperbeam"],"picked":"Machine Learning+1","floor":16},{"not_picked":["Stack","Hologram+1","Rebound+1"],"picked":"SKIP","floor":18},{"not_picked":["Rebound+1","Ball Lightning","Lockon"],"picked":"SKIP","floor":19},{"not_picked":["Rebound+1","Gash"],"picked":"Steam+1","floor":20}],"player_experience":92055,"relics_obtained":[{"floor":6,"key":"Bag of Marbles"},{"floor":9,"key":"Dodecahedron"},{"floor":13,"key":"Frozen Egg 2"}],"event_choices":[{"event_name":"Golden Wing","player_choice":"Card Removal","floor":2,"damage_taken":0},{"event_name":"WeMeetAgain","player_choice":"Gold","floor":3,"damage_taken":0},{"event_name":"Vampires","player_choice":"Became a vampire","floor":21,"damage_taken":0},{"event_name":"Back to Basics","player_choice":"Elegance","floor":22,"damage_taken":0}],"is_beta":true,"boss_relics":[{"not_picked":["Runic Pyramid","Tiny House"],"picked":"Snecko Eye"}],"items_purged_floors":[],"is_endless":false,"potions_floor_spawned":[1,6,11,13,14,16,18],"killed_by":"Book of Stabbing","ascension_level":6}