{"gold_per_floor":[119,39,56,73,53,53,81,97,97,125,138,288,288,299,299,299],"floor_reached":16,"playtime":392,"items_purged":["Doubt"],"score":224,"play_id":"f40ebd02-dedf-4866-958d-39daa9ef441c","local_time":"20190505171146","is_ascension_mode":true,"campfire_choices":[{"data":"1","floor":6,"key":"LIFT"},{"floor":15,"key":"REST"}],"neow_cost":"NONE","seed_source_timestamp":1049269346571321,"circlet_count":0,"master_deck":["AscendersBane","Strike_B","Strike_B","Strike_B","Strike_B","Defend_B","Defend_B","Defend_B","Defend_B","Zap","Dualcast","Injury","Clumsy","Gash","Cold Snap","Beam Cell+1","Doom and Gloom","Echo Form+1","Cold Snap","Sweeping Beam","Gash","Doubt","Beam Cell"],"relics":["Calling Bell","Bag of Marbles","The Courier","Girya","Frozen Egg 2","Gremlin Horn","Ornamental Fan"],"potions_floor_usage":[3,7,10,10,16],"damage_taken":[{"damage":7,"enemies":"Cultist","floor":1,"turns":4},{"damage":3,"enemies":"2 Louse","floor":3,"turns":2},{"damage":6,"enemies":"Small Slimes","floor":4,"turns":4},{"damage":17,"enemies":"Lagavulin","floor":7,"turns":6},{"damage":6,"enemies":"Looter","floor":8,"turns":2},{"damage":16,"enemies":"3 Sentries","floor":10,"turns":4},{"damage":0,"enemies":"Gremlin Gang","floor":11,"turns":3},{"damage":0,"enemies":"Exordium Wildlife","floor":14,"turns":2},{"damage":31,"enemies":"The Guardian","floor":16,"turns":2}],"seed_played":"1975755437622961823","potions_obtained":[{"floor":1,"key":"AttackPotion"},{"floor":3,"key":"FocusPotion"},{"floor":5,"key":"Explosive Potion"},{"floor":7,"key":"GamblersBrew"},{"floor":14,"key":"Poison Potion"}],"is_trial":false,"path_per_floor":["M","$","M","M","?","R","E","M","T","E","M","?","?","M","R","B"],"character_chosen":"DEFECT","items_purchased":["Cold Snap"],"campfire_rested":1,"item_purchase_floors":[2],"current_hp_per_floor":[57,57,54,48,48,48,31,25,25,9,9,9,9,9,30,0],"gold":299,"neow_bonus":"BOSS_RELIC","is_prod":false,"is_daily":false,"chose_seed":false,"campfire_upgraded":0,"win_rate":0,"timestamp":1557090706,"path_taken":["M","$","M","M","?","R","E","?","T","E","M","?","?","M","R","BOSS"],"build_version":"2019-01-23","purchased_purges":1,"victory":false,"max_hp_per_floor":[71,71,71,71,71,71,71,71,71,71,71,71,71,71,71,71],"card_choices":[{"not_picked":["Melter","Streamline"],"picked":"Gash","floor":1},{"not_picked":["Hello World","Recycle"],"picked":"Beam Cell","floor":3},{"not_picked":["Heatsinks","Turbo"],"picked":"Doom and Gloom","floor":4},{"not_picked":["Undo","Redo"],"picked":"Echo Form","floor":7},{"not_picked":["Barrage","Turbo"],"picked":"Cold Snap","floor":8},{"not_picked":["Steam","Stack"],"picked":"Sweeping Beam","floor":10},{"not_picked":["Reinforced Body","Conserve Battery"],"picked":"Gash","floor":11},{"not_picked":["Streamline","Stack"],"picked":"Beam Cell","floor":14}],"player_experience":949441,"relics_obtained":[{"floor":0,"key":"Bag of Marbles"},{"floor":0,"key":"The Courier"},{"floor":0,"key":"Girya"},{"floor":7,"key":"Frozen Egg 2"},{"floor":9,"key":"Gremlin Horn"},{"floor":10,"key":"Ornamental Fan"}],"event_choices":[{"damage_healed":0,"gold_gain":0,"player_choice":"Bought 1 Potion","damage_taken":0,"max_hp_gain":0,"max_hp_loss":0,"event_name":"The Woman in Blue","floor":5,"gold_loss":0},{"damage_healed":0,"gold_gain":150,"player_choice":"AGREE","damage_taken":0,"max_hp_gain":0,"max_hp_loss":0,"event_name":"Liars Game","floor":12,"gold_loss":0,"cards_obtained":["Doubt"]},{"damage_healed":0,"gold_gain":0,"player_choice":"Grow","damage_taken":0,"max_hp_gain":0,"max_hp_loss":0,"event_name":"Living Wall","floor":13,"gold_loss":0,"cards_upgraded":["Beam Cell"]}],"is_beta":false,"boss_relics":[],"items_purged_floors":[2],"is_endless":false,"potions_floor_spawned":[1,3,7,14],"killed_by":"The Guardian","ascension_level":20}