{"path_per_floor":["M","?","?","$","?","R","M","M","T","$","?","E","M","M","R","B",null,"M","$","M","M","M","R","M","R","T","?","R"],"character_chosen":"DEFECT","items_purchased":["Redo","Scrape"],"gold_per_floor":[119,119,119,44,44,44,63,81,81,55,55,80,90,106,106,203,203,218,45,65,83,99,99,113,113,113,213,213,213],"floor_reached":29,"campfire_rested":2,"playtime":1240,"item_purchase_floors":[10,19],"current_hp_per_floor":[74,74,59,59,52,52,52,51,51,51,51,33,21,17,39,16,75,70,70,74,64,48,48,14,36,36,36,36,0],"items_purged":["Defend_B","Strike_B"],"gold":213,"score":236,"play_id":"385c5fe1-cfbd-488e-8e50-75d81538f4f0","local_time":"20180611205800","is_prod":false,"is_daily":false,"chose_seed":false,"is_ascension_mode":true,"campfire_upgraded":3,"win_rate":0.0,"timestamp":1528743480,"campfire_choices":[{"data":"Redo","floor":6,"key":"SMITH"},{"floor":15,"key":"REST"},{"data":"Dualcast","floor":23,"key":"SMITH"},{"floor":25,"key":"REST"},{"data":"Redo","floor":28,"key":"SMITH"}],"path_taken":["M","?","?","$","?","R","M","M","T","$","?","E","?","M","R","BOSS","M","$","M","M","M","R","M","R","T","?","R","E"],"build_version":"2018-06-07v3","seed_source_timestamp":14707841585973,"purchased_purges":2,"victory":false,"master_deck":["Strike_B+1","Strike_B","Defend_B","Defend_B+1","Defend_B","Zap+1","Dualcast+1","Redo+1","Redo+1","Creative AI","Scrape"],"max_hp_per_floor":[75,75,75,75,75,75,75,75,75,75,75,75,75,75,75,75,75,75,75,75,75,75,75,75,75,75,75,75,75],"relics":["Cracked Core","Ancient Tea Set","Toolbox","Bird Faced Urn","Busted Crown","Singing Bowl"],"card_choices":[{"not_picked":["Double Energy","Coolheaded"],"picked":"Redo","floor":1},{"not_picked":["Sweeping Beam","Heatsinks","Go for the Eyes"],"picked":"SKIP","floor":7},{"not_picked":["Coolheaded","Steam","Cold Snap"],"picked":"SKIP","floor":8},{"not_picked":["FTL","Stack","Beam Cell"],"picked":"SKIP","floor":12},{"not_picked":["Tempest","Cold Snap","Beam Cell"],"picked":"SKIP","floor":13},{"not_picked":["Streamline","Hologram","Stack"],"picked":"SKIP","floor":14},{"not_picked":["Fission","Thunder Strike"],"picked":"Creative AI","floor":16},{"not_picked":["Conserve Battery"],"picked":"SKIP","floor":18},{"not_picked":["Barrage"],"picked":"SKIP","floor":20},{"not_picked":["Leap"],"picked":"SKIP","floor":21},{"not_picked":["Leap+1"],"picked":"SKIP","floor":22},{"not_picked":["Redo"],"picked":"SKIP","floor":24}],"player_experience":274617,"potions_floor_usage":[14,16,16],"damage_taken":[{"damage":1,"enemies":"Cultist","floor":1,"turns":3},{"damage":0,"enemies":"2 Louse","floor":7,"turns":2},{"damage":1,"enemies":"Jaw Worm","floor":8,"turns":2},{"damage":18,"enemies":"Lagavulin","floor":12,"turns":4},{"damage":14,"enemies":"3 Louse","floor":13,"turns":2},{"damage":13,"enemies":"Exordium Wildlife","floor":14,"turns":4},{"damage":23,"enemies":"Hexaghost","floor":16,"turns":7},{"damage":11,"enemies":"Shell Parasite","floor":18,"turns":5},{"damage":2,"enemies":"3 Byrds","floor":20,"turns":2},{"damage":17,"enemies":"Snecko","floor":21,"turns":5},{"damage":20,"enemies":"Snake Plant","floor":22,"turns":4},{"damage":50,"enemies":"Slaver and Parasite","floor":24,"turns":6},{"damage":43,"enemies":"Gremlin Leader","floor":29,"turns":4}],"relics_obtained":[{"floor":9,"key":"Toolbox"},{"floor":12,"key":"Bird Faced Urn"},{"floor":26,"key":"Singing Bowl"}],"event_choices":[{"event_name":"Purifier","player_choice":"One Purge","floor":2,"damage_taken":0},{"event_name":"Shining Light","player_choice":"Entered Light","floor":3,"damage_taken":0},{"event_name":"Scrap Ooze","player_choice":"success","floor":5,"damage_taken":7},{"event_name":"Living Wall","player_choice":"Grow","floor":11,"damage_taken":0},{"event_name":"Golden Shrine","player_choice":"Pray","floor":27,"damage_taken":0}],"boss_relics":[{"not_picked":["Runic Pyramid","Snecko Eye"],"picked":"Busted Crown"}],"items_purged_floors":[4,19],"potions_floor_spawned":[7,12,14,18,21,24],"seed_played":"2390875503539564493","killed_by":"Gremlin Leader","ascension_level":1,"potions_obtained":[{"floor":7,"key":"Regen Potion"},{"floor":12,"key":"FocusPotion"},{"floor":14,"key":"FocusPotion"},{"floor":18,"key":"SteroidPotion"},{"floor":21,"key":"EssenceOfSteel"},{"floor":24,"key":"LiquidBronze"}],"is_trial":false}