{"gold_per_floor":[116,116,132,155,180,213,213,248,303,344,104,104],"floor_reached":12,"playtime":652,"items_purged":[],"score":98,"play_id":"ce6a0391-5e7c-4875-bf87-4ea45486220a","local_time":"20190223143858","is_ascension_mode":false,"campfire_choices":[],"neow_cost":"NONE","seed_source_timestamp":0,"circlet_count":0,"master_deck":["Defend_G","Defend_G","Defend_G","Defend_G","Defend_G","Strike_G","Strike_G","Strike_G","Strike_G","Strike_G","Survivor","Neutralize","Flying Knee","Well Laid Plans","Dagger Spray","Wraith Form v2","Flying Knee","Distraction","Phantasmal Killer","Flying Knee"],"special_seed":0,"relics":["Sozu","Golden Idol","Dream Catcher","PreservedInsect","Tiny Chest","Pen Nib","OrangePellets"],"potions_floor_usage":[],"damage_taken":[{"damage":0,"enemies":"Jaw Worm","floor":1,"turns":4},{"damage":0,"enemies":"2 Louse","floor":3,"turns":2},{"damage":1,"enemies":"Cultist","floor":4,"turns":4},{"damage":5,"enemies":"Exordium Wildlife","floor":5,"turns":6},{"damage":31,"enemies":"3 Sentries","floor":6,"turns":9},{"damage":21,"enemies":"Gremlin Nob","floor":8,"turns":6},{"damage":16,"enemies":"Lagavulin","floor":10,"turns":5},{"damage":6,"enemies":"Large Slime","floor":12,"turns":1}],"seed_played":"-5885717539280610062","potions_obtained":[],"is_trial":false,"path_per_floor":["M","?","M","M","M","E","?","E","T","E","$","M"],"character_chosen":"THE_SILENT","items_purchased":["Flying Knee","OrangePellets"],"campfire_rested":0,"item_purchase_floors":[11,11],"current_hp_per_floor":[70,53,53,52,47,16,39,18,18,2,2,0],"gold":104,"neow_bonus":"BOSS_RELIC","is_prod":false,"is_daily":false,"chose_seed":false,"campfire_upgraded":0,"win_rate":0,"timestamp":1550954338,"path_taken":["M","?","M","M","M","E","?","E","T","E","$","M"],"build_version":"2019-01-23","purchased_purges":0,"victory":false,"max_hp_per_floor":[70,70,70,70,70,70,70,70,70,70,70,70],"card_choices":[{"not_picked":["Backflip","Bane"],"picked":"Flying Knee","floor":1},{"not_picked":["Escape Plan","Flying Knee"],"picked":"Well Laid Plans","floor":3},{"not_picked":["Sucker Punch","Deadly Poison"],"picked":"Dagger Spray","floor":4},{"not_picked":["Well Laid Plans","Escape Plan"],"picked":"Wraith Form v2","floor":5},{"not_picked":["Predator","Outmaneuver"],"picked":"Flying Knee","floor":6},{"not_picked":["Blur","Deadly Poison"],"picked":"Distraction","floor":8},{"not_picked":["Quick Slash","Leg Sweep"],"picked":"Phantasmal Killer","floor":10}],"player_experience":66132,"relics_obtained":[{"floor":6,"key":"Dream Catcher"},{"floor":8,"key":"PreservedInsect"},{"floor":9,"key":"Tiny Chest"},{"floor":10,"key":"Pen Nib"}],"event_choices":[{"damage_healed":0,"gold_gain":0,"player_choice":"Take Damage","damage_taken":17,"relics_obtained":["Golden Idol"],"max_hp_gain":0,"max_hp_loss":0,"event_name":"Golden Idol","floor":2,"gold_loss":0},{"damage_healed":23,"gold_gain":0,"player_choice":"Banana","damage_taken":0,"max_hp_gain":0,"max_hp_loss":0,"event_name":"Big Fish","floor":7,"gold_loss":0}],"is_beta":false,"boss_relics":[],"items_purged_floors":[],"is_endless":false,"potions_floor_spawned":[5,6],"killed_by":"Large Slime","ascension_level":0}