{"gold_per_floor":[115,115,132,132,146,146,173,173,173,173,188,17,29,62,62,135,135,112,132,132,132,132,132,49,49,49,82,82,113,113,127,127,206,206,224,236,21,0,11,43,53,53,107,17,36,36,64,74,74,74],"floor_reached":51,"playtime":2097,"items_purged":[],"score":1561,"play_id":"03e10e90-073c-4335-af4d-3e65e9ea4dde","local_time":"20181119103300","is_ascension_mode":true,"campfire_choices":[{"data":"Bash","floor":6.0,"key":"SMITH"},{"data":"Heavy Blade","floor":8.0,"key":"SMITH"},{"data":"Corruption","floor":10.0,"key":"SMITH"},{"data":"Dark Embrace","floor":15.0,"key":"SMITH"},{"data":"Limit Break","floor":23.0,"key":"SMITH"},{"data":"Flex","floor":25.0,"key":"SMITH"},{"data":"Whirlwind","floor":28.0,"key":"SMITH"},{"floor":30.0,"key":"REST"},{"floor":32.0,"key":"REST"},{"floor":42.0,"key":"REST"},{"floor":46.0,"key":"REST"},{"floor":49,"key":"REST"}],"neow_cost":"NONE","seed_source_timestamp":0,"circlet_count":0,"master_deck":["AscendersBane","Bash+1","Headbutt","Corruption+1","Impervious","Heavy Blade+1","Twin Strike","Immolate","Disarm","Dark Embrace+1","Limit Break+1","Anger","Clothesline","Thunderclap","Dual Wield","Clash","Whirlwind+1","Thunderclap","Havoc","Sword Boomerang","Infernal Blade","Flex+1","Offering+1","Fire Breathing+1","Infernal Blade+1","Havoc+1","Exhume+1","True Grit+1","Pummel","Flex+1","Havoc+1","Seeing Red+1","Infernal Blade+1","Enlightenment+1","Inflame+1","Intimidate+1"],"special_seed":0,"relics":["Burning Blood","Sundial","Bottled Tornado","Red Skull","Mango","Pandora\u0027s Box","Toxic Egg 2","Self Forming Clay","StoneCalendar","Unceasing Top","Empty Cage","Vajra","Red Mask","Frozen Egg 2","Centennial Puzzle","Bronze Scales"],"potions_floor_usage":[50,50],"damage_taken":[{"damage":9.0,"enemies":"Jaw Worm","floor":1.0,"turns":4.0},{"damage":6.0,"enemies":"Cultist","floor":3.0,"turns":4.0},{"damage":9.0,"enemies":"2 Louse","floor":5.0,"turns":3.0},{"damage":20.0,"enemies":"Lagavulin","floor":7.0,"turns":7.0},{"damage":6.0,"enemies":"Looter","floor":11.0,"turns":3.0},{"damage":11.0,"enemies":"Blue Slaver","floor":13.0,"turns":3.0},{"damage":15.0,"enemies":"3 Sentries","floor":14.0,"turns":4.0},{"damage":33.0,"enemies":"Slime Boss","floor":16.0,"turns":6.0},{"damage":20.0,"enemies":"2 Thieves","floor":18.0,"turns":4.0},{"damage":12.0,"enemies":"3 Byrds","floor":19.0,"turns":4.0},{"damage":12.0,"enemies":"Gremlin Leader","floor":27.0,"turns":4.0},{"damage":42.0,"enemies":"Slavers","floor":29.0,"turns":5.0},{"damage":6.0,"enemies":"Snake Plant","floor":31.0,"turns":1.0},{"damage":36.0,"enemies":"Collector","floor":33.0,"turns":4.0},{"damage":12.0,"enemies":"Orb Walker","floor":35.0,"turns":1.0},{"damage":9.0,"enemies":"3 Darklings","floor":36.0,"turns":3.0},{"damage":10.0,"enemies":"Spire Growth","floor":39.0,"turns":3.0},{"damage":21.0,"enemies":"Nemesis","floor":40.0,"turns":3.0},{"damage":27.0,"enemies":"4 Shapes","floor":41.0,"turns":2.0},{"damage":6.0,"enemies":"Transient","floor":45.0,"turns":4.0},{"damage":12.0,"enemies":"Reptomancer","floor":47.0,"turns":1.0},{"damage":30,"enemies":"Jaw Worm Horde","floor":48,"turns":3},{"damage":30,"enemies":"Donu and Deca","floor":50,"turns":2}],"seed_played":"-8413140483383397615","potions_obtained":[{"floor":11.0,"key":"Swift Potion"},{"floor":14.0,"key":"Strength Potion"},{"floor":16.0,"key":"Poison Potion"},{"floor":27.0,"key":"LiquidBronze"},{"floor":29.0,"key":"Block Potion"},{"floor":31.0,"key":"SteroidPotion"},{"floor":33.0,"key":"LiquidBronze"},{"floor":35.0,"key":"Fire Potion"},{"floor":40.0,"key":"LiquidBronze"}],"is_trial":false,"path_per_floor":["M","?","M","$","M","R","E","R","T","R","M","$","M","E","R","B",null,"M","M","?","?","T","R","$","R","T","E","R","E","R","M","R","B",null,"M","M","$","?","M","E","M","R","T","$","M","R","E","M","R","B",null],"character_chosen":"IRONCLAD","items_purchased":["Red Skull","Offering+1","Vajra","Flex+1","Enlightenment+1"],"campfire_rested":5,"item_purchase_floors":[12,24,37,37,44],"current_hp_per_floor":[65,65,65,65,62,62,48,48,48,48,48,48,43,48,48,21,72,58,52,52,52,52,52,52,52,52,46,46,10,36,36,62,32,75,69,66,66,66,62,47,26,52,52,52,52,78,72,48,74,50],"gold":74,"neow_bonus":"THREE_CARDS","is_prod":false,"is_daily":false,"chose_seed":false,"campfire_upgraded":7,"win_rate":0,"timestamp":1542641580,"path_taken":["M","?","M","$","M","R","E","R","T","R","M","$","M","E","R","BOSS","M","?","?","?","?","R","$","R","T","E","R","E","R","M","R","BOSS","M","M","$","?","M","E","M","R","T","$","M","R","E","M","R","BOSS"],"build_version":"2018-11-15","purchased_purges":0,"victory":true,"max_hp_per_floor":[75,75,75,75,75,75,75,75,75,75,75,75,75,89,89,89,89,89,89,89,89,89,89,89,89,89,89,89,89,89,89,89,89,89,89,89,89,89,89,89,89,89,89,89,89,89,89,89,89,89],"card_choices":[{"not_picked":["Heavy Blade","Body Slam"],"picked":"Clash","floor":0.0},{"not_picked":["Clothesline","Power Through"],"picked":"Headbutt","floor":1.0},{"not_picked":["Clothesline","Iron Wave"],"picked":"Heavy Blade","floor":3.0},{"not_picked":["Dual Wield","Searing Blow"],"picked":"Twin Strike","floor":5.0},{"not_picked":["Clothesline","Sword Boomerang"],"picked":"Immolate","floor":7.0},{"not_picked":["Iron Wave","Thunderclap"],"picked":"Perfected Strike","floor":11.0},{"not_picked":["Shrug It Off","Warcry"],"picked":"Disarm","floor":13.0},{"not_picked":["Headbutt","Heavy Blade"],"picked":"Dark Embrace","floor":14.0},{"not_picked":["Brutality","Exhume"],"picked":"Limit Break","floor":16.0},{"not_picked":["Rupture","Sword Boomerang"],"picked":"Infernal Blade","floor":18.0},{"not_picked":["Headbutt","Metallicize","Combust"],"picked":"SKIP","floor":19.0},{"not_picked":["Sword Boomerang","Immolate"],"picked":"Fire Breathing+1","floor":27.0},{"not_picked":["Thunderclap+1","Second Wind+1"],"picked":"Infernal Blade+1","floor":29.0},{"not_picked":["Body Slam","Fire Breathing+1"],"picked":"Havoc+1","floor":31.0},{"not_picked":["Brutality","Reaper"],"picked":"Exhume+1","floor":33.0},{"not_picked":["Sword Boomerang","Thunderclap"],"picked":"True Grit+1","floor":35.0},{"not_picked":["Sword Boomerang","Anger"],"picked":"Pummel","floor":36.0},{"not_picked":["Fire Breathing+1","Sentinel+1"],"picked":"Havoc+1","floor":39.0},{"not_picked":["Inflame","Power Through+1"],"picked":"Seeing Red+1","floor":40.0},{"not_picked":["Rampage","Perfected Strike+1"],"picked":"Infernal Blade+1","floor":41.0},{"not_picked":["Pommel Strike+1","Dual Wield+1","Iron Wave"],"picked":"SKIP","floor":45.0},{"not_picked":["Intimidate+1","Fiend Fire"],"picked":"Inflame+1","floor":47.0},{"not_picked":["Armaments+1","Clash"],"picked":"Intimidate+1","floor":48}],"player_experience":746651,"relics_obtained":[{"floor":7.0,"key":"Sundial"},{"floor":9.0,"key":"Bottled Tornado"},{"floor":14.0,"key":"Mango"},{"floor":22.0,"key":"Toxic Egg 2"},{"floor":26.0,"key":"Self Forming Clay"},{"floor":27.0,"key":"StoneCalendar"},{"floor":29.0,"key":"Unceasing Top"},{"floor":40.0,"key":"Frozen Egg 2"},{"floor":43.0,"key":"Centennial Puzzle"},{"floor":47.0,"key":"Bronze Scales"}],"event_choices":[{"damage_healed":0.0,"max_hp_gain":0.0,"max_hp_loss":0.0,"gold_gain":0.0,"event_name":"Match and Keep!","player_choice":"2 cards matched","floor":2.0,"gold_loss":0.0,"damage_taken":0.0,"cards_obtained":["Corruption","Impervious"]},{"damage_healed":0.0,"max_hp_gain":0.0,"max_hp_loss":0.0,"gold_gain":0.0,"event_name":"The Library","player_choice":"Read","floor":20.0,"gold_loss":0.0,"damage_taken":0.0,"cards_obtained":["Flex"]},{"damage_healed":0.0,"max_hp_gain":0.0,"max_hp_loss":0.0,"gold_gain":0.0,"event_name":"Ghosts","player_choice":"Ignored","floor":21.0,"gold_loss":0.0,"damage_taken":0.0},{"damage_healed":0.0,"max_hp_gain":0.0,"max_hp_loss":0.0,"gold_gain":0.0,"event_name":"Tomb of Lord Red Mask","player_choice":"Paid","floor":38.0,"gold_loss":21.0,"damage_taken":0.0,"relics_obtained":["Red Mask"]}],"is_beta":false,"boss_relics":[{"not_picked":["White Beast Statue","Eternal Feather"],"picked":"Pandora\u0027s Box"},{"not_picked":["Black Star","Calling Bell"],"picked":"Empty Cage"}],"items_purged_floors":[],"is_endless":false,"potions_floor_spawned":[11,14,16,27,29,31,33,35,40],"ascension_level":17}