{"gold_per_floor":[114,114,130,130,305,335,335,335,335,352,362,382,382,382,382,382],"floor_reached":16,"playtime":1052,"items_purged":[],"score":100,"play_id":"ec4e6c3e-a1e4-49b2-be29-8e3de9937c88","local_time":"20181230035821","is_ascension_mode":false,"campfire_choices":[{"floor":7,"key":"REST"},{"floor":13,"key":"REST"},{"floor":15,"key":"REST"}],"neow_cost":"NONE","seed_source_timestamp":132944075291406,"circlet_count":0,"master_deck":["Strike_B","Strike_B","Strike_B","Strike_B","Defend_B","Defend_B","Defend_B","Defend_B","Zap","Dualcast","Reinforced Body","Reprogram","Doubt","Ball Lightning","Redo+1","Aggregate+1","Echo Form"],"relics":["Cracked Core","Bag of Preparation","Question Card","Toxic Egg 2","Kunai","Shovel"],"potions_floor_usage":[16],"damage_taken":[{"damage":6,"enemies":"Jaw Worm","floor":1,"turns":3},{"damage":0,"enemies":"Cultist","floor":3,"turns":3},{"damage":49,"enemies":"Lagavulin","floor":6,"turns":10},{"damage":15,"enemies":"Small Slimes","floor":10,"turns":2},{"damage":0,"enemies":"2 Fungi Beasts","floor":11,"turns":2},{"damage":0,"enemies":"Looter","floor":12,"turns":3},{"damage":56,"enemies":"Slime Boss","floor":16,"turns":11}],"seed_played":"-1770834713659982227","potions_obtained":[{"floor":3,"key":"LiquidBronze"}],"is_trial":false,"path_per_floor":["M","?","M","?","?","E","R","?","T","M","M","M","R","T","R","B"],"character_chosen":"DEFECT","items_purchased":[],"campfire_rested":3,"item_purchase_floors":[],"current_hp_per_floor":[69,69,69,69,69,20,42,24,24,9,9,9,31,31,53,0],"gold":382,"neow_bonus":"RANDOM_COLORLESS","is_prod":false,"is_daily":false,"chose_seed":false,"campfire_upgraded":0,"win_rate":0.0,"timestamp":1546171101,"path_taken":["M","?","?","?","?","E","R","?","T","M","M","M","R","?","R","BOSS"],"build_version":"2018-12-20","purchased_purges":0,"victory":false,"max_hp_per_floor":[75,75,75,75,75,75,75,75,75,75,75,75,75,75,75,75],"card_choices":[{"not_picked":["Chaos","Turbo"],"picked":"Reinforced Body","floor":1},{"not_picked":["Beam Cell","Streamline"],"picked":"Reprogram","floor":3},{"not_picked":["Stack","Consume"],"picked":"Ball Lightning","floor":6},{"not_picked":["Hello World","Beam Cell","Barrage"],"picked":"Redo+1","floor":10},{"not_picked":["Beam Cell","Reinforced Body+1","Cold Snap"],"picked":"Aggregate+1","floor":11},{"not_picked":["Hologram+1","Redo+1","Compile Driver"],"picked":"Echo Form","floor":12}],"player_experience":159465,"relics_obtained":[{"floor":6,"key":"Question Card"},{"floor":9,"key":"Kunai"},{"floor":14,"key":"Shovel"}],"event_choices":[{"cards_removed":["Finesse"],"damage_healed":0,"gold_gain":0,"player_choice":"Gave Card","damage_taken":0,"relics_obtained":["Bag of Preparation"],"max_hp_gain":0,"max_hp_loss":0,"event_name":"WeMeetAgain","floor":2,"gold_loss":0},{"damage_healed":0,"gold_gain":0,"player_choice":"Leave","damage_taken":0,"max_hp_gain":0,"max_hp_loss":0,"event_name":"The Cleric","floor":4,"gold_loss":0},{"damage_healed":0,"gold_gain":175,"player_choice":"AGREE","damage_taken":0,"max_hp_gain":0,"max_hp_loss":0,"event_name":"Liars Game","floor":5,"gold_loss":0,"cards_obtained":["Doubt"]},{"damage_healed":0,"gold_gain":0,"player_choice":"Success","damage_taken":18,"relics_obtained":["Toxic Egg 2"],"max_hp_gain":0,"max_hp_loss":0,"event_name":"Scrap Ooze","floor":8,"gold_loss":0}],"is_beta":false,"boss_relics":[],"items_purged_floors":[],"is_endless":false,"potions_floor_spawned":[3],"killed_by":"Slime Boss","ascension_level":0}