{"gold_per_floor":[118,118,40,50,50,50,75,88,88,88,101,113,131,131,131,227,277,294,147,162,162],"floor_reached":21,"playtime":782,"items_purged":[],"score":253,"play_id":"b11b62e9-5dda-4e71-be0b-bb17d303f829","local_time":"20180915065958","is_ascension_mode":true,"campfire_choices":[{"data":"Redo","floor":6,"key":"SMITH"},{"floor":10,"key":"REST"},{"floor":15,"key":"REST"}],"neow_cost":"","seed_source_timestamp":203612604148320,"circlet_count":0,"master_deck":["Strike_B","Strike_B","Strike_B","Strike_B","Defend_B","Defend_B","Defend_B+1","Defend_B","Zap","Dualcast","Redo+1","Core Surge","Loop","All For One","Static Discharge","Leap","Consume","All For One","Coolheaded","Steam+1","Hologram+1"],"relics":["Cracked Core","Sundial","PreservedInsect","Pen Nib","Tiny House","Regal Pillow"],"potions_floor_usage":[7,11,16,21],"damage_taken":[{"damage":8,"enemies":"Small Slimes","floor":1,"turns":3},{"damage":2,"enemies":"Jaw Worm","floor":4,"turns":3},{"damage":35,"enemies":"3 Sentries","floor":7,"turns":6},{"damage":1,"enemies":"Cultist","floor":8,"turns":3},{"damage":8,"enemies":"2 Fungi Beasts","floor":11,"turns":3},{"damage":8,"enemies":"Red Slaver","floor":12,"turns":3},{"damage":21,"enemies":"Large Slime","floor":13,"turns":6},{"damage":23,"enemies":"Slime Boss","floor":16,"turns":6},{"damage":29,"enemies":"3 Byrds","floor":18,"turns":4},{"damage":3,"enemies":"Spheric Guardian","floor":20,"turns":5},{"damage":16,"enemies":"Centurion and Healer","floor":21,"turns":12}],"seed_played":"-3608297472481146199","potions_obtained":[{"floor":4,"key":"AttackPotion"},{"floor":7,"key":"Weak Potion"},{"floor":8,"key":"Energy Potion"},{"floor":12,"key":"FocusPotion"},{"floor":16,"key":"FearPotion"},{"floor":17,"key":"FearPotion"}],"is_trial":false,"path_per_floor":["M","?","$","M","T","R","E","M","T","R","M","M","M","?","R","B",null,"M","$","M"],"character_chosen":"DEFECT","items_purchased":["Core Surge","Regal Pillow"],"campfire_rested":2,"item_purchase_floors":[3,19],"current_hp_per_floor":[60,65,65,63,63,63,28,27,27,51,43,35,14,14,38,15,69,40,40,37,21],"gold":162,"neow_bonus":"","is_prod":false,"is_daily":false,"chose_seed":false,"campfire_upgraded":1,"win_rate":0,"timestamp":1537009198,"path_taken":["M","?","$","M","?","R","E","M","T","R","M","?","M","?","R","BOSS","M","$","M","M"],"build_version":"2018-09-06","purchased_purges":0,"victory":false,"max_hp_per_floor":[75,80,80,80,80,80,80,80,80,80,80,80,80,80,80,80,85,85,85,85,85],"card_choices":[{"not_picked":["Stack","Leap"],"picked":"Redo","floor":1},{"not_picked":["Redo","Reinforced Body","Hologram"],"picked":"SKIP","floor":4},{"not_picked":["Capacitor","Beam Cell"],"picked":"Loop","floor":7},{"not_picked":["Sweeping Beam","Steam"],"picked":"All For One","floor":8},{"not_picked":["White Noise","Coolheaded"],"picked":"Static Discharge","floor":11},{"not_picked":["Beam Cell","Gash"],"picked":"Leap","floor":12},{"not_picked":["Go for the Eyes","Beam Cell"],"picked":"Consume","floor":13},{"not_picked":["Hyperbeam","Multi-Cast"],"picked":"All For One","floor":16},{"not_picked":["Capacitor","Blizzard"],"picked":"Coolheaded","floor":17},{"not_picked":["Compile Driver","Beam Cell"],"picked":"Steam+1","floor":18},{"not_picked":["Self Repair","Turbo+1"],"picked":"Hologram+1","floor":20}],"player_experience":534520,"relics_obtained":[{"floor":5,"key":"Sundial"},{"floor":7,"key":"PreservedInsect"},{"floor":9,"key":"Pen Nib"}],"event_choices":[{"event_name":"Big Fish","player_choice":"Donut","floor":2,"damage_taken":0},{"event_name":"Dead Adventurer","player_choice":"Searched \u00270\u0027 times","floor":14,"damage_taken":0}],"is_beta":false,"boss_relics":[{"not_picked":["FrozenCore","Sozu"],"picked":"Tiny House"}],"items_purged_floors":[],"is_endless":false,"potions_floor_spawned":[4,7,8,12,16,18],"killed_by":"Centurion and Healer","ascension_level":8}