{"gold_per_floor":[109,119,134,134,153,153,170,183,210,210,229,244,244,258,258,363,363,376,386,486,335,361,394,412,424,447,447,466,466,477,511,511,615,615,628,628,628,101,119,146,368,368,368,381,393,411,0,51,51,51],"floor_reached":51,"playtime":2634,"items_purged":[],"score":865,"play_id":"87f6ef54-a0d1-4cee-8133-1e9beadbeb80","local_time":"20190501222741","is_ascension_mode":false,"campfire_choices":[{"data":"Perfected Strike","floor":6,"key":"SMITH"},{"data":"Cleave","floor":10,"key":"SMITH"},{"data":"Spot Weakness","floor":13,"key":"SMITH"},{"data":"Uppercut","floor":15,"key":"SMITH"},{"data":"True Grit","floor":27,"key":"SMITH"},{"floor":29,"key":"REST"},{"data":"Shockwave","floor":32,"key":"SMITH"},{"data":"Double Tap","floor":42,"key":"SMITH"},{"floor":49,"key":"REST"}],"neow_cost":"NONE","seed_source_timestamp":691645287304700,"circlet_count":0,"master_deck":["Strike_R","Strike_R","Strike_R","Strike_R","Strike_R","Defend_R","Defend_R","Defend_R","Defend_R","Bash+1","Cleave+1","Perfected Strike+1","Battle Trance","Spot Weakness+1","Uppercut+1","Bludgeon","Intimidate","Clothesline+1","Headbutt+1","Infernal Blade","Second Wind","True Grit+1","Flame Barrier","Blood for Blood","Shockwave+1","Headbutt","Double Tap+1","Heavy Blade","Perfected Strike","Shrug It Off","Dual Wield+1","Cleave+1","Uppercut","Exhume","Dark Embrace","Havoc","Infernal Blade","Pommel Strike"],"relics":["Busted Crown","Happy Flower","Snecko Eye","Dead Branch","Gremlin Horn","Red Mask","Pocketwatch","Regal Pillow","Red Skull","Philosopher\u0027s Stone","Membership Card","Ice Cream","Question Card","Whetstone","The Courier","Ancient Tea Set","Medical Kit","Blood Vial","Mango"],"potions_floor_usage":[16,23,33,46,50,50,50],"damage_taken":[{"damage":0,"enemies":"2 Louse","floor":1,"turns":3},{"damage":0,"enemies":"Cultist","floor":2,"turns":4},{"damage":6,"enemies":"Jaw Worm","floor":3,"turns":4},{"damage":1,"enemies":"3 Louse","floor":5,"turns":3},{"damage":0,"enemies":"2 Fungi Beasts","floor":7,"turns":2},{"damage":14,"enemies":"Exordium Thugs","floor":8,"turns":4},{"damage":0,"enemies":"Looter","floor":11,"turns":2},{"damage":7,"enemies":"Blue Slaver","floor":12,"turns":2},{"damage":7,"enemies":"Large Slime","floor":14,"turns":3},{"damage":0,"enemies":"Slime Boss","floor":16,"turns":3},{"damage":10,"enemies":"2 Thieves","floor":18,"turns":2},{"damage":2,"enemies":"Shell Parasite","floor":19,"turns":2},{"damage":7,"enemies":"Colosseum Slavers","floor":20,"turns":3},{"damage":7,"enemies":"Colosseum Nobs","floor":20,"turns":3},{"damage":0,"enemies":"Masked Bandits","floor":22,"turns":2},{"damage":0,"enemies":"Gremlin Leader","floor":23,"turns":2},{"damage":2,"enemies":"Centurion and Healer","floor":24,"turns":2},{"damage":2,"enemies":"Shelled Parasite and Fungi","floor":25,"turns":2},{"damage":15,"enemies":"Snake Plant","floor":28,"turns":2},{"damage":0,"enemies":"Snecko","floor":30,"turns":2},{"damage":0,"enemies":"Slavers","floor":31,"turns":2},{"damage":33,"enemies":"Champ","floor":33,"turns":9},{"damage":0,"enemies":"Orb Walker","floor":35,"turns":1},{"damage":0,"enemies":"3 Darklings","floor":39,"turns":2},{"damage":23,"enemies":"Reptomancer","floor":40,"turns":4},{"damage":0,"enemies":"Spire Growth","floor":44,"turns":2},{"damage":5,"enemies":"4 Shapes","floor":45,"turns":3},{"damage":13,"enemies":"Writhing Mass","floor":46,"turns":2},{"damage":0,"enemies":"2 Orb Walkers","floor":48,"turns":3},{"damage":52,"enemies":"Time Eater","floor":50,"turns":6}],"seed_played":"-646601474583790350","potions_obtained":[{"floor":3,"key":"Energy Potion"},{"floor":7,"key":"Dexterity Potion"},{"floor":11,"key":"Swift Potion"},{"floor":12,"key":"SteroidPotion"},{"floor":19,"key":"EssenceOfSteel"},{"floor":22,"key":"Explosive Potion"},{"floor":24,"key":"Dexterity Potion"},{"floor":40,"key":"Poison Potion"},{"floor":46,"key":"GamblersBrew"}],"is_trial":false,"path_per_floor":["M","M","M","?","M","R","M","M","T","R","M","M","R","M","R","B",null,"M","M","?","$","?","E","M","M","T","R","M","R","M","E","R","B",null,"M","?","?","$","M","E","?","R","T","M","M","M","$","?","R","B",null],"character_chosen":"IRONCLAD","items_purchased":["Infernal Blade","Second Wind","Membership Card","Ice Cream","Question Card","Perfected Strike","Shrug It Off","Ancient Tea Set","Exhume","Dark Embrace","PowerPotion","Strength Potion","Medical Kit","Blood Vial","Havoc","Infernal Blade"],"campfire_rested":2,"item_purchase_floors":[21,21,38,38,38,38,38,47,47,47,47,47,47,47,47,47],"current_hp_per_floor":[80,80,74,74,73,73,73,59,59,59,59,52,52,45,45,45,80,70,68,54,54,54,54,52,50,50,50,35,74,74,74,74,41,80,80,76,76,76,76,53,53,53,53,53,48,35,35,51,90,38],"gold":51,"neow_bonus":"BOSS_RELIC","is_prod":false,"is_daily":false,"chose_seed":false,"campfire_upgraded":7,"win_rate":0,"timestamp":1556764061,"path_taken":["M","M","M","?","M","R","M","M","T","R","?","M","R","M","R","BOSS","M","M","?","$","?","E","M","M","T","R","M","R","M","E","R","BOSS","M","?","?","$","?","E","?","R","T","M","M","M","$","?","R","BOSS"],"build_version":"2019-01-23","purchased_purges":0,"victory":true,"max_hp_per_floor":[80,80,80,80,80,80,80,80,80,80,80,80,80,80,80,80,80,80,80,80,80,80,80,80,80,80,80,80,80,80,80,80,80,80,80,76,76,76,76,76,76,76,76,76,76,76,76,90,90,90],"card_choices":[{"not_picked":["Clash"],"picked":"SKIP","floor":1},{"not_picked":["Burning Pact"],"picked":"SKIP","floor":2},{"not_picked":[],"picked":"Cleave","floor":3},{"not_picked":[],"picked":"Perfected Strike","floor":5},{"not_picked":[],"picked":"Battle Trance","floor":7},{"not_picked":["Feel No Pain"],"picked":"SKIP","floor":8},{"not_picked":[],"picked":"Spot Weakness","floor":11},{"not_picked":[],"picked":"Cleave","floor":12},{"not_picked":[],"picked":"Uppercut","floor":14},{"not_picked":[],"picked":"Bludgeon","floor":16},{"not_picked":[],"picked":"Intimidate","floor":18},{"not_picked":[],"picked":"Clothesline","floor":19},{"not_picked":[],"picked":"Headbutt","floor":20},{"not_picked":[],"picked":"True Grit","floor":22},{"not_picked":["Flex"],"picked":"SKIP","floor":23},{"not_picked":[],"picked":"Flame Barrier","floor":24},{"not_picked":[],"picked":"Blood for Blood","floor":25},{"not_picked":["Hemokinesis"],"picked":"SKIP","floor":28},{"not_picked":[],"picked":"Shockwave","floor":30},{"not_picked":[],"picked":"Headbutt","floor":31},{"not_picked":[],"picked":"Double Tap","floor":33},{"not_picked":[],"picked":"Heavy Blade","floor":35},{"not_picked":["Intimidate"],"picked":"Dual Wield+1","floor":39},{"not_picked":["Thunderclap"],"picked":"Cleave+1","floor":40},{"not_picked":["Ghostly Armor","Shrug It Off"],"picked":"SKIP","floor":44},{"not_picked":["Iron Wave+1"],"picked":"Uppercut","floor":45},{"not_picked":["Anger+1","Sword Boomerang"],"picked":"SKIP","floor":46},{"not_picked":["Clash"],"picked":"Pommel Strike","floor":48}],"player_experience":402080,"relics_obtained":[{"floor":9,"key":"Happy Flower"},{"floor":20,"key":"Dead Branch"},{"floor":20,"key":"Gremlin Horn"},{"floor":22,"key":"Red Mask"},{"floor":23,"key":"Pocketwatch"},{"floor":26,"key":"Regal Pillow"},{"floor":31,"key":"Red Skull"},{"floor":40,"key":"Whetstone"},{"floor":43,"key":"The Courier"},{"floor":48,"key":"Mango"}],"event_choices":[{"damage_healed":0,"gold_gain":0,"player_choice":"Forge","damage_taken":0,"max_hp_gain":0,"max_hp_loss":0,"event_name":"Accursed Blacksmith","floor":4,"gold_loss":0,"cards_upgraded":["Bash"]},{"damage_healed":0,"gold_gain":0,"player_choice":"Fight","damage_taken":0,"max_hp_gain":0,"max_hp_loss":0,"event_name":"Colosseum","floor":20,"gold_loss":0},{"damage_healed":0,"gold_gain":0,"player_choice":"Fought Nobs","damage_taken":0,"max_hp_gain":0,"max_hp_loss":0,"event_name":"Colosseum","floor":20,"gold_loss":0},{"damage_healed":0,"gold_gain":0,"player_choice":"Fought Bandits","damage_taken":0,"max_hp_gain":0,"max_hp_loss":0,"event_name":"Masked Bandits","floor":22,"gold_loss":0},{"damage_healed":0,"gold_gain":0,"player_choice":"Max HP","damage_taken":0,"max_hp_gain":0,"max_hp_loss":4,"event_name":"Winding Halls","floor":36,"gold_loss":0},{"cards_removed":["Cleave"],"damage_healed":5,"gold_gain":0,"player_choice":"Offered Common","damage_taken":0,"max_hp_gain":0,"max_hp_loss":0,"event_name":"Bonfire Elementals","floor":37,"gold_loss":0},{"cards_removed":["Cleave"],"damage_healed":5,"gold_gain":0,"player_choice":"Offered Special","damage_taken":0,"max_hp_gain":0,"max_hp_loss":0,"event_name":"Bonfire Elementals","floor":37,"gold_loss":0},{"damage_healed":0,"gold_gain":222,"player_choice":"Wore Mask","damage_taken":0,"max_hp_gain":0,"max_hp_loss":0,"event_name":"Tomb of Lord Red Mask","floor":41,"gold_loss":0},{"damage_healed":0,"gold_gain":0,"player_choice":"Fight","damage_taken":0,"max_hp_gain":0,"max_hp_loss":0,"event_name":"Mysterious Sphere","floor":48,"gold_loss":0}],"is_beta":false,"boss_relics":[{"not_picked":["Runic Cube","White Beast Statue"],"picked":"Snecko Eye"},{"not_picked":["Mark of Pain","Runic Pyramid"],"picked":"Philosopher\u0027s Stone"}],"items_purged_floors":[],"is_endless":false,"potions_floor_spawned":[3,7,11,12,14,19,20,22,24,28,40,46,48],"ascension_level":0}