{"gold_per_floor":[19,38,48,68,27,27,56,56,129,154,154,174,189,189,189,284,284,295,64,78,78,95,95,127,127,127,138,171,190,190,200,200,302,302,313,413,467,483,497,497,497,510,581,601,601,612,19,0,0,0],"floor_reached":51,"playtime":4093,"items_purged":[],"score":776,"play_id":"ddcb9369-44f5-41e9-8f5a-ae3227daf8d5","local_time":"20190502010222","is_ascension_mode":false,"campfire_choices":[{"data":"Noxious Fumes","floor":6.0,"key":"SMITH"},{"floor":8.0,"key":"REST"},{"data":"Blade Dance","floor":11.0,"key":"SMITH"},{"floor":15.0,"key":"REST"},{"floor":23.0,"key":"REST"},{"floor":30.0,"key":"REST"},{"data":"Catalyst","floor":32.0,"key":"SMITH"},{"floor":40.0,"key":"REST"},{"floor":45.0,"key":"REST"},{"floor":49,"key":"REST"}],"neow_cost":"NO_GOLD","seed_source_timestamp":0,"circlet_count":0,"master_deck":["Defend_G+1","Defend_G+1","Defend_G+1","Defend_G+1","Defend_G+1","Strike_G+1","Strike_G+1","Survivor","Neutralize+1","PiercingWail","Catalyst+1","Dagger Spray+1","Blade Dance+1","Dagger Spray","Sucker Punch","Noxious Fumes+1","Blade Dance","Cloak And Dagger","Malaise","Blade Dance","Endless Agony+1","Well Laid Plans","PiercingWail+1","Well Laid Plans","Poisoned Stab+1","Footwork+1","Cloak And Dagger","Blur+1","Deflect+1","Blur","Footwork","Blade Dance","Doubt","Dodge and Roll+1","Concentrate+1","Burst","Apotheosis","Endless Agony","Backstab","Blade Dance"],"special_seed":0,"relics":["Ring of the Snake","Dead Branch","Bottled Tornado","Smiling Mask","Cursed Key","Vajra","Enchiridion","Turnip","Whetstone","Pear","Empty Cage","Prayer Wheel","Peace Pipe","Darkstone Periapt","Membership Card","Dodecahedron","Red Mask"],"potions_floor_usage":[50,50],"damage_taken":[{"damage":0.0,"enemies":"Small Slimes","floor":1.0,"turns":5.0},{"damage":0.0,"enemies":"Jaw Worm","floor":2.0,"turns":5.0},{"damage":0.0,"enemies":"2 Louse","floor":3.0,"turns":2.0},{"damage":0.0,"enemies":"Exordium Wildlife","floor":4.0,"turns":2.0},{"damage":42.0,"enemies":"Gremlin Nob","floor":7.0,"turns":5.0},{"damage":2.0,"enemies":"3 Sentries","floor":10.0,"turns":4.0},{"damage":0.0,"enemies":"Lots of Slimes","floor":12.0,"turns":2.0},{"damage":4.0,"enemies":"Gremlin Gang","floor":13.0,"turns":2.0},{"damage":15.0,"enemies":"Hexaghost","floor":16.0,"turns":9.0},{"damage":4.0,"enemies":"Chosen","floor":18.0,"turns":4.0},{"damage":9.0,"enemies":"Shell Parasite","floor":20.0,"turns":4.0},{"damage":1.0,"enemies":"Centurion and Healer","floor":22.0,"turns":4.0},{"damage":14.0,"enemies":"Book of Stabbing","floor":24.0,"turns":4.0},{"damage":2.0,"enemies":"Chosen and Byrds","floor":27.0,"turns":4.0},{"damage":21.0,"enemies":"Slavers","floor":28.0,"turns":4.0},{"damage":2.0,"enemies":"Snake Plant","floor":29.0,"turns":3.0},{"damage":8.0,"enemies":"Centurion and Healer","floor":31.0,"turns":4.0},{"damage":8.0,"enemies":"Automaton","floor":33.0,"turns":8.0},{"damage":11.0,"enemies":"3 Darklings","floor":35.0,"turns":5.0},{"damage":1.0,"enemies":"Mind Bloom Boss Battle","floor":36.0,"turns":4.0},{"damage":30.0,"enemies":"2 Orb Walkers","floor":37.0,"turns":5.0},{"damage":3.0,"enemies":"3 Shapes","floor":38.0,"turns":3.0},{"damage":10.0,"enemies":"Sphere and 2 Shapes","floor":39.0,"turns":4.0},{"damage":0.0,"enemies":"Maw","floor":42.0,"turns":7.0},{"damage":16.0,"enemies":"Jaw Worm Horde","floor":44.0,"turns":4.0},{"damage":0.0,"enemies":"Sphere and 2 Shapes","floor":46.0,"turns":6.0},{"damage":6,"enemies":"Donu and Deca","floor":50,"turns":7}],"seed_played":"3979536932318603987","potions_obtained":[{"floor":3.0,"key":"GamblersBrew"},{"floor":7.0,"key":"SteroidPotion"},{"floor":13.0,"key":"Strength Potion"},{"floor":24.0,"key":"PowerPotion"},{"floor":36.0,"key":"Dexterity Potion"}],"is_trial":false,"path_per_floor":["M","M","M","M","$","R","E","R","T","E","R","M","M","?","R","B",null,"M","$","M","?","M","R","E","?","T","M","E","M","R","M","R","B",null,"M","?","?","M","M","R","?","M","T","M","R","M","$","?","R","B",null],"character_chosen":"THE_SILENT","items_purchased":["Noxious Fumes","Vajra","GhostInAJar","Membership Card","Burst","Apotheosis","Endless Agony","Backstab","Dodecahedron","Blade Dance"],"campfire_rested":7,"item_purchase_floors":[5,19,19,47,47,47,47,47,47,47],"current_hp_per_floor":[70,70,70,70,70,70,28,49,49,47,47,47,43,48,70,55,75,71,71,62,46,45,67,53,53,53,51,40,38,63,55,55,47,85,74,73,43,40,30,55,55,55,55,39,64,64,64,64,85,79],"gold":0,"neow_bonus":"TRANSFORM_TWO_CARDS","is_prod":false,"is_daily":false,"chose_seed":false,"campfire_upgraded":3,"win_rate":0,"timestamp":1556773342,"path_taken":["M","M","M","M","$","R","E","R","T","E","R","M","M","?","R","BOSS","M","$","M","?","M","R","E","?","T","M","E","M","R","M","R","BOSS","M","?","?","M","M","R","?","M","T","M","R","M","$","?","R","BOSS"],"build_version":"2019-01-23","purchased_purges":0,"victory":true,"max_hp_per_floor":[70,70,70,70,70,70,70,70,70,70,70,70,70,75,75,75,75,75,75,75,75,75,75,75,75,75,75,85,85,85,85,85,85,85,85,85,85,85,85,85,85,85,85,85,85,85,85,85,85,85],"card_choices":[{"not_picked":["Bane","Blade Dance"],"picked":"Dagger Spray","floor":1.0},{"not_picked":["Choke","Slice"],"picked":"Blade Dance","floor":2.0},{"not_picked":["Acrobatics","Concentrate"],"picked":"Dagger Spray","floor":3.0},{"not_picked":["Calculated Gamble","Bane"],"picked":"Sucker Punch","floor":4.0},{"not_picked":["Doppelganger","Sucker Punch"],"picked":"Deadly Poison","floor":7.0},{"not_picked":["Acrobatics","Dash"],"picked":"Blade Dance","floor":10.0},{"not_picked":["A Thousand Cuts","Dagger Spray","Skewer"],"picked":"SKIP","floor":12.0},{"not_picked":["Deflect","Poisoned Stab"],"picked":"Cloak And Dagger","floor":13.0},{"not_picked":["Bullet Time","Grand Finale"],"picked":"Malaise","floor":16.0},{"not_picked":["Concentrate","Outmaneuver","Deadly Poison"],"picked":"SKIP","floor":18.0},{"not_picked":["Reflex","Deadly Poison+1"],"picked":"Blade Dance","floor":20.0},{"not_picked":["Outmaneuver","Deflect"],"picked":"Endless Agony+1","floor":22.0},{"not_picked":["Endless Agony","Flechettes"],"picked":"Well Laid Plans","floor":24.0},{"not_picked":["Dodge and Roll","Quick Slash"],"picked":"PiercingWail+1","floor":27.0},{"not_picked":["Dagger Throw","Dagger Spray"],"picked":"Well Laid Plans","floor":28.0},{"not_picked":["Masterful Stab","Outmaneuver"],"picked":"Poisoned Stab+1","floor":29.0},{"not_picked":["Poisoned Stab+1","Bane"],"picked":"Footwork+1","floor":31.0},{"not_picked":["Dodge and Roll+1","Blade Dance+1"],"picked":"Cloak And Dagger","floor":35.0},{"not_picked":["Blade Dance","All Out Attack+1"],"picked":"Blur+1","floor":36.0},{"not_picked":["Concentrate+1","Flying Knee"],"picked":"Deflect+1","floor":37.0},{"not_picked":["Finisher","Masterful Stab+1","Quick Slash+1"],"picked":"SKIP","floor":38.0},{"not_picked":["Predator","Setup","Noxious Fumes"],"picked":"SKIP","floor":38.0},{"not_picked":["Riddle With Holes","Storm of Steel"],"picked":"Blur","floor":39.0},{"not_picked":["Heel Hook+1","Skewer+1","Dagger Spray"],"picked":"SKIP","floor":39.0},{"not_picked":["Deadly Poison","Well Laid Plans"],"picked":"Footwork","floor":42.0},{"not_picked":["Flechettes+1","Noxious Fumes"],"picked":"Blade Dance","floor":42.0},{"not_picked":["Infinite Blades+1","Crippling Poison+1"],"picked":"Dodge and Roll+1","floor":44.0},{"not_picked":["Dagger Spray","Deadly Poison+1","Corpse Explosion"],"picked":"SKIP","floor":44.0},{"not_picked":["Prepared","Dagger Throw"],"picked":"Concentrate+1","floor":46.0},{"not_picked":["Reflex","Heel Hook+1","Outmaneuver+1"],"picked":"SKIP","floor":46.0}],"player_experience":405347,"relics_obtained":[{"floor":7.0,"key":"Dead Branch"},{"floor":9.0,"key":"Bottled Tornado"},{"floor":10.0,"key":"Smiling Mask"},{"floor":21.0,"key":"Enchiridion"},{"floor":24.0,"key":"Turnip"},{"floor":26.0,"key":"Whetstone"},{"floor":28.0,"key":"Pear"},{"floor":36.0,"key":"Prayer Wheel"},{"floor":37.0,"key":"Peace Pipe"},{"floor":43.0,"key":"Darkstone Periapt"}],"event_choices":[{"damage_healed":0.0,"max_hp_gain":5.0,"max_hp_loss":0.0,"gold_gain":0.0,"event_name":"Big Fish","player_choice":"Donut","floor":14.0,"gold_loss":0.0,"damage_taken":0.0},{"damage_healed":0.0,"max_hp_gain":0.0,"max_hp_loss":0.0,"gold_gain":0.0,"event_name":"Cursed Tome","player_choice":"Obtained Book","floor":21.0,"gold_loss":0.0,"damage_taken":16.0},{"damage_healed":0.0,"max_hp_gain":0.0,"max_hp_loss":0.0,"gold_gain":0.0,"event_name":"Back to Basics","player_choice":"Simplicity","floor":25.0,"gold_loss":0.0,"damage_taken":0.0,"cards_upgraded":["Defend_G","Defend_G","Defend_G","Defend_G","Defend_G","Strike_G","Strike_G","Strike_G"]},{"damage_healed":0.0,"max_hp_gain":0.0,"max_hp_loss":0.0,"gold_gain":0.0,"event_name":"MindBloom","player_choice":"Fight","floor":36.0,"gold_loss":0.0,"damage_taken":0.0},{"damage_healed":0.0,"max_hp_gain":0.0,"max_hp_loss":0.0,"gold_gain":0.0,"event_name":"Mysterious Sphere","player_choice":"Fight","floor":37.0,"gold_loss":0.0,"damage_taken":0.0},{"cards_removed":["Deadly Poison"],"damage_healed":0.0,"max_hp_gain":0.0,"max_hp_loss":0.0,"gold_gain":0.0,"event_name":"Falling","player_choice":"Removed Skill","floor":41.0,"gold_loss":0.0,"damage_taken":0.0},{"damage_healed":0.0,"max_hp_gain":0.0,"max_hp_loss":0.0,"gold_gain":0.0,"event_name":"Tomb of Lord Red Mask","player_choice":"Paid","floor":48.0,"gold_loss":19.0,"damage_taken":0.0,"relics_obtained":["Red Mask"]}],"is_beta":false,"boss_relics":[{"not_picked":["Orrery","Lizard Tail"],"picked":"Cursed Key"},{"not_picked":["HoveringKite","Calling Bell"],"picked":"Empty Cage"}],"items_purged_floors":[],"is_endless":false,"potions_floor_spawned":[3,7,13,16,18,22,24,29,36,42,46],"ascension_level":0}