{"gold_per_floor":[18,18,18,29,39,39,71,71,97,47,47,67,67,83,83,185,185,201,3,3,3,3],"floor_reached":22,"playtime":580,"items_purged":["Strike_B"],"score":246,"play_id":"62ffb857-66bc-47bc-8afb-92673d740291","local_time":"20180914084122","is_ascension_mode":true,"campfire_choices":[{"data":"Beam Cell","floor":6,"key":"SMITH"},{"floor":11,"key":"REST"},{"data":"Redo","floor":13,"key":"SMITH"},{"floor":15,"key":"REST"}],"neow_cost":"NO_GOLD","seed_source_timestamp":123495971385579,"circlet_count":0,"master_deck":["Strike_B","Strike_B","Strike_B","Defend_B+1","Defend_B","Defend_B","Defend_B","Zap","Dualcast","Redo+1","Hologram","Beam Cell+1","Scrape+1","All For One","Seek","Chrysalis","Decay","Writhe"],"relics":["Cracked Core","Unceasing Top","Smiling Mask","StoneCalendar","Strawberry","Oddly Smooth Stone","Inserter","Boot"],"potions_floor_usage":[7,14,14,16,22],"damage_taken":[{"damage":2,"enemies":"2 Louse","floor":1,"turns":2},{"damage":4,"enemies":"Jaw Worm","floor":4,"turns":3},{"damage":13,"enemies":"Small Slimes","floor":5,"turns":3},{"damage":25,"enemies":"Gremlin Nob","floor":7,"turns":4},{"damage":1,"enemies":"Looter","floor":12,"turns":3},{"damage":3,"enemies":"Large Slime","floor":14,"turns":3},{"damage":33,"enemies":"The Guardian","floor":16,"turns":7},{"damage":29,"enemies":"2 Thieves","floor":18,"turns":3},{"damage":28,"enemies":"3 Byrds","floor":22,"turns":4}],"seed_played":"-8794043244694418203","potions_obtained":[{"floor":1,"key":"PowerPotion"},{"floor":7,"key":"Fire Potion"},{"floor":12,"key":"GamblersBrew"},{"floor":14,"key":"FocusPotion"},{"floor":18,"key":"Swift Potion"}],"is_trial":false,"path_per_floor":["M","?","T","M","M","R","E","?","T","$","R","M","R","M","R","B",null,"M","$","?","?"],"character_chosen":"DEFECT","items_purchased":["Chrysalis"],"campfire_rested":2,"item_purchase_floors":[19],"current_hp_per_floor":[66,59,59,55,42,42,24,8,8,8,32,31,31,28,52,19,66,37,37,37,37,9],"gold":3,"neow_bonus":"ONE_RARE_RELIC","is_prod":false,"is_daily":false,"chose_seed":false,"campfire_upgraded":2,"win_rate":0,"timestamp":1536928882,"path_taken":["M","?","?","M","M","R","E","?","T","$","R","M","R","M","R","BOSS","M","$","?","?","M"],"build_version":"2018-09-06","purchased_purges":1,"victory":false,"max_hp_per_floor":[75,75,75,75,75,75,82,82,82,82,82,82,82,82,82,82,82,82,82,82,82,82],"card_choices":[{"not_picked":["Lockon","Leap"],"picked":"Redo","floor":1},{"not_picked":["Aggregate","Cold Snap"],"picked":"Hologram","floor":4},{"not_picked":["Ball Lightning","Conserve Battery"],"picked":"Beam Cell","floor":5},{"not_picked":["Turbo","Fusion"],"picked":"Scrape","floor":7},{"not_picked":["Barrage","Hologram","Sweeping Beam"],"picked":"SKIP","floor":12},{"not_picked":["Doom and Gloom","Compile Driver"],"picked":"All For One","floor":14},{"not_picked":["Fission","Rainbow"],"picked":"Seek","floor":16},{"not_picked":["Stack+1","Rebound","Conserve Battery"],"picked":"SKIP","floor":18}],"player_experience":524815,"relics_obtained":[{"floor":3,"key":"StoneCalendar"},{"floor":7,"key":"Strawberry"},{"floor":9,"key":"Oddly Smooth Stone"}],"event_choices":[{"event_name":"Scrap Ooze","player_choice":"success","floor":2,"damage_taken":7},{"event_name":"Shining Light","player_choice":"Entered Light","floor":8,"damage_taken":0},{"event_name":"Forgotten Altar","player_choice":"Smashed Altar","floor":20,"damage_taken":0},{"event_name":"The Mausoleum","player_choice":"Yes","floor":21,"damage_taken":0}],"is_beta":false,"boss_relics":[{"not_picked":["Eternal Feather","Fusion Hammer"],"picked":"Inserter"}],"items_purged_floors":[10],"is_endless":false,"potions_floor_spawned":[1,7,12,14,18],"killed_by":"3 Byrds","ascension_level":7}