{"gold_per_floor":[112,112,42,42,57,57,57,57,141,141,158,175,100,118,118,223,223,235,135,153,165,40,40,64,64,88,88,122,122,135,155,155,256,256,269,269,284,304,154,186,206,206,230,132,132,143,159,0,0,0],"floor_reached":51,"playtime":1840,"items_purged":["Strike_R","Defend_R","Strike_R","Defend_R+1","Defend_R+1"],"score":812,"play_id":"dc2f69ca-f0da-4af0-a6ee-a8ec809ce790","local_time":"20190417231241","is_ascension_mode":false,"campfire_choices":[{"data":"Bash","floor":6,"key":"SMITH"},{"data":"Dropkick","floor":8,"key":"SMITH"},{"data":"Dropkick","floor":15,"key":"SMITH"},{"floor":27,"key":"REST"},{"data":"Offering","floor":29,"key":"SMITH"},{"data":"Defend_R","floor":32,"key":"SMITH"},{"floor":45,"key":"REST"},{"floor":49,"key":"RECALL"}],"neow_cost":"NONE","seed_source_timestamp":610247369063000,"circlet_count":0,"master_deck":["Defend_R+1","Bash+1","Dropkick+1","Dropkick+1","Offering+1","Warcry+1"],"relics":["Burning Blood","Ginger","Tiny Chest","Philosopher\u0027s Stone","Lantern","Blood Vial","War Paint","Runic Pyramid","Centennial Puzzle","Regal Pillow","Smiling Mask","Red Mask"],"potions_floor_usage":[16,28,50,50,50],"damage_taken":[{"damage":1,"enemies":"Cultist","floor":1,"turns":3},{"damage":8,"enemies":"2 Louse","floor":5,"turns":2},{"damage":11,"enemies":"Jaw Worm","floor":11,"turns":2},{"damage":1,"enemies":"2 Fungi Beasts","floor":12,"turns":2},{"damage":7,"enemies":"3 Louse","floor":14,"turns":4},{"damage":12,"enemies":"The Guardian","floor":16,"turns":13},{"damage":25,"enemies":"Spheric Guardian","floor":18,"turns":5},{"damage":18,"enemies":"2 Thieves","floor":20,"turns":2},{"damage":6,"enemies":"Centurion and Healer","floor":21,"turns":2},{"damage":6,"enemies":"Gremlin Leader","floor":28,"turns":1},{"damage":6,"enemies":"Snake Plant","floor":30,"turns":1},{"damage":6,"enemies":"Shelled Parasite and Fungi","floor":31,"turns":1},{"damage":6,"enemies":"Champ","floor":33,"turns":2},{"damage":10,"enemies":"3 Darklings","floor":35,"turns":3},{"damage":21,"enemies":"3 Shapes","floor":37,"turns":1},{"damage":6,"enemies":"Maw","floor":38,"turns":1},{"damage":6,"enemies":"Reptomancer","floor":40,"turns":1},{"damage":6,"enemies":"Writhing Mass","floor":41,"turns":1},{"damage":0,"enemies":"Spire Growth","floor":46,"turns":1},{"damage":0,"enemies":"Maw","floor":47,"turns":1},{"damage":20,"enemies":"Donu and Deca","floor":50,"turns":2}],"seed_played":"-186701452091465045","potions_obtained":[{"floor":5,"key":"Fire Potion"},{"floor":12,"key":"Strength Potion"},{"floor":16,"key":"LiquidBronze"},{"floor":21,"key":"Fruit Juice"},{"floor":28,"key":"LiquidBronze"},{"floor":35,"key":"Fire Potion"},{"floor":46,"key":"FearPotion"}],"is_trial":false,"path_per_floor":["M","?","$","?","M","R","?","R","T","?","M","M","$","M","R","B",null,"M","$","M","M","$","?","T","$","T","R","E","R","M","M","R","B",null,"M","?","M","M","$","E","M","T","T","$","R","M","M","?","R","B",null],"character_chosen":"IRONCLAD","items_purchased":["Dropkick","PowerPotion"],"campfire_rested":2,"item_purchase_floors":[3,44],"current_hp_per_floor":[80,85,85,85,83,83,83,83,83,83,78,83,83,82,82,76,85,66,66,54,54,54,54,54,54,54,79,86,86,88,90,90,90,90,86,86,73,75,75,77,79,79,79,79,90,90,90,90,90,76],"gold":0,"neow_bonus":"REMOVE_CARD","is_prod":false,"is_daily":false,"chose_seed":false,"campfire_upgraded":5,"win_rate":0,"timestamp":1555557161,"path_taken":["M","?","$","?","?","R","?","R","T","?","M","M","$","M","R","BOSS","M","$","M","M","$","?","?","$","T","R","E","R","M","M","R","BOSS","M","?","M","M","$","E","?","?","T","$","R","?","M","?","R","BOSS"],"build_version":"2019-01-23","purchased_purges":5,"victory":true,"max_hp_per_floor":[80,85,85,85,85,85,85,85,85,85,85,85,85,85,85,85,85,85,85,85,85,85,85,85,85,85,85,90,90,90,90,90,90,90,90,90,90,90,90,90,90,90,90,90,90,90,90,90,90,90],"card_choices":[{"not_picked":["Pommel Strike","Headbutt"],"picked":"Dropkick","floor":1},{"not_picked":["Flame Barrier","Perfected Strike","Clothesline"],"picked":"SKIP","floor":5},{"not_picked":["Iron Wave","Combust","Corruption"],"picked":"SKIP","floor":11},{"not_picked":["Carnage","Clash","Bloodletting"],"picked":"SKIP","floor":12},{"not_picked":["Battle Trance","Havoc","Rupture"],"picked":"SKIP","floor":14},{"not_picked":["Bludgeon","Immolate"],"picked":"Offering","floor":16},{"not_picked":["Intimidate+1","Anger","Flame Barrier"],"picked":"SKIP","floor":18},{"not_picked":["Shrug It Off+1","Perfected Strike","Uppercut"],"picked":"SKIP","floor":20},{"not_picked":["Uppercut","Cleave+1","Twin Strike+1"],"picked":"SKIP","floor":21},{"not_picked":["Perfected Strike+1","Infernal Blade","Bludgeon"],"picked":"SKIP","floor":28},{"not_picked":["Heavy Blade","Clothesline","Sever Soul"],"picked":"SKIP","floor":30},{"not_picked":["Whirlwind","Sever Soul","Rupture"],"picked":"SKIP","floor":31},{"not_picked":["Clash","Metallicize+1"],"picked":"Warcry+1","floor":35},{"not_picked":["Twin Strike+1","Armaments+1","Feed"],"picked":"SKIP","floor":37},{"not_picked":["Perfected Strike+1","Wild Strike+1","Sever Soul"],"picked":"SKIP","floor":38},{"not_picked":["Clash+1","True Grit","Headbutt+1"],"picked":"SKIP","floor":40},{"not_picked":["Corruption","Flex","Warcry"],"picked":"SKIP","floor":41},{"not_picked":["Perfected Strike+1","Bloodletting+1","Havoc+1"],"picked":"SKIP","floor":46},{"not_picked":["Disarm","Body Slam+1","Dual Wield+1"],"picked":"SKIP","floor":47}],"player_experience":352478,"relics_obtained":[{"floor":9,"key":"Tiny Chest"},{"floor":24,"key":"Lantern"},{"floor":26,"key":"Blood Vial"},{"floor":28,"key":"War Paint"},{"floor":40,"key":"Centennial Puzzle"},{"floor":42,"key":"Regal Pillow"},{"floor":43,"key":"Smiling Mask"}],"event_choices":[{"damage_healed":0,"gold_gain":0,"player_choice":"Donut","damage_taken":0,"max_hp_gain":5,"max_hp_loss":0,"event_name":"Big Fish","floor":2,"gold_loss":0},{"cards_removed":["Strike_R"],"damage_healed":0,"gold_gain":0,"player_choice":"Offered Basic","damage_taken":0,"max_hp_gain":0,"max_hp_loss":0,"event_name":"Bonfire Elementals","floor":4,"gold_loss":0},{"damage_healed":0,"gold_gain":0,"player_choice":"Searched \u00272\u0027 times","damage_taken":0,"relics_obtained":["Ginger"],"max_hp_gain":0,"max_hp_loss":0,"event_name":"Dead Adventurer","floor":7,"gold_loss":0},{"cards_removed":["Strike_R"],"damage_healed":0,"gold_gain":0,"player_choice":"Forget","damage_taken":0,"max_hp_gain":0,"max_hp_loss":0,"event_name":"Living Wall","floor":10,"gold_loss":0},{"damage_healed":0,"gold_gain":0,"player_choice":"Ignored","damage_taken":0,"max_hp_gain":0,"max_hp_loss":0,"event_name":"Vampires","floor":23,"gold_loss":0},{"cards_removed":["Double Energy"],"damage_healed":0,"gold_gain":0,"player_choice":"Took Card","damage_taken":0,"max_hp_gain":0,"max_hp_loss":0,"event_name":"NoteForYourself","floor":36,"gold_loss":0,"cards_obtained":["Double Energy"]},{"damage_healed":0,"gold_gain":0,"player_choice":"Paid","damage_taken":0,"relics_obtained":["Red Mask"],"max_hp_gain":0,"max_hp_loss":0,"event_name":"Tomb of Lord Red Mask","floor":48,"gold_loss":159}],"is_beta":false,"boss_relics":[{"not_picked":["Runic Dome","Cursed Key"],"picked":"Philosopher\u0027s Stone"},{"not_picked":["Velvet Choker","Astrolabe"],"picked":"Runic Pyramid"}],"items_purged_floors":[13,19,22,39,44],"is_endless":false,"potions_floor_spawned":[5,12,16,21,28,33,35,37,46],"ascension_level":0}