{"gold_per_floor":[115,128,140,151,116,116,138,7,7,7,39,39,0],"floor_reached":13,"playtime":278,"items_purged":[],"score":158,"play_id":"32d53c0d-de5a-43a2-8234-edaee81c708c","local_time":"20181110120417","is_ascension_mode":true,"campfire_choices":[{"data":"Crippling Poison","floor":6,"key":"SMITH"},{"floor":12,"key":"REST"}],"neow_cost":"NONE","seed_source_timestamp":450713616490491,"circlet_count":0,"master_deck":["AscendersBane","Defend_G","Defend_G","Defend_G","Defend_G","Defend_G","Strike_G","Strike_G","Strike_G","Strike_G","Strike_G","Survivor","Neutralize","Finisher","Crippling Poison+1","Prepared","Deadly Poison","PiercingWail","Footwork","Poisoned Stab","Crippling Poison"],"relics":["Ring of the Snake","NeowsBlessing","Odd Mushroom","Mummified Hand","GremlinMask","The Courier"],"potions_floor_usage":[4,7,13],"damage_taken":[{"damage":0,"enemies":"Cultist","floor":1,"turns":1},{"damage":0,"enemies":"Jaw Worm","floor":2,"turns":1},{"damage":0,"enemies":"Small Slimes","floor":3,"turns":1},{"damage":11,"enemies":"Looter","floor":4,"turns":2},{"damage":9,"enemies":"The Mushroom Lair","floor":7,"turns":3},{"damage":50,"enemies":"Gremlin Nob","floor":11,"turns":5},{"damage":8,"enemies":"Exordium Thugs","floor":13,"turns":3}],"seed_played":"-3003668850731939367","potions_obtained":[{"floor":1,"key":"Fire Potion"},{"floor":2,"key":"PowerPotion"},{"floor":11,"key":"EssenceOfSteel"}],"is_trial":false,"path_per_floor":["M","M","M","M","?","R","?","$","T","?","E","R","M"],"character_chosen":"THE_SILENT","items_purchased":["Footwork","Poisoned Stab"],"campfire_rested":1,"item_purchase_floors":[8,8],"current_hp_per_floor":[59,59,59,48,64,64,55,55,55,55,5,24,16],"gold":0,"neow_bonus":"THREE_ENEMY_KILL","is_prod":false,"is_daily":false,"chose_seed":false,"campfire_upgraded":1,"win_rate":0,"timestamp":1541869457,"path_taken":["M","M","M","?","?","R","?","$","T","?","E","R","?"],"build_version":"2018-11-08","purchased_purges":0,"victory":false,"max_hp_per_floor":[66,66,66,66,66,66,66,66,66,66,66,66,66],"card_choices":[{"not_picked":["Quick Slash","Flying Knee"],"picked":"Finisher","floor":1},{"not_picked":["Skewer","Acrobatics"],"picked":"Crippling Poison","floor":2},{"not_picked":["Expertise","Underhanded Strike"],"picked":"Prepared","floor":3},{"not_picked":["Blade Dance","Predator"],"picked":"Deadly Poison","floor":4},{"not_picked":["Reflex","Dagger Throw"],"picked":"PiercingWail","floor":7},{"not_picked":["Reflex","Deadly Poison"],"picked":"Crippling Poison","floor":11}],"player_experience":713757,"relics_obtained":[{"floor":7,"key":"Odd Mushroom"},{"floor":9,"key":"Mummified Hand"},{"floor":11,"key":"The Courier"}],"event_choices":[{"damage_healed":16,"gold_gain":0,"player_choice":"Healed","damage_taken":0,"max_hp_gain":0,"max_hp_loss":0,"event_name":"The Cleric","floor":5,"gold_loss":35},{"damage_healed":0,"gold_gain":0,"player_choice":"Fought Mushrooms","damage_taken":0,"max_hp_gain":0,"max_hp_loss":0,"event_name":"Mushrooms","floor":7,"gold_loss":0},{"damage_healed":0,"gold_gain":0,"player_choice":"Trade","damage_taken":0,"relics_obtained":["GremlinMask"],"max_hp_gain":0,"max_hp_loss":0,"event_name":"FaceTrader","floor":10,"gold_loss":0}],"is_beta":false,"boss_relics":[],"items_purged_floors":[],"is_endless":false,"potions_floor_spawned":[1,2,11],"killed_by":"Exordium Thugs","ascension_level":18}