{"gold_per_floor":[110,185,199,124,124,124,153,53,53,53,53,67,100,114,114,209,209,224,224,256,183,209,221,257,295,330,60,76,76,76,86,86,86],"floor_reached":33,"playtime":907,"items_purged":["Strike_B","Strike_B","Strike_B"],"score":298,"play_id":"dec9c7e3-f256-4cad-bec6-4c522312065f","local_time":"20190407212355","is_ascension_mode":false,"campfire_choices":[{"data":"Hyperbeam","floor":6,"key":"SMITH"},{"floor":11,"key":"REST"},{"floor":15,"key":"RECALL"},{"floor":23,"key":"DIG"},{"floor":32,"key":"REST"}],"neow_cost":"NONE","seed_source_timestamp":1282501006365700,"circlet_count":0,"master_deck":["Defend_B","Defend_B","Defend_B","Defend_B","Zap","Dualcast","Hyperbeam+1","Beam Cell","Leap","Seek","Sunder","Rebound","Self Repair","Meteor Strike","Fusion+1","Genetic Algorithm+1"],"relics":["Cracked Core","Prayer Wheel","Sundial","Pear","White Beast Statue","MawBank","Shovel","Shuriken","Oddly Smooth Stone","Potion Belt","Centennial Puzzle","Regal Pillow"],"potions_floor_usage":[16,16,22,25,28,33],"damage_taken":[{"damage":0,"enemies":"2 Louse","floor":1,"turns":2},{"damage":0,"enemies":"Small Slimes","floor":3,"turns":1},{"damage":21,"enemies":"Lagavulin","floor":7,"turns":5},{"damage":1,"enemies":"Jaw Worm","floor":12,"turns":2},{"damage":6,"enemies":"Gremlin Nob","floor":13,"turns":3},{"damage":0,"enemies":"Blue Slaver","floor":14,"turns":1},{"damage":30,"enemies":"Slime Boss","floor":16,"turns":5},{"damage":6,"enemies":"3 Byrds","floor":18,"turns":3},{"damage":34,"enemies":"Spheric Guardian","floor":20,"turns":6},{"damage":23,"enemies":"Snake Plant","floor":22,"turns":3},{"damage":0,"enemies":"Gremlin Leader","floor":25,"turns":5},{"damage":17,"enemies":"3 Cultists","floor":28,"turns":4},{"damage":8,"enemies":"Centurion and Healer","floor":31,"turns":4},{"damage":58,"enemies":"Champ","floor":33,"turns":9}],"seed_played":"6118511684129729540","potions_obtained":[{"floor":12,"key":"SkillPotion"},{"floor":14,"key":"FearPotion"},{"floor":18,"key":"AttackPotion"},{"floor":20,"key":"Swift Potion"},{"floor":22,"key":"Fire Potion"},{"floor":25,"key":"GamblersBrew"},{"floor":28,"key":"LiquidBronze"},{"floor":31,"key":"LiquidBronze"}],"is_trial":false,"path_per_floor":["M","?","M","$","?","R","E","$","T","?","R","M","E","M","R","B",null,"M","?","M","?","M","R","T","E","T","$","M","?","$","M","R","B"],"character_chosen":"DEFECT","items_purchased":["Self Repair","Meteor Strike"],"campfire_rested":2,"item_purchase_floors":[27,27],"current_hp_per_floor":[75,64,64,64,46,46,25,25,25,18,40,39,43,43,43,13,85,79,79,45,45,22,22,22,22,22,22,12,12,12,11,51,0],"gold":86,"neow_bonus":"ONE_RANDOM_RARE_CARD","is_prod":false,"is_daily":false,"chose_seed":false,"campfire_upgraded":1,"win_rate":0,"timestamp":1554643435,"path_taken":["M","?","M","$","?","R","E","$","T","?","R","M","E","M","R","BOSS","M","?","M","?","M","R","?","E","T","$","?","?","?","M","R","BOSS"],"build_version":"2019-01-23","purchased_purges":3,"victory":false,"max_hp_per_floor":[75,75,75,75,75,75,75,75,75,75,75,75,85,85,85,85,85,85,85,85,85,85,85,85,85,85,85,85,85,85,85,85,85],"card_choices":[{"not_picked":["Leap","Defragment"],"picked":"Beam Cell","floor":1},{"not_picked":["Conserve Battery","Ball Lightning","Aggregate"],"picked":"SKIP","floor":3},{"not_picked":["Creative AI","Rip and Tear","Redo"],"picked":"SKIP","floor":7},{"not_picked":["Rebound","Cold Snap"],"picked":"Leap","floor":12},{"not_picked":["Go for the Eyes","Lockon","Gash"],"picked":"SKIP","floor":12},{"not_picked":["Force Field","Barrage","Hologram"],"picked":"SKIP","floor":13},{"not_picked":["Consume","Rip and Tear"],"picked":"Seek","floor":14},{"not_picked":["Go for the Eyes","Gash","Heatsinks"],"picked":"SKIP","floor":14},{"not_picked":["Turbo","Cold Snap","Coolheaded"],"picked":"SKIP","floor":18},{"not_picked":["Recycle","Undo","Barrage"],"picked":"SKIP","floor":18},{"not_picked":["Ball Lightning+1","Beam Cell"],"picked":"Sunder","floor":20},{"not_picked":["Beam Cell+1","Scrape+1","Hologram"],"picked":"SKIP","floor":20},{"not_picked":["Barrage","Ball Lightning","Gash"],"picked":"SKIP","floor":22},{"not_picked":["Gash","Capacitor","Barrage"],"picked":"SKIP","floor":22},{"not_picked":["Undo","Compile Driver+1"],"picked":"Rebound","floor":25},{"not_picked":["Steam Power","Melter"],"picked":"Fusion+1","floor":28},{"not_picked":["Darkness","Steam","Rainbow"],"picked":"SKIP","floor":28},{"not_picked":["Leap","Consume"],"picked":"Genetic Algorithm+1","floor":31},{"not_picked":["Fusion","Stack","Scrape"],"picked":"SKIP","floor":31},{"not_picked":["Fusion","Stack","Scrape"],"picked":"SKIP","floor":31}],"player_experience":459119,"relics_obtained":[{"floor":7,"key":"Sundial"},{"floor":13,"key":"Pear"},{"floor":23,"key":"Shuriken"},{"floor":24,"key":"Oddly Smooth Stone"},{"floor":25,"key":"Potion Belt"},{"floor":26,"key":"Centennial Puzzle"}],"event_choices":[{"damage_healed":0,"gold_gain":75,"player_choice":"Gather Gold","damage_taken":11,"max_hp_gain":0,"max_hp_loss":0,"event_name":"World of Goop","floor":2,"gold_loss":0},{"damage_healed":0,"gold_gain":0,"player_choice":"Success","damage_taken":18,"relics_obtained":["Prayer Wheel"],"max_hp_gain":0,"max_hp_loss":0,"event_name":"Scrap Ooze","floor":5,"gold_loss":0},{"cards_removed":["Strike_B"],"damage_healed":0,"gold_gain":0,"player_choice":"Card Removal","damage_taken":7,"max_hp_gain":0,"max_hp_loss":0,"event_name":"Golden Wing","floor":10,"gold_loss":0},{"damage_healed":0,"gold_gain":0,"player_choice":"Opened","damage_taken":0,"relics_obtained":["MawBank"],"max_hp_gain":0,"max_hp_loss":0,"event_name":"The Mausoleum","floor":19,"gold_loss":0},{"damage_healed":0,"gold_gain":0,"player_choice":"Obtained Relic","damage_taken":0,"relics_obtained":["Shovel"],"max_hp_gain":0,"max_hp_loss":0,"event_name":"Addict","floor":21,"gold_loss":85},{"damage_healed":0,"gold_gain":0,"player_choice":"Gave Potion","damage_taken":0,"relics_obtained":["Regal Pillow"],"max_hp_gain":0,"max_hp_loss":0,"event_name":"WeMeetAgain","floor":29,"gold_loss":0}],"is_beta":false,"boss_relics":[{"not_picked":["FrozenCore","Inserter"],"picked":"White Beast Statue"}],"items_purged_floors":[4,8,27],"is_endless":false,"potions_floor_spawned":[12,14,18,20,22,25,28,31],"killed_by":"Champ","ascension_level":0}