{"gold_per_floor":[117,117,135,148,223,249,249,274,274,285,302,302,302,302,302,401,401,417,90,106,106,106,106,130,130,157,172,227,246,246,262,262,360,410,426,426,438,450,450,450,465,77,77,177,227,245,245,145,145,145],"floor_reached":51,"playtime":4896,"items_purged":["Strike_G","Strike_G"],"score":687,"play_id":"2f632961-14b8-4747-9390-aded1933c224","local_time":"20181226230333","is_ascension_mode":true,"campfire_choices":[{"floor":7,"key":"REST"},{"floor":15,"key":"REST"},{"floor":23,"key":"RECALL"},{"floor":25,"key":"REST"},{"floor":32,"key":"REST"},{"data":"Catalyst","floor":40,"key":"SMITH"},{"floor":47,"key":"REST"},{"data":"Catalyst","floor":49,"key":"SMITH"}],"neow_cost":"NONE","seed_source_timestamp":76241364408772,"circlet_count":0,"master_deck":["Defend_G","Defend_G+1","Defend_G","Defend_G","Strike_G","Survivor","Neutralize","Venomology+1","Noxious Fumes+1","Poisoned Stab+1","Catalyst+1","Deadly Poison","Calculated Gamble","Poisoned Stab","Flying Knee","Deflect","Malaise+1","Poisoned Stab+1","Caltrops","Well Laid Plans","Bane","PiercingWail","Footwork","Prepared+1","Deflect+1","Catalyst+1","Corpse Explosion","Catalyst+1","PiercingWail+1","Backflip+1","Parasite"],"relics":["Astrolabe","Meat on the Bone","Bronze Scales","Gambling Chip","White Beast Statue","Question Card","Enchiridion","Bag of Preparation","War Paint","Tiny Chest","Tiny House","The Specimen","Mummified Hand","Pocketwatch","Unceasing Top"],"potions_floor_usage":[4,6,8,10,11,12,16,16,16,20,20,22,22,22,28,29,29,30,31,33,33,35,35,35,38,41,41,44,45,45,45,45,46,50,50,50,50,50,50,50],"damage_taken":[{"damage":2,"enemies":"Jaw Worm","floor":1,"turns":4},{"damage":5,"enemies":"Small Slimes","floor":3,"turns":4},{"damage":4,"enemies":"Cultist","floor":4,"turns":3},{"damage":15,"enemies":"3 Sentries","floor":6,"turns":7},{"damage":10,"enemies":"Lagavulin","floor":8,"turns":4},{"damage":14,"enemies":"Large Slime","floor":10,"turns":7},{"damage":0,"enemies":"Looter","floor":11,"turns":3},{"damage":0,"enemies":"Red Slaver","floor":12,"turns":1},{"damage":31,"enemies":"Hexaghost","floor":16,"turns":6},{"damage":13,"enemies":"3 Byrds","floor":18,"turns":3},{"damage":8,"enemies":"Spheric Guardian","floor":20,"turns":5},{"damage":20,"enemies":"Colosseum Slavers","floor":22,"turns":4},{"damage":7,"enemies":"Snake Plant","floor":27,"turns":4},{"damage":20,"enemies":"Gremlin Leader","floor":28,"turns":5},{"damage":0,"enemies":"Snecko","floor":29,"turns":3},{"damage":0,"enemies":"3 Cultists","floor":30,"turns":1},{"damage":12,"enemies":"Chosen and Byrds","floor":31,"turns":5},{"damage":12,"enemies":"Automaton","floor":33,"turns":6},{"damage":5,"enemies":"3 Darklings","floor":35,"turns":5},{"damage":4,"enemies":"3 Shapes","floor":37,"turns":4},{"damage":11,"enemies":"Transient","floor":38,"turns":5},{"damage":20,"enemies":"Spire Growth","floor":41,"turns":5},{"damage":2,"enemies":"Mind Bloom Boss Battle","floor":44,"turns":4},{"damage":28,"enemies":"2 Orb Walkers","floor":45,"turns":4},{"damage":0,"enemies":"Writhing Mass","floor":46,"turns":5},{"damage":59,"enemies":"Time Eater","floor":50,"turns":13}],"seed_played":"5914043750474626571","potions_obtained":[{"floor":3,"key":"Strength Potion"},{"floor":10,"key":"SmokeBomb"},{"floor":20,"key":"Swift Potion"},{"floor":27,"key":"EssenceOfSteel"},{"floor":28,"key":"Poison Potion"},{"floor":29,"key":"SmokeBomb"},{"floor":31,"key":"EntropicBrew"},{"floor":33,"key":"FearPotion"},{"floor":34,"key":"Swift Potion"},{"floor":35,"key":"Explosive Potion"},{"floor":37,"key":"EssenceOfSteel"},{"floor":38,"key":"Swift Potion"},{"floor":41,"key":"SkillPotion"},{"floor":45,"key":"Swift Potion"}],"is_trial":false,"path_per_floor":["M","?","M","M","?","E","R","E","T","M","M","M","?","?","R","B",null,"M","$","M","?","?","R","T","R","T","M","E","M","M","M","R","B",null,"M","?","M","M","?","R","M","$","T","?","?","M","R","$","R","B",null],"character_chosen":"THE_SILENT","items_purchased":["Question Card","Caltrops","The Specimen"],"campfire_rested":5,"item_purchase_floors":[19,19,42],"current_hp_per_floor":[68,68,63,59,52,37,58,48,48,49,49,49,54,54,75,44,75,62,62,69,53,45,45,45,67,67,60,40,40,40,42,64,52,80,75,75,71,60,60,60,40,40,40,50,34,46,68,68,68,21],"gold":145,"neow_bonus":"BOSS_RELIC","is_prod":false,"is_daily":false,"chose_seed":false,"campfire_upgraded":2,"win_rate":0,"timestamp":1545883413,"path_taken":["M","?","M","M","?","E","R","E","T","?","M","M","?","?","R","BOSS","M","$","M","?","?","R","?","R","T","M","E","M","?","M","R","BOSS","M","?","M","M","?","R","M","$","T","?","?","M","R","?","R","BOSS"],"build_version":"2018-12-20","purchased_purges":2,"victory":true,"max_hp_per_floor":[70,70,70,70,70,70,70,70,70,70,70,70,75,75,75,75,75,75,75,75,75,75,75,75,75,75,75,75,75,75,75,75,75,80,80,80,80,80,76,76,76,76,76,76,76,76,76,76,76,76],"card_choices":[{"not_picked":["Tactician","Slice"],"picked":"Catalyst","floor":1},{"not_picked":["Catalyst","Expertise"],"picked":"Deadly Poison","floor":3},{"not_picked":["Predator","Distraction","Skewer"],"picked":"SKIP","floor":4},{"not_picked":["Dodge and Roll","Underhanded Strike"],"picked":"Calculated Gamble","floor":6},{"not_picked":["Choke","Bullet Time"],"picked":"Poisoned Stab","floor":8},{"not_picked":["Finisher","Masterful Stab"],"picked":"Flying Knee","floor":10},{"not_picked":["Dodge and Roll","Finisher"],"picked":"Deflect","floor":11},{"not_picked":["Bullet Time","Wraith Form v2"],"picked":"Malaise","floor":16},{"not_picked":["Dagger Spray","Slice"],"picked":"Poisoned Stab+1","floor":18},{"not_picked":["Noxious Fumes+1","Outmaneuver+1","Envenom"],"picked":"Well Laid Plans","floor":20},{"not_picked":["Quick Slash+1","Slice","Blade Dance"],"picked":"Bane","floor":27},{"not_picked":["Sucker Punch","Quick Slash","Poisoned Stab"],"picked":"PiercingWail","floor":28},{"not_picked":["Dagger Spray","Phantasmal Killer","Reflex"],"picked":"Footwork","floor":29},{"not_picked":["Tactician","Well Laid Plans+1","Choke"],"picked":"Prepared","floor":31},{"not_picked":["Backstab","Slice","Tactician+1"],"picked":"Deflect+1","floor":35},{"not_picked":["All Out Attack","Acrobatics","Caltrops"],"picked":"Catalyst","floor":37},{"not_picked":["Deflect","Deadly Poison","Quick Slash"],"picked":"Corpse Explosion","floor":38},{"not_picked":["Slice","Underhanded Strike","Sucker Punch"],"picked":"Catalyst","floor":41},{"not_picked":["Terror","Flying Knee+1","Dodge and Roll"],"picked":"PiercingWail+1","floor":44},{"not_picked":["Acrobatics+1","Dodge and Roll+1","Dagger Spray"],"picked":"Backflip+1","floor":45},{"not_picked":["Masterful Stab+1","Dagger Throw+1","Dodge and Roll+1","Backflip"],"picked":"SKIP","floor":46}],"player_experience":39492,"relics_obtained":[{"floor":6,"key":"Meat on the Bone"},{"floor":8,"key":"Bronze Scales"},{"floor":21,"key":"Enchiridion"},{"floor":24,"key":"Bag of Preparation"},{"floor":26,"key":"War Paint"},{"floor":28,"key":"Tiny Chest"},{"floor":43,"key":"Mummified Hand"},{"floor":44,"key":"Pocketwatch"},{"floor":45,"key":"Unceasing Top"}],"event_choices":[{"damage_healed":0,"gold_gain":0,"player_choice":"Grow","damage_taken":0,"max_hp_gain":0,"max_hp_loss":0,"event_name":"Living Wall","floor":2,"gold_loss":0,"cards_upgraded":["Catalyst"]},{"damage_healed":0,"gold_gain":75,"player_choice":"Touch","damage_taken":7,"max_hp_gain":0,"max_hp_loss":0,"event_name":"FaceTrader","floor":5,"gold_loss":0},{"damage_healed":0,"gold_gain":0,"player_choice":"Donut","damage_taken":0,"max_hp_gain":5,"max_hp_loss":0,"event_name":"Big Fish","floor":13,"gold_loss":0},{"damage_healed":0,"gold_gain":0,"player_choice":"Gave Potion","damage_taken":0,"relics_obtained":["Gambling Chip"],"max_hp_gain":0,"max_hp_loss":0,"event_name":"WeMeetAgain","floor":14,"gold_loss":0},{"damage_healed":0,"gold_gain":0,"player_choice":"Obtained Book","damage_taken":16,"max_hp_gain":0,"max_hp_loss":0,"event_name":"Cursed Tome","floor":21,"gold_loss":0},{"damage_healed":0,"gold_gain":0,"player_choice":"Fight","damage_taken":0,"max_hp_gain":0,"max_hp_loss":0,"event_name":"Colosseum","floor":22,"gold_loss":0},{"damage_healed":0,"gold_gain":0,"player_choice":"Fled From Nobs","damage_taken":0,"max_hp_gain":0,"max_hp_loss":0,"event_name":"Colosseum","floor":22,"gold_loss":0},{"damage_healed":0,"gold_gain":0,"player_choice":"Ignored","damage_taken":0,"max_hp_gain":0,"max_hp_loss":0,"event_name":"Tomb of Lord Red Mask","floor":36,"gold_loss":0},{"damage_healed":0,"gold_gain":0,"player_choice":"Max HP","damage_taken":0,"max_hp_gain":0,"max_hp_loss":4,"event_name":"Winding Halls","floor":39,"gold_loss":0},{"damage_healed":0,"gold_gain":0,"player_choice":"Fight","damage_taken":0,"max_hp_gain":0,"max_hp_loss":0,"event_name":"MindBloom","floor":44,"gold_loss":0},{"damage_healed":0,"gold_gain":0,"player_choice":"Fight","damage_taken":0,"max_hp_gain":0,"max_hp_loss":0,"event_name":"Mysterious Sphere","floor":45,"gold_loss":0}],"is_beta":false,"boss_relics":[{"not_picked":["Snecko Eye","Velvet Choker"],"picked":"White Beast Statue"},{"not_picked":["Philosopher\u0027s Stone","HoveringKite"],"picked":"Tiny House"}],"items_purged_floors":[42,48],"is_endless":false,"potions_floor_spawned":[3,6,10,12,18,20,22,27,28,29,30,31,33,35,37,38,41,44,45,46],"ascension_level":1}