{"gold_per_floor":[110,122,135,155,165,194,194,210,237,237,237,257,257,129,129,250,250],"floor_reached":17,"playtime":633,"items_purged":[],"score":184,"play_id":"9d3fe92c-481b-4942-9be5-71da48339c13","local_time":"20190501223828","is_ascension_mode":false,"campfire_choices":[{"data":"Limit Break","floor":7,"key":"SMITH"},{"data":"Spot Weakness","floor":10,"key":"SMITH"},{"floor":13,"key":"REST"},{"data":"Limit Break","floor":15,"key":"SMITH"}],"neow_cost":"NONE","seed_source_timestamp":694306347197200,"circlet_count":0,"master_deck":["Strike_R","Strike_R","Strike_R","Strike_R","Strike_R","Defend_R","Defend_R","Defend_R","Defend_R","Bash","Twin Strike","Shockwave","Whirlwind","Clothesline","Spot Weakness+1","Limit Break+1","Dropkick","Limit Break+1","Heavy Blade","Impervious"],"relics":["Snecko Eye","Golden Idol"],"potions_floor_usage":[8],"damage_taken":[{"damage":3,"enemies":"Jaw Worm","floor":1,"turns":4},{"damage":1,"enemies":"Cultist","floor":2,"turns":3},{"damage":0,"enemies":"Small Slimes","floor":3,"turns":2},{"damage":0,"enemies":"2 Fungi Beasts","floor":4,"turns":2},{"damage":5,"enemies":"Blue Slaver","floor":5,"turns":2},{"damage":0,"enemies":"Gremlin Nob","floor":6,"turns":2},{"damage":7,"enemies":"Exordium Wildlife","floor":8,"turns":2},{"damage":9,"enemies":"2 Fungi Beasts","floor":12,"turns":3},{"damage":32,"enemies":"Slime Boss","floor":16,"turns":7}],"seed_played":"-4971157398405683218","potions_obtained":[{"floor":4,"key":"Energy Potion"},{"floor":5,"key":"Weak Potion"},{"floor":6,"key":"BloodPotion"},{"floor":8,"key":"Dexterity Potion"}],"is_trial":false,"path_per_floor":["M","M","M","M","M","E","R","M","T","R","?","M","R","$","R","B",null],"character_chosen":"IRONCLAD","items_purchased":["Limit Break","Heavy Blade"],"campfire_rested":1,"item_purchase_floors":[14,14],"current_hp_per_floor":[77,76,76,76,71,71,71,72,72,72,52,43,67,67,67,35,35],"gold":250,"neow_bonus":"BOSS_RELIC","is_prod":false,"is_daily":false,"chose_seed":false,"campfire_upgraded":3,"win_rate":0,"timestamp":1556764708,"path_taken":["M","M","M","M","M","E","R","M","T","R","?","M","R","$","R","BOSS"],"build_version":"2019-01-23","purchased_purges":0,"victory":false,"max_hp_per_floor":[80,80,80,80,80,80,80,80,80,80,80,80,80,80,80,80,80],"card_choices":[{"not_picked":["Havoc","True Grit"],"picked":"Twin Strike","floor":1},{"not_picked":["Seeing Red","Infernal Blade"],"picked":"Shockwave","floor":2},{"not_picked":["Sword Boomerang","Body Slam"],"picked":"Whirlwind","floor":3},{"not_picked":["Shrug It Off","Searing Blow"],"picked":"Clothesline","floor":4},{"not_picked":["Havoc","Disarm"],"picked":"Spot Weakness","floor":5},{"not_picked":["Body Slam","Dropkick"],"picked":"Limit Break","floor":6},{"not_picked":["Evolve","Thunderclap"],"picked":"Dropkick","floor":8},{"not_picked":["Searing Blow","Bloodletting","Burning Pact"],"picked":"SKIP","floor":12},{"not_picked":["Exhume","Berserk"],"picked":"Impervious","floor":16}],"player_experience":404714,"relics_obtained":[],"event_choices":[{"damage_healed":0,"gold_gain":0,"player_choice":"Take Damage","damage_taken":20,"relics_obtained":["Golden Idol"],"max_hp_gain":0,"max_hp_loss":0,"event_name":"Golden Idol","floor":11,"gold_loss":0}],"is_beta":false,"boss_relics":[],"items_purged_floors":[],"is_endless":false,"potions_floor_spawned":[4,5,6,8,16],"ascension_level":0}