{"gold_per_floor":[117,117,42,42,62,62,87,111,111,124,124,163,163,177,177,298,298,314,332,332,432,453,453,484,484,511,546,137,155,30,30,30,158,158,172,172,185,206,56,56,76,76,76,76,201,219,0,26,26,26],"floor_reached":50,"playtime":2046,"items_purged":["Strike_R","Strike_R","Strike_R","Strike_R"],"score":706,"play_id":"3b62687c-df63-4edd-9d67-762430ad711b","local_time":"20190419151759","is_ascension_mode":true,"campfire_choices":[{"data":"Searing Blow+1","floor":6.0,"key":"SMITH"},{"data":"Searing Blow+2","floor":11.0,"key":"SMITH"},{"data":"Searing Blow+3","floor":15.0,"key":"SMITH"},{"data":"Searing Blow+4","floor":23.0,"key":"SMITH"},{"data":"Searing Blow+5","floor":25.0,"key":"SMITH"},{"floor":32.0,"key":"REST"},{"data":"Searing Blow+6","floor":40.0,"key":"SMITH"},{"data":"Searing Blow+7","floor":42.0,"key":"SMITH"},{"data":"Searing Blow+8","floor":44.0,"key":"SMITH"},{"data":"Searing Blow+9","floor":49.0,"key":"SMITH"}],"neow_cost":"NONE","seed_source_timestamp":0,"circlet_count":0,"master_deck":["Strike_R","Defend_R","Defend_R","Defend_R","Defend_R","Bash","Searing Blow+10","Shrug It Off","Battle Trance","Rampage","Shrug It Off","Fiend Fire","RitualDagger","Secret Weapon","Forethought"],"special_seed":0,"relics":["Burning Blood","Golden Idol","Dream Catcher","Paper Frog","Busted Crown","Bottled Flame","MawBank","Blood Vial","NlothsMask","Mark of Pain","Girya","Red Mask","Anchor"],"potions_floor_usage":[],"damage_taken":[{"damage":16.0,"enemies":"Small Slimes","floor":1.0,"turns":4.0},{"damage":0.0,"enemies":"2 Louse","floor":5.0,"turns":3.0},{"damage":7.0,"enemies":"Jaw Worm","floor":7.0,"turns":3.0},{"damage":2.0,"enemies":"2 Fungi Beasts","floor":8.0,"turns":4.0},{"damage":5.0,"enemies":"Red Slaver","floor":10.0,"turns":3.0},{"damage":8.0,"enemies":"Gremlin Nob","floor":12.0,"turns":3.0},{"damage":10.0,"enemies":"3 Louse","floor":14.0,"turns":4.0},{"damage":32.0,"enemies":"Hexaghost","floor":16.0,"turns":9.0},{"damage":2.0,"enemies":"Shell Parasite","floor":18.0,"turns":3.0},{"damage":0.0,"enemies":"Chosen","floor":19.0,"turns":3.0},{"damage":32.0,"enemies":"Snake Plant","floor":22.0,"turns":3.0},{"damage":47.0,"enemies":"Slavers","floor":24.0,"turns":5.0},{"damage":2.0,"enemies":"Cultist and Chosen","floor":27.0,"turns":3.0},{"damage":0.0,"enemies":"3 Cultists","floor":29.0,"turns":4.0},{"damage":93.0,"enemies":"Champ","floor":33.0,"turns":7.0},{"damage":9.0,"enemies":"3 Shapes","floor":35.0,"turns":4.0},{"damage":14.0,"enemies":"Orb Walker","floor":37.0,"turns":3.0},{"damage":12.0,"enemies":"Jaw Worm Horde","floor":38.0,"turns":4.0},{"damage":20.0,"enemies":"Writhing Mass","floor":41.0,"turns":3.0},{"damage":0.0,"enemies":"Mind Bloom Boss Battle","floor":45.0,"turns":1.0},{"damage":4.0,"enemies":"Sphere and 2 Shapes","floor":46.0,"turns":6.0},{"damage":62,"enemies":"Awakened One","floor":50,"turns":3}],"seed_played":"495924343052305081","potions_obtained":[{"floor":8.0,"key":"Dexterity Potion"},{"floor":10.0,"key":"AttackPotion"},{"floor":12.0,"key":"FairyPotion"},{"floor":18.0,"key":"SteroidPotion"},{"floor":24.0,"key":"Ancient Potion"},{"floor":27.0,"key":"Regen Potion"},{"floor":29.0,"key":"Regen Potion"},{"floor":38.0,"key":"SteroidPotion"}],"is_trial":false,"path_per_floor":["M","?","$","?","M","R","M","M","T","M","R","E","?","M","R","B",null,"M","M","?","?","M","R","E","R","T","M","$","M","$","?","R","B",null,"M","?","M","M","$","R","M","R","T","R","?","M","?","T","R","B"],"character_chosen":"IRONCLAD","items_purchased":["Blood Vial","Secret Weapon"],"campfire_rested":1,"item_purchase_floors":[28,28],"current_hp_per_floor":[62,62,62,42,48,48,47,51,51,52,52,50,55,51,51,25,70,74,80,74,74,48,48,7,7,7,11,11,19,19,19,44,19,69,68,68,62,58,58,58,46,46,46,46,54,58,58,58,58,0],"gold":26,"neow_bonus":"THREE_CARDS","is_prod":false,"is_daily":false,"chose_seed":false,"campfire_upgraded":9,"win_rate":0,"timestamp":1555658279,"path_taken":["M","?","$","?","M","R","M","M","T","M","R","E","?","M","R","BOSS","M","M","?","?","?","R","E","R","T","M","$","M","$","?","R","BOSS","M","?","M","M","$","R","M","R","T","R","?","M","?","?","R","BOSS"],"build_version":"2019-01-23","purchased_purges":4,"victory":false,"max_hp_per_floor":[80,80,80,80,80,80,80,80,80,80,80,80,85,85,85,85,85,85,85,85,85,85,85,85,85,85,85,85,85,85,85,85,85,85,85,85,85,85,85,85,85,85,85,85,85,85,85,85,85,85],"card_choices":[{"not_picked":["Fire Breathing","Flex"],"picked":"Searing Blow","floor":0.0},{"not_picked":["Perfected Strike","Flame Barrier"],"picked":"Shrug It Off","floor":1.0},{"not_picked":["Dropkick","Body Slam"],"picked":"Battle Trance","floor":5.0},{"not_picked":["Second Wind","Anger"],"picked":"Rampage","floor":7.0},{"not_picked":["Spot Weakness","Battle Trance","Body Slam"],"picked":"SKIP","floor":8.0},{"not_picked":["Cleave","Anger","Entrench"],"picked":"SKIP","floor":10.0},{"not_picked":["Clothesline","Clash","Combust"],"picked":"SKIP","floor":12.0},{"not_picked":["Flex","Wild Strike"],"picked":"Shrug It Off","floor":14.0},{"not_picked":["Bludgeon","Brutality"],"picked":"Fiend Fire","floor":16.0},{"not_picked":["Pommel Strike+1"],"picked":"SKIP","floor":18.0},{"not_picked":["Sever Soul"],"picked":"SKIP","floor":19.0},{"not_picked":["Uppercut"],"picked":"SKIP","floor":22.0},{"not_picked":["Dark Embrace"],"picked":"SKIP","floor":24.0},{"not_picked":["Reckless Charge"],"picked":"SKIP","floor":27.0},{"not_picked":["Carnage"],"picked":"SKIP","floor":29.0},{"not_picked":["Disarm"],"picked":"SKIP","floor":35.0},{"not_picked":[],"picked":"Forethought","floor":36.0},{"not_picked":["Headbutt"],"picked":"SKIP","floor":37.0},{"not_picked":["Perfected Strike+1"],"picked":"SKIP","floor":38.0},{"not_picked":["Anger"],"picked":"SKIP","floor":41.0},{"not_picked":["Clash"],"picked":"SKIP","floor":46.0}],"player_experience":512642,"relics_obtained":[{"floor":9.0,"key":"Dream Catcher"},{"floor":12.0,"key":"Paper Frog"},{"floor":24.0,"key":"Bottled Flame"},{"floor":26.0,"key":"MawBank"},{"floor":45.0,"key":"Girya"},{"floor":48.0,"key":"Anchor"}],"event_choices":[{"damage_healed":0.0,"max_hp_gain":0.0,"max_hp_loss":0.0,"gold_gain":0.0,"event_name":"Living Wall","player_choice":"Grow","floor":2.0,"gold_loss":0.0,"damage_taken":0.0,"cards_upgraded":["Searing Blow"]},{"damage_healed":0.0,"max_hp_gain":0.0,"max_hp_loss":0.0,"gold_gain":0.0,"event_name":"Golden Idol","player_choice":"Take Damage","floor":4.0,"gold_loss":0.0,"damage_taken":20.0,"relics_obtained":["Golden Idol"]},{"damage_healed":0.0,"max_hp_gain":5.0,"max_hp_loss":0.0,"gold_gain":0.0,"event_name":"Big Fish","player_choice":"Donut","floor":13.0,"gold_loss":0.0,"damage_taken":0.0},{"damage_healed":0.0,"max_hp_gain":0.0,"max_hp_loss":0.0,"gold_gain":0.0,"event_name":"Nest","player_choice":"Joined the Cult","floor":20.0,"gold_loss":0.0,"damage_taken":6.0,"cards_obtained":["RitualDagger"]},{"damage_healed":0.0,"max_hp_gain":0.0,"max_hp_loss":0.0,"gold_gain":100.0,"event_name":"Golden Shrine","player_choice":"Pray","floor":21.0,"gold_loss":0.0,"damage_taken":0.0},{"damage_healed":0.0,"max_hp_gain":0.0,"max_hp_loss":0.0,"gold_gain":0.0,"event_name":"FaceTrader","player_choice":"Trade","floor":31.0,"gold_loss":0.0,"damage_taken":0.0,"relics_obtained":["NlothsMask"]},{"damage_healed":0.0,"max_hp_gain":0.0,"max_hp_loss":0.0,"gold_gain":0.0,"event_name":"SensoryStone","player_choice":"Memory 1","floor":36.0,"gold_loss":0.0,"damage_taken":0.0},{"damage_healed":0.0,"max_hp_gain":0.0,"max_hp_loss":0.0,"gold_gain":0.0,"event_name":"MindBloom","player_choice":"Fight","floor":45.0,"gold_loss":0.0,"damage_taken":0.0},{"damage_healed":0.0,"max_hp_gain":0.0,"max_hp_loss":0.0,"gold_gain":0.0,"event_name":"Tomb of Lord Red Mask","player_choice":"Paid","floor":47.0,"gold_loss":219.0,"damage_taken":0.0,"relics_obtained":["Red Mask"]}],"is_beta":false,"boss_relics":[{"not_picked":["Calling Bell","Cursed Key"],"picked":"Busted Crown"},{"not_picked":["Philosopher\u0027s Stone","Eternal Feather"],"picked":"Mark of Pain"}],"items_purged_floors":[3,28,30,39],"is_endless":false,"potions_floor_spawned":[8,10,12,18,24,27,29,38],"killed_by":"Awakened One","ascension_level":9}