{"gold_per_floor":[115,115,115,132,132,132,148,165,189,189,189],"floor_reached":11,"playtime":242,"items_purged":[],"score":113,"play_id":"79263795-4fa9-4f4f-bdb8-df9b1309d352","local_time":"20190502205155","is_ascension_mode":true,"campfire_choices":[{"data":"Sword Boomerang","floor":6,"key":"SMITH"}],"neow_cost":"NONE","seed_source_timestamp":211841997814500,"circlet_count":0,"master_deck":["AscendersBane","Strike_R","Strike_R","Strike_R+1","Strike_R","Defend_R+1","Defend_R","Defend_R","Defend_R","Bash+1","Bloodletting","Sword Boomerang+1","Ghostly Armor"],"relics":["Burning Blood","Bag of Preparation","Art of War"],"potions_floor_usage":[11,11],"damage_taken":[{"damage":6,"enemies":"Cultist","floor":1,"turns":3},{"damage":6,"enemies":"2 Louse","floor":4,"turns":2},{"damage":5,"enemies":"Jaw Worm","floor":7,"turns":2},{"damage":15,"enemies":"Lots of Slimes","floor":8,"turns":5},{"damage":40,"enemies":"Lagavulin","floor":11,"turns":6}],"seed_played":"-8402305923937977335","potions_obtained":[{"floor":1,"key":"EssenceOfSteel"},{"floor":8,"key":"SkillPotion"}],"is_trial":false,"path_per_floor":["M","?","?","M","?","R","M","M","T","?","E"],"character_chosen":"IRONCLAD","items_purchased":[],"campfire_rested":0,"item_purchase_floors":[],"current_hp_per_floor":[68,45,45,45,45,45,46,37,37,37,0],"gold":189,"neow_bonus":"RANDOM_COMMON_RELIC","is_prod":false,"is_daily":false,"chose_seed":false,"campfire_upgraded":1,"win_rate":0,"timestamp":1556801515,"path_taken":["M","?","?","M","?","R","M","?","T","?","E"],"build_version":"2019-01-23","purchased_purges":0,"victory":false,"max_hp_per_floor":[75,75,75,75,75,75,75,75,75,75,75],"card_choices":[{"not_picked":["Combust","Pommel Strike"],"picked":"Bloodletting","floor":1},{"not_picked":["Twin Strike","Havoc"],"picked":"Sword Boomerang","floor":4},{"not_picked":["Power Through","Reckless Charge","Thunderclap"],"picked":"SKIP","floor":7},{"not_picked":["Anger","Sword Boomerang","Evolve"],"picked":"SKIP","floor":8}],"player_experience":574226,"relics_obtained":[{"floor":9,"key":"Art of War"}],"event_choices":[{"damage_healed":0,"gold_gain":0,"player_choice":"Entered Light","damage_taken":23,"max_hp_gain":0,"max_hp_loss":0,"event_name":"Shining Light","floor":2,"gold_loss":0,"cards_upgraded":["Strike_R","Defend_R"]},{"damage_healed":0,"gold_gain":0,"player_choice":"Ignored","damage_taken":0,"max_hp_gain":0,"max_hp_loss":0,"event_name":"Liars Game","floor":3,"gold_loss":0},{"damage_healed":0,"gold_gain":0,"cards_transformed":["Strike_R"],"player_choice":"Transformed","damage_taken":0,"max_hp_gain":0,"max_hp_loss":0,"event_name":"Transmorgrifier","floor":5,"gold_loss":0,"cards_obtained":["Ghostly Armor"]},{"damage_healed":0,"gold_gain":0,"player_choice":"Forge","damage_taken":0,"max_hp_gain":0,"max_hp_loss":0,"event_name":"Accursed Blacksmith","floor":10,"gold_loss":0,"cards_upgraded":["Bash"]}],"is_beta":false,"boss_relics":[],"items_purged_floors":[],"is_endless":false,"potions_floor_spawned":[1,8],"killed_by":"Lagavulin","ascension_level":16}