{"gold_per_floor":[116,132,15,15,32,32,62,76,103,135,135,148,163,38,38,115,115,134,145,158,158],"floor_reached":21,"playtime":733,"items_purged":["Strike_R"],"score":338,"play_id":"0b1f6b47-0a5b-4906-b2ec-1c6071011e65","local_time":"20190331175149","is_ascension_mode":true,"campfire_choices":[{"data":"True Grit","floor":6.0,"key":"SMITH"},{"data":"Body Slam","floor":11.0,"key":"SMITH"},{"floor":15.0,"key":"REST"}],"neow_cost":"NONE","seed_source_timestamp":0,"circlet_count":0,"master_deck":["AscendersBane","Strike_R","Strike_R","Defend_R","Defend_R","Defend_R","Defend_R","Bash","Wild Strike","Burning Pact","Body Slam+1","True Grit+1","Infernal Blade","Combust","Spot Weakness","Feel No Pain","Feed","Fiend Fire","Disarm","Evolve"],"special_seed":0,"relics":["Burning Blood","Strawberry","Pen Nib","Boot","Runic Dome"],"potions_floor_usage":[20],"damage_taken":[{"damage":7.0,"enemies":"Jaw Worm","floor":1.0,"turns":5.0},{"damage":1.0,"enemies":"Cultist","floor":2.0,"turns":3.0},{"damage":0.0,"enemies":"2 Louse","floor":5.0,"turns":2.0},{"damage":42.0,"enemies":"3 Sentries","floor":7.0,"turns":8.0},{"damage":2.0,"enemies":"Looter","floor":8.0,"turns":2.0},{"damage":24.0,"enemies":"Lagavulin","floor":10.0,"turns":6.0},{"damage":7.0,"enemies":"Large Slime","floor":12.0,"turns":4.0},{"damage":9.0,"enemies":"2 Fungi Beasts","floor":13.0,"turns":2.0},{"damage":40.0,"enemies":"Slime Boss","floor":16.0,"turns":7.0},{"damage":33.0,"enemies":"Shell Parasite","floor":18.0,"turns":7.0},{"damage":10.0,"enemies":"Chosen","floor":19.0,"turns":5.0},{"damage":21,"enemies":"Centurion and Healer","floor":20,"turns":6},{"damage":5,"enemies":"3 Cultists","floor":21,"turns":3}],"seed_played":"7506913726141923687","potions_obtained":[{"floor":5.0,"key":"Dexterity Potion"},{"floor":7.0,"key":"SteroidPotion"},{"floor":10.0,"key":"LiquidBronze"},{"floor":16.0,"key":"Swift Potion"},{"floor":19.0,"key":"PowerPotion"}],"is_trial":false,"path_per_floor":["M","M","$","?","M","R","E","M","T","E","R","M","M","$","R","B",null,"M","M","M","M"],"character_chosen":"IRONCLAD","items_purchased":["Body Slam","True Grit","AttackPotion","AttackPotion"],"campfire_rested":1,"item_purchase_floors":[3,3,3,14],"current_hp_per_floor":[67,72,72,72,75,75,46,50,50,32,32,31,28,28,52,21,69,42,38,23,18],"gold":158,"neow_bonus":"REMOVE_CARD","is_prod":false,"is_daily":false,"chose_seed":true,"campfire_upgraded":2,"win_rate":0,"timestamp":1554025909,"path_taken":["M","M","$","?","M","R","E","M","T","E","R","M","?","$","R","BOSS","M","?","M","M"],"build_version":"2019-01-23","purchased_purges":1,"victory":false,"max_hp_per_floor":[75,75,75,75,75,75,82,82,82,82,82,82,82,82,82,85,85,85,85,85,85],"card_choices":[{"not_picked":["Thunderclap","Hemokinesis"],"picked":"Wild Strike","floor":1.0},{"not_picked":["Sever Soul","Pommel Strike"],"picked":"Burning Pact","floor":2.0},{"not_picked":["Twin Strike","Heavy Blade"],"picked":"Infernal Blade","floor":5.0},{"not_picked":["Thunderclap","Headbutt"],"picked":"Combust","floor":7.0},{"not_picked":["Warcry","Perfected Strike"],"picked":"Spot Weakness","floor":8.0},{"not_picked":["Sentinel","Armaments"],"picked":"Feel No Pain","floor":10.0},{"not_picked":["Dropkick","Twin Strike","Sentinel"],"picked":"SKIP","floor":12.0},{"not_picked":["Heavy Blade","Anger"],"picked":"Feed","floor":13.0},{"not_picked":["Brutality","Berserk"],"picked":"Fiend Fire","floor":16.0},{"not_picked":["Flex","Uppercut"],"picked":"Disarm","floor":18.0},{"not_picked":["Sword Boomerang","Rampage","Blood for Blood"],"picked":"SKIP","floor":19.0},{"not_picked":["Bloodletting","Sever Soul"],"picked":"Evolve","floor":20}],"player_experience":1305954,"relics_obtained":[{"floor":7.0,"key":"Strawberry"},{"floor":9.0,"key":"Pen Nib"},{"floor":10.0,"key":"Boot"}],"event_choices":[{"cards_removed":["Strike_R"],"damage_healed":0.0,"max_hp_gain":0.0,"max_hp_loss":0.0,"gold_gain":0.0,"event_name":"Bonfire Elementals","player_choice":"Offered Basic","floor":4.0,"gold_loss":0.0,"damage_taken":0.0}],"is_beta":false,"boss_relics":[{"not_picked":["Velvet Choker","Empty Cage"],"picked":"Runic Dome"}],"items_purged_floors":[14],"is_endless":false,"potions_floor_spawned":[5,7,10,16,19],"killed_by":"3 Cultists","ascension_level":15}