{"gold_per_floor":[114,114,28,45,45,45,78,95,95,127,127,137,151,151,151,226,226,242,270,24,24,36,68,68,79,104,122,122,122,47,67,67,141,141,158,158,168,1167,1167,1167,1179,1179,1179,1179,1214,1234,1234,1264,1264,1264,1264],"floor_reached":51,"playtime":2402,"items_purged":[],"score":1440,"play_id":"cf063b48-4fe0-477f-83fb-9beee39c3372","local_time":"20190207101445","is_ascension_mode":true,"campfire_choices":[{"data":"Sunder","floor":6.0,"key":"SMITH"},{"data":"1","floor":11.0,"key":"LIFT"},{"floor":15.0,"key":"REST"},{"data":"Fission","floor":24.0,"key":"SMITH"},{"floor":29.0,"key":"REST"},{"data":"Seek","floor":32.0,"key":"SMITH"},{"data":"2","floor":40.0,"key":"LIFT"},{"data":"Barrage","floor":44.0,"key":"SMITH"},{"floor":49.0,"key":"REST"}],"neow_cost":"NONE","seed_source_timestamp":0,"circlet_count":0,"master_deck":["AscendersBane","Strike_B","Strike_B","Strike_B","Strike_B","Defend_B","Defend_B","Defend_B","Defend_B","Zap+1","Dualcast+1","Barrage+1","Sunder+1","Cold Snap","Fission+1","Rebound+1","Seek+1","Electrodynamics","Consume+1","Glacier","Hologram","Beam Cell+1","Defragment+1","Sweeping Beam+1","Self Repair","Coolheaded","Echo Form","Stack+1","Coolheaded+1"],"special_seed":0,"relics":["Cracked Core","NeowsBlessing","Ginger","Molten Egg 2","Girya","Omamori","Sozu","Red Mask","Lee\u0027s Waffle","Orichalcum","Potion Belt","Bag of Preparation","Busted Crown","Blue Candle","Thread and Needle","Bronze Scales","Spirit Poop","Ancient Tea Set"],"potions_floor_usage":[51],"damage_taken":[{"damage":0.0,"enemies":"Small Slimes","floor":1.0,"turns":1.0},{"damage":0.0,"enemies":"2 Louse","floor":4.0,"turns":1.0},{"damage":0.0,"enemies":"3 Sentries","floor":7.0,"turns":1.0},{"damage":2.0,"enemies":"Jaw Worm","floor":8.0,"turns":5.0},{"damage":32.0,"enemies":"Lagavulin","floor":10.0,"turns":6.0},{"damage":12.0,"enemies":"Large Slime","floor":12.0,"turns":4.0},{"damage":0.0,"enemies":"2 Fungi Beasts","floor":13.0,"turns":2.0},{"damage":8.0,"enemies":"Slime Boss","floor":16.0,"turns":8.0},{"damage":24.0,"enemies":"2 Thieves","floor":18.0,"turns":3.0},{"damage":9.0,"enemies":"Masked Bandits","floor":19.0,"turns":3.0},{"damage":7.0,"enemies":"Spheric Guardian","floor":22.0,"turns":3.0},{"damage":26.0,"enemies":"Gremlin Leader","floor":23.0,"turns":6.0},{"damage":0.0,"enemies":"3 Cultists","floor":25.0,"turns":2.0},{"damage":20.0,"enemies":"Snake Plant","floor":27.0,"turns":3.0},{"damage":0.0,"enemies":"Snecko","floor":31.0,"turns":6.0},{"damage":46.0,"enemies":"Automaton","floor":33.0,"turns":12.0},{"damage":1.0,"enemies":"3 Darklings","floor":35.0,"turns":4.0},{"damage":0.0,"enemies":"3 Shapes","floor":37.0,"turns":5.0},{"damage":0.0,"enemies":"Sphere and 2 Shapes","floor":41.0,"turns":4.0},{"damage":19.0,"enemies":"Reptomancer","floor":45.0,"turns":8.0},{"damage":1.0,"enemies":"3 Darklings","floor":46.0,"turns":4.0},{"damage":25.0,"enemies":"Giant Head","floor":48.0,"turns":9.0},{"damage":39.0,"enemies":"Donu and Deca","floor":50.0,"turns":17.0},{"damage":25,"enemies":"Awakened One","floor":51,"turns":3}],"seed_played":"-6928307895748358624","potions_obtained":[{"floor":4.0,"key":"GamblersBrew"},{"floor":7.0,"key":"Regen Potion"},{"floor":8.0,"key":"Block Potion"},{"floor":10.0,"key":"Ancient Potion"},{"floor":12.0,"key":"FocusPotion"}],"is_trial":false,"path_per_floor":["M","?","$","M","?","R","E","M","T","E","R","M","M","?","R","B",null,"M","?","$","?","M","E","R","M","T","M","?","R","?","M","R","B",null,"M","?","M","?","?","R","M","T","T","R","E","M","?","E","R","B","B"],"character_chosen":"DEFECT","items_purchased":["Sunder","Lee\u0027s Waffle","Hologram"],"campfire_rested":3,"item_purchase_floors":[3,20,20],"current_hp_per_floor":[64,64,64,64,43,43,43,41,41,24,24,12,12,12,33,25,60,36,27,78,78,71,45,45,45,45,25,25,48,48,55,55,16,63,62,62,76,76,76,76,78,78,78,78,66,65,65,47,70,38,13],"gold":1264,"neow_bonus":"THREE_ENEMY_KILL","is_prod":false,"is_daily":false,"chose_seed":false,"campfire_upgraded":4,"win_rate":0,"timestamp":1549552485,"path_taken":["M","?","$","M","?","R","E","M","T","E","R","M","M","?","R","BOSS","M","?","$","?","M","E","R","M","T","M","?","R","?","M","R","BOSS","M","?","M","?","?","R","M","?","T","R","E","M","?","E","R","BOSS","BOSS"],"build_version":"2019-01-23","purchased_purges":0,"victory":false,"max_hp_per_floor":[71,71,71,71,71,71,71,71,71,71,71,71,71,71,71,71,71,71,71,78,78,78,78,78,78,78,78,78,78,78,78,78,78,78,78,78,78,78,78,78,78,78,78,78,78,78,78,78,78,78,78],"card_choices":[{"not_picked":["Sweeping Beam","Coolheaded"],"picked":"Barrage","floor":1.0},{"not_picked":["Redo","Hologram"],"picked":"Cold Snap","floor":4.0},{"not_picked":["Genetic Algorithm","Rebound"],"picked":"Fission","floor":7.0},{"not_picked":["Turbo","Barrage+1"],"picked":"Rebound+1","floor":8.0},{"not_picked":["Rebound+1","Steam"],"picked":"Seek","floor":10.0},{"not_picked":["Hologram","Steam"],"picked":"Cold Snap+1","floor":12.0},{"not_picked":["Chaos","Redo","Aggregate"],"picked":"SKIP","floor":13.0},{"not_picked":["Buffer","Thunder Strike+1"],"picked":"Electrodynamics","floor":16.0},{"not_picked":["Fusion","Self Repair"],"picked":"Consume+1","floor":18.0},{"not_picked":["Aggregate","Streamline+1"],"picked":"Glacier","floor":19.0},{"not_picked":["Lockon+1","Glacier"],"picked":"Defragment+1","floor":22.0},{"not_picked":["Undo","Beam Cell+1"],"picked":"Sweeping Beam+1","floor":23.0},{"not_picked":["Blizzard+1","Hologram"],"picked":"Self Repair","floor":25.0},{"not_picked":["Genetic Algorithm","Heatsinks"],"picked":"Coolheaded","floor":27.0},{"not_picked":["Steam","Lockon+1","Blizzard+1"],"picked":"SKIP","floor":31.0},{"not_picked":["Thunder Strike+1","Fission"],"picked":"Echo Form","floor":33.0},{"not_picked":[],"picked":"Stack+1","floor":35.0},{"not_picked":["Rebound+1"],"picked":"SKIP","floor":37.0},{"not_picked":[],"picked":"Coolheaded+1","floor":41.0},{"not_picked":["Sunder+1"],"picked":"SKIP","floor":45.0},{"not_picked":["Redo"],"picked":"SKIP","floor":46.0},{"not_picked":["Redo"],"picked":"SKIP","floor":48.0}],"player_experience":827407,"relics_obtained":[{"floor":7.0,"key":"Molten Egg 2"},{"floor":9.0,"key":"Girya"},{"floor":10.0,"key":"Omamori"},{"floor":19.0,"key":"Red Mask"},{"floor":23.0,"key":"Orichalcum"},{"floor":26.0,"key":"Potion Belt"},{"floor":42.0,"key":"Blue Candle"},{"floor":43.0,"key":"Thread and Needle"},{"floor":45.0,"key":"Bronze Scales"},{"floor":48.0,"key":"Ancient Tea Set"}],"event_choices":[{"damage_healed":0.0,"max_hp_gain":0.0,"max_hp_loss":0.0,"gold_gain":0.0,"event_name":"Big Fish","player_choice":"Box","floor":2.0,"gold_loss":0.0,"damage_taken":0.0,"relics_obtained":["Ginger"],"cards_obtained":["Regret"]},{"damage_healed":0.0,"max_hp_gain":0.0,"max_hp_loss":0.0,"gold_gain":0.0,"event_name":"Shining Light","player_choice":"Entered Light","floor":5.0,"gold_loss":0.0,"damage_taken":21.0,"cards_upgraded":["Dualcast","Zap"]},{"damage_healed":0.0,"max_hp_gain":0.0,"max_hp_loss":0.0,"gold_gain":0.0,"event_name":"Dead Adventurer","player_choice":"Searched \u00270\u0027 times","floor":14.0,"gold_loss":0.0,"damage_taken":0.0},{"damage_healed":0.0,"max_hp_gain":0.0,"max_hp_loss":0.0,"gold_gain":0.0,"event_name":"Masked Bandits","player_choice":"Fought Bandits","floor":19.0,"gold_loss":0.0,"damage_taken":0.0},{"damage_healed":0.0,"max_hp_gain":0.0,"max_hp_loss":0.0,"gold_gain":0.0,"event_name":"The Library","player_choice":"Read","floor":21.0,"gold_loss":0.0,"damage_taken":0.0,"cards_obtained":["Beam Cell"]},{"damage_healed":0.0,"max_hp_gain":0.0,"max_hp_loss":0.0,"gold_gain":0.0,"event_name":"Addict","player_choice":"Stole Relic","floor":28.0,"gold_loss":0.0,"damage_taken":0.0,"relics_obtained":["Bag of Preparation"],"cards_obtained":["Shame"]},{"cards_removed":["Regret"],"damage_healed":0.0,"max_hp_gain":0.0,"max_hp_loss":0.0,"gold_gain":0.0,"event_name":"Beggar","player_choice":"Gave Gold","floor":30.0,"gold_loss":75.0,"damage_taken":0.0},{"cards_removed":["Cold Snap"],"damage_healed":0.0,"max_hp_gain":0.0,"max_hp_loss":0.0,"gold_gain":0.0,"event_name":"Falling","player_choice":"Removed Attack","floor":36.0,"gold_loss":0.0,"damage_taken":0.0},{"damage_healed":0.0,"max_hp_gain":0.0,"max_hp_loss":0.0,"gold_gain":999.0,"event_name":"MindBloom","player_choice":"Gold","floor":38.0,"gold_loss":0.0,"damage_taken":0.0,"cards_obtained":["Normality","Normality"]},{"damage_healed":0.0,"max_hp_gain":0.0,"max_hp_loss":0.0,"gold_gain":0.0,"event_name":"Tomb of Lord Red Mask","player_choice":"Ignored","floor":39.0,"gold_loss":0.0,"damage_taken":0.0},{"cards_removed":["Normality"],"damage_healed":0.0,"max_hp_gain":0.0,"max_hp_loss":0.0,"gold_gain":0.0,"event_name":"Bonfire Elementals","player_choice":"Offered Curse","floor":47.0,"gold_loss":0.0,"damage_taken":0.0,"relics_obtained":["Spirit Poop"]}],"is_beta":false,"boss_relics":[{"not_picked":["Eternal Feather","Runic Pyramid"],"picked":"Sozu"},{"not_picked":["Coffee Dripper","Black Star"],"picked":"Busted Crown"}],"items_purged_floors":[],"is_endless":false,"potions_floor_spawned":[4,7,8,10,12,19,23,33,35,41,48],"killed_by":"Awakened One","ascension_level":20}