{"gold_per_floor":[113,113,113,128,128,157,183,73,73,84,97,121],"floor_reached":12,"playtime":293,"items_purged":[],"score":113,"play_id":"dbe22142-9bae-41ea-8129-284549ae5cdc","local_time":"20190308155647","is_ascension_mode":false,"campfire_choices":[],"neow_cost":"NONE","seed_source_timestamp":598794932658576,"circlet_count":0,"master_deck":["Strike_R","Strike_R","Strike_R","Strike_R","Strike_R","Defend_R","Defend_R","Defend_R","Defend_R","Bash","Wild Strike","Flex","Regret","Spot Weakness","Corruption","Heavy Blade"],"relics":["Burning Blood","NeowsBlessing","Pocketwatch","WingedGreaves","Centennial Puzzle","Smiling Mask","Pear","Odd Mushroom"],"potions_floor_usage":[7,12],"damage_taken":[{"damage":0,"enemies":"Small Slimes","floor":1,"turns":1},{"damage":0,"enemies":"Cultist","floor":4,"turns":1},{"damage":0,"enemies":"Gremlin Nob","floor":6,"turns":1},{"damage":37,"enemies":"3 Sentries","floor":7,"turns":6},{"damage":11,"enemies":"Jaw Worm","floor":10,"turns":3},{"damage":6,"enemies":"Large Slime","floor":11,"turns":5},{"damage":23,"enemies":"The Mushroom Lair","floor":12,"turns":5}],"seed_played":"1110485901022701256","potions_obtained":[{"floor":1,"key":"Weak Potion"},{"floor":3,"key":"Block Potion"},{"floor":3,"key":"EntropicBrew"},{"floor":7,"key":"Dexterity Potion"},{"floor":12,"key":"Dexterity Potion"}],"is_trial":false,"path_per_floor":["M","$","?","M","?","E","E","?","T","M","M","?"],"character_chosen":"IRONCLAD","items_purchased":[],"campfire_rested":0,"item_purchase_floors":[],"current_hp_per_floor":[80,80,80,80,80,80,49,49,59,54,54,37],"gold":121,"neow_bonus":"THREE_ENEMY_KILL","is_prod":false,"is_daily":false,"chose_seed":false,"campfire_upgraded":0,"win_rate":0,"timestamp":1552078607,"path_taken":["M","$","?","?","?","E","E","?","T","?","M","?"],"build_version":"2019-01-23","purchased_purges":0,"victory":false,"max_hp_per_floor":[80,80,80,80,80,80,80,80,90,90,90,90],"card_choices":[{"not_picked":["Burning Pact","Pummel"],"picked":"Wild Strike","floor":1},{"not_picked":["Pommel Strike","Power Through"],"picked":"Flex","floor":4},{"not_picked":["Second Wind","Anger"],"picked":"Spot Weakness","floor":6},{"not_picked":["Impervious","Anger"],"picked":"Corruption","floor":7},{"not_picked":["Disarm","Ghostly Armor","Clothesline"],"picked":"SKIP","floor":10},{"not_picked":["Anger","Headbutt","Clothesline"],"picked":"SKIP","floor":11},{"not_picked":["True Grit","Fire Breathing"],"picked":"Heavy Blade","floor":12}],"player_experience":855044,"relics_obtained":[{"floor":6,"key":"WingedGreaves"},{"floor":7,"key":"Centennial Puzzle"},{"floor":9,"key":"Pear"},{"floor":12,"key":"Odd Mushroom"}],"event_choices":[{"damage_healed":0,"gold_gain":0,"player_choice":"Got Potions","damage_taken":0,"max_hp_gain":0,"max_hp_loss":0,"event_name":"Lab","floor":3,"gold_loss":0},{"damage_healed":0,"gold_gain":0,"player_choice":"Box","damage_taken":0,"relics_obtained":["Pocketwatch"],"max_hp_gain":0,"max_hp_loss":0,"event_name":"Big Fish","floor":5,"gold_loss":0,"cards_obtained":["Regret"]},{"damage_healed":0,"gold_gain":0,"player_choice":"Paid Gold","damage_taken":0,"relics_obtained":["Smiling Mask"],"max_hp_gain":0,"max_hp_loss":0,"event_name":"WeMeetAgain","floor":8,"gold_loss":110},{"damage_healed":0,"gold_gain":0,"player_choice":"Fought Mushrooms","damage_taken":0,"max_hp_gain":0,"max_hp_loss":0,"event_name":"Mushrooms","floor":12,"gold_loss":0}],"is_beta":false,"boss_relics":[],"items_purged_floors":[],"is_endless":false,"potions_floor_spawned":[1,7,12],"killed_by":"The Mushroom Lair","ascension_level":0}