{"gold_per_floor":[19,19,19,19,34,34,49,14,14,14,14,14,48,83,95,210,222,159,190,202,214,245,257],"floor_reached":23,"playtime":928,"items_purged":[],"score":250,"play_id":"3ef42307-28f9-42fa-92d5-c32e55441c9e","local_time":"20180813024937","is_ascension_mode":true,"campfire_choices":[{"data":"Zap","floor":6,"key":"SMITH"},{"data":"1","floor":10,"key":"LIFT"},{"data":"2","floor":12,"key":"LIFT"},{"data":"3","floor":15,"key":"LIFT"}],"neow_cost":"NO_GOLD","seed_source_timestamp":177152823207793,"circlet_count":0,"master_deck":["Strike_B","Defend_B+1","Defend_B+1","Zap+1","Dualcast+1","Steam+1","BootSequence","Seek","Fusion+1","Static Discharge+1","BootSequence+1","Steam+1"],"relics":["Cracked Core","Torii","Girya","MawBank","War Paint","Astrolabe"],"potions_floor_usage":[13,13,22],"damage_taken":[{"damage":1,"enemies":"2 Louse","floor":1,"turns":3},{"damage":0,"enemies":"Jaw Worm","floor":5,"turns":3},{"damage":0,"enemies":"Cultist","floor":7,"turns":4},{"damage":9,"enemies":"3 Sentries","floor":13,"turns":7},{"damage":30,"enemies":"Hexaghost","floor":16,"turns":11},{"damage":0,"enemies":"2 Thieves","floor":18,"turns":5},{"damage":7,"enemies":"3 Byrds","floor":19,"turns":1},{"damage":40,"enemies":"Centurion and Healer","floor":22,"turns":14},{"damage":26,"enemies":"Gremlin Leader","floor":23,"turns":3}],"seed_played":"-318235528789668212","potions_obtained":[{"floor":3,"key":"Regen Potion"},{"floor":3,"key":"SpeedPotion"},{"floor":3,"key":"SkillPotion"},{"floor":16,"key":"Block Potion"},{"floor":19,"key":"SpeedPotion"}],"is_trial":false,"path_per_floor":["M","?","?","?","M","R","M","?","T","R","$","R","E","T","R","B",null,"M","M","?","?","M"],"character_chosen":"DEFECT","items_purchased":[],"campfire_rested":0,"item_purchase_floors":[],"current_hp_per_floor":[67,52,52,45,45,45,45,63,63,63,63,63,68,68,68,38,66,66,59,59,59,19,0],"gold":257,"neow_bonus":"ONE_RARE_RELIC","is_prod":false,"is_daily":false,"chose_seed":false,"campfire_upgraded":1,"win_rate":0,"timestamp":1534121377,"path_taken":["M","?","?","?","M","R","M","?","T","R","$","R","E","?","R","BOSS","M","M","?","?","?","E"],"build_version":"2018-08-09","purchased_purges":0,"victory":false,"max_hp_per_floor":[75,75,75,75,75,75,75,75,75,75,75,75,75,75,75,75,75,75,75,75,75,75,75],"card_choices":[{"not_picked":["Beam Cell","Hologram"],"picked":"Steam","floor":1},{"not_picked":["Streamline","Chaos","Redo"],"picked":"SKIP","floor":5},{"not_picked":["Force Field","FTL"],"picked":"BootSequence","floor":7},{"not_picked":["Sweeping Beam","Auto Shields","Stack"],"picked":"SKIP","floor":13},{"not_picked":["Rainbow","Thunder Strike"],"picked":"Seek","floor":16},{"not_picked":["Sweeping Beam","Beam Cell"],"picked":"Steam+1","floor":18},{"not_picked":["Compile Driver+1","Ball Lightning","Conserve Battery"],"picked":"SKIP","floor":19},{"not_picked":["Barrage","Rebound","Sweeping Beam"],"picked":"SKIP","floor":22}],"player_experience":434589,"relics_obtained":[{"floor":9,"key":"Girya"},{"floor":13,"key":"MawBank"},{"floor":14,"key":"War Paint"}],"event_choices":[{"event_name":"Shining Light","player_choice":"Entered Light","floor":2,"damage_taken":0},{"event_name":"The Lab","player_choice":"Got Potions","floor":3,"damage_taken":0},{"event_name":"Golden Wing","player_choice":"Card Removal","floor":4,"damage_taken":0},{"event_name":"The Cleric","player_choice":"Healed","floor":8,"damage_taken":0},{"event_name":"Back to Basics","player_choice":"Elegance","floor":20,"damage_taken":0},{"event_name":"Drug Dealer","player_choice":"Ignored","floor":21,"damage_taken":0}],"is_beta":false,"boss_relics":[{"not_picked":["Runic Pyramid","Snecko Eye"],"picked":"Astrolabe"}],"items_purged_floors":[],"is_endless":false,"potions_floor_spawned":[7,16,19],"killed_by":"Gremlin Leader","ascension_level":7}