{"gold_per_floor":[119,119,135,146,161,161,161,161,161,180,180,200,213,244,244,341,341,353,353,368,186,200,200,232,248,248,248,260,273,46,46],"floor_reached":31,"playtime":3351,"items_purged":[],"score":261,"play_id":"aeae23fc-252c-46ba-854a-3da05c8e36c0","local_time":"20190310230601","is_ascension_mode":false,"campfire_choices":[{"data":"Bouncing Flask","floor":6,"key":"SMITH"},{"data":"Sucker Punch","floor":11,"key":"SMITH"},{"floor":15,"key":"REST"},{"data":"Deadly Poison","floor":23,"key":"SMITH"}],"neow_cost":"NONE","seed_source_timestamp":175266223750300,"circlet_count":0,"master_deck":["Defend_G","Defend_G","Defend_G","Defend_G","Strike_G","Strike_G","Strike_G","Strike_G","Strike_G","Survivor","Neutralize","Bouncing Flask+1","Bullet Time","Blade Dance","Eviscerate","Heel Hook","Sucker Punch+1","Underhanded Strike","Skewer","Burst","Die Die Die","Leg Sweep+1","Predator+1","Secret Weapon","Deadly Poison+1","Expertise+1","Blade Dance","Phantasmal Killer","Slice+1","Doppelganger","A Thousand Cuts"],"relics":["Ring of the Snake","Lantern","Mummified Hand","WristBlade","PreservedInsect","Shuriken"],"potions_floor_usage":[13,14,16,16,22,22,22,22,24,24,28,29,29],"damage_taken":[{"damage":2,"enemies":"Small Slimes","floor":1,"turns":5},{"damage":0,"enemies":"Cultist","floor":3,"turns":3},{"damage":0,"enemies":"Jaw Worm","floor":4,"turns":2},{"damage":1,"enemies":"Exordium Wildlife","floor":5,"turns":4},{"damage":8,"enemies":"Lots of Slimes","floor":10,"turns":4},{"damage":2,"enemies":"3 Louse","floor":12,"turns":3},{"damage":16,"enemies":"Exordium Thugs","floor":13,"turns":6},{"damage":18,"enemies":"Lagavulin","floor":14,"turns":5},{"damage":28,"enemies":"Hexaghost","floor":16,"turns":8},{"damage":18,"enemies":"Shell Parasite","floor":18,"turns":3},{"damage":0,"enemies":"Chosen","floor":20,"turns":4},{"damage":32,"enemies":"Sentry and Sphere","floor":22,"turns":7},{"damage":28,"enemies":"Book of Stabbing","floor":24,"turns":5},{"damage":10,"enemies":"Snake Plant","floor":25,"turns":3},{"damage":15,"enemies":"Cultist and Chosen","floor":28,"turns":5},{"damage":1,"enemies":"3 Cultists","floor":29,"turns":3},{"damage":10,"enemies":"Sentry and Sphere","floor":31,"turns":3}],"seed_played":"3791820957180302746","potions_obtained":[{"floor":3,"key":"GhostInAJar"},{"floor":10,"key":"AttackPotion"},{"floor":12,"key":"Energy Potion"},{"floor":13,"key":"Strength Potion"},{"floor":16,"key":"PowerPotion"},{"floor":19,"key":"SneckoOil"},{"floor":19,"key":"EntropicBrew"},{"floor":20,"key":"Regen Potion"},{"floor":22,"key":"Poison Potion"},{"floor":25,"key":"SneckoOil"},{"floor":28,"key":"AttackPotion"}],"is_trial":false,"path_per_floor":["M","?","M","M","M","R","?","$","T","M","R","M","M","E","R","B",null,"M","?","M","$","M","R","E","M","T","?","M","M","$","M"],"character_chosen":"THE_SILENT","items_purchased":["Secret Weapon","Doppelganger","A Thousand Cuts"],"campfire_rested":1,"item_purchase_floors":[21,30,30],"current_hp_per_floor":[75,75,75,75,74,74,74,74,74,66,66,64,48,30,53,25,77,59,59,59,59,62,62,34,24,24,24,9,8,8,0],"gold":46,"neow_bonus":"TEN_PERCENT_HP_BONUS","is_prod":false,"is_daily":false,"chose_seed":false,"campfire_upgraded":3,"win_rate":0.0,"timestamp":1552277161,"path_taken":["M","?","?","M","M","R","?","?","T","M","R","M","?","E","R","BOSS","M","?","M","?","M","R","E","M","T","?","M","M","$","M"],"build_version":"2019-01-23","purchased_purges":0,"victory":false,"max_hp_per_floor":[77,77,77,77,77,77,77,77,77,77,77,77,77,77,77,77,77,77,77,77,77,77,77,77,77,77,77,77,77,77,77],"card_choices":[{"not_picked":["PiercingWail","Deflect"],"picked":"Bouncing Flask","floor":1},{"not_picked":["Deflect","Outmaneuver"],"picked":"Blade Dance","floor":3},{"not_picked":["Backflip","Dodge and Roll"],"picked":"Eviscerate","floor":4},{"not_picked":["Riddle With Holes","Endless Agony"],"picked":"Heel Hook","floor":5},{"not_picked":["Dagger Throw","Outmaneuver"],"picked":"Sucker Punch","floor":10},{"not_picked":["Riddle With Holes","Deadly Poison"],"picked":"Underhanded Strike","floor":12},{"not_picked":["Dagger Spray","All Out Attack"],"picked":"Skewer","floor":13},{"not_picked":["Acrobatics","Poisoned Stab"],"picked":"Burst","floor":14},{"not_picked":["Phantasmal Killer","A Thousand Cuts"],"picked":"Die Die Die","floor":16},{"not_picked":["Dodge and Roll","Quick Slash"],"picked":"Leg Sweep+1","floor":18},{"not_picked":["Tactician","Flying Knee"],"picked":"Predator+1","floor":20},{"not_picked":["Slice","Dodge and Roll+1"],"picked":"Deadly Poison","floor":22},{"not_picked":["Leg Sweep","Dash"],"picked":"Expertise+1","floor":24},{"not_picked":["Well Laid Plans","Deflect"],"picked":"Blade Dance","floor":25},{"not_picked":["Eviscerate+1","Deflect"],"picked":"Phantasmal Killer","floor":28},{"not_picked":["Well Laid Plans","Underhanded Strike"],"picked":"Slice+1","floor":29}],"player_experience":5581,"relics_obtained":[{"floor":9,"key":"Lantern"},{"floor":14,"key":"Mummified Hand"},{"floor":24,"key":"PreservedInsect"},{"floor":26,"key":"Shuriken"}],"event_choices":[{"damage_healed":0,"gold_gain":0,"cards_transformed":["Defend_G"],"player_choice":"Transformed","damage_taken":0,"max_hp_gain":0,"max_hp_loss":0,"event_name":"Transmorgrifier","floor":2,"gold_loss":0,"cards_obtained":["Bullet Time"]},{"damage_healed":0,"gold_gain":0,"player_choice":"Ignored","damage_taken":0,"max_hp_gain":0,"max_hp_loss":0,"event_name":"Liars Game","floor":7,"gold_loss":0},{"damage_healed":0,"gold_gain":0,"player_choice":"Got Potions","damage_taken":0,"max_hp_gain":0,"max_hp_loss":0,"event_name":"Lab","floor":19,"gold_loss":0},{"damage_healed":0,"gold_gain":0,"player_choice":"Ignored","damage_taken":0,"max_hp_gain":0,"max_hp_loss":0,"event_name":"Beggar","floor":27,"gold_loss":0}],"is_beta":false,"boss_relics":[{"not_picked":["Empty Cage","Runic Pyramid"],"picked":"WristBlade"}],"items_purged_floors":[],"is_endless":false,"potions_floor_spawned":[3,10,12,13,16,20,22,25,28],"killed_by":"Sentry and Sphere","ascension_level":0}