{"gold_per_floor":[116,69,83,83,83,111,111,111,111,126,126,143,176,21,21,120,120,131,147,162,162,162,162,195,195],"floor_reached":25,"playtime":3548,"items_purged":[],"score":229,"play_id":"a58b25ee-926c-433f-83ec-aa3589b1e861","local_time":"20180705144934","is_ascension_mode":false,"campfire_choices":[{"floor":7,"key":"REST"},{"data":"Rage","floor":11,"key":"SMITH"},{"floor":15,"key":"REST"},{"floor":23,"key":"REST"}],"neow_cost":"NONE","seed_source_timestamp":157406166009814,"circlet_count":0,"master_deck":["Strike_R+1","Strike_R","Strike_R","Strike_R+1","Defend_R","Defend_R","Defend_R","Defend_R","Bash","Rupture","Clothesline+1","Rage+1","Perfected Strike","Flex","Clothesline+1","Juggernaut","Bludgeon","Intimidate","Headbutt","Flame Barrier+1","Pommel Strike"],"special_seed":17717,"relics":["Sozu","Self Forming Clay","Lantern","Bronze Scales","Whetstone","Black Star","Nilry\u0027s Codex","Boot","Anchor"],"potions_floor_usage":[],"damage_taken":[{"damage":1,"enemies":"Cultist","floor":1,"turns":3},{"damage":0,"enemies":"2 Louse","floor":3,"turns":2},{"damage":10,"enemies":"Gremlin Nob","floor":6,"turns":4},{"damage":0,"enemies":"Jaw Worm","floor":10,"turns":2},{"damage":0,"enemies":"2 Fungi Beasts","floor":12,"turns":3},{"damage":6,"enemies":"3 Sentries","floor":13,"turns":6},{"damage":49,"enemies":"Hexaghost","floor":16,"turns":10},{"damage":5,"enemies":"Spheric Guardian","floor":18,"turns":3},{"damage":0,"enemies":"Chosen","floor":19,"turns":3},{"damage":12,"enemies":"Snake Plant","floor":20,"turns":4},{"damage":68,"enemies":"Gremlin Leader","floor":24,"turns":6},{"damage":6,"enemies":"Centurion and Healer","floor":25,"turns":2}],"seed_played":"-3772418341731191116","potions_obtained":[],"is_trial":false,"path_per_floor":["M","$","M","?","?","E","R","?","T","M","R","M","E","$","R","B",null,"M","M","M","?","?","R","E"],"character_chosen":"IRONCLAD","items_purchased":["Clothesline","Whetstone"],"campfire_rested":3,"item_purchase_floors":[2,14],"current_hp_per_floor":[79,79,79,63,63,53,77,77,77,77,77,77,71,71,80,31,80,75,75,63,47,47,71,3,0],"gold":195,"neow_bonus":"BOSS_RELIC","is_prod":false,"is_daily":false,"chose_seed":false,"campfire_upgraded":1,"win_rate":0.0,"timestamp":1530794974,"path_taken":["M","$","M","?","?","E","R","?","T","M","R","M","E","$","R","BOSS","M","M","M","?","?","R","E","M"],"build_version":"2018-06-28","purchased_purges":0,"victory":false,"max_hp_per_floor":[80,80,80,80,80,80,80,80,80,80,80,80,80,80,80,80,80,80,80,80,80,80,80,80,80],"card_choices":[{"not_picked":["Clash","Armaments"],"picked":"Rupture","floor":1},{"not_picked":["Armaments","Pommel Strike"],"picked":"Rage","floor":3},{"not_picked":["Entrench","Dark Embrace"],"picked":"Perfected Strike","floor":6},{"not_picked":["Burning Pact","Feel No Pain"],"picked":"Flex","floor":10},{"not_picked":["Entrench","Burning Pact"],"picked":"Clothesline","floor":12},{"not_picked":["Clothesline","Feed"],"picked":"Juggernaut","floor":13},{"not_picked":["Juggernaut","Double Tap"],"picked":"Bludgeon","floor":16},{"not_picked":["Pommel Strike","Anger"],"picked":"Intimidate","floor":18},{"not_picked":["Dropkick","Pommel Strike"],"picked":"Headbutt","floor":19},{"not_picked":["Inflame","Perfected Strike"],"picked":"Flame Barrier+1","floor":20},{"not_picked":["Warcry","Clothesline+1"],"picked":"Pommel Strike","floor":24}],"player_experience":2601,"relics_obtained":[{"floor":6,"key":"Self Forming Clay"},{"floor":9,"key":"Lantern"},{"floor":13,"key":"Bronze Scales"},{"floor":21,"key":"Nilry\u0027s Codex"},{"floor":24,"key":"Boot"},{"floor":24,"key":"Anchor"}],"event_choices":[{"event_name":"Shining Light","player_choice":"Entered Light","floor":4,"damage_taken":0},{"event_name":"Liars Game","player_choice":"disagreed","floor":5,"damage_taken":0},{"event_name":"Purifier","player_choice":"One Purge","floor":8,"damage_taken":0},{"event_name":"Cursed Tome","player_choice":"Obtained Book","floor":21,"damage_taken":0},{"event_name":"Ghosts","player_choice":"Ignored","floor":22,"damage_taken":0}],"boss_relics":[{"not_picked":["Astrolabe","Calling Bell"],"picked":"Black Star"}],"items_purged_floors":[],"is_endless":false,"potions_floor_spawned":[1,3,10,13,18,19,24],"killed_by":"Centurion and Healer","ascension_level":0}