{"gold_per_floor":[109,33,33,45,120,120,147,200,200,225,190,190,200,200,200,301,301,314,334,433,433,496,496,521,521,545,6,20,20,90,65,65,160,160,171,171,221,326,26,26,176,237,237,28,28,78,91,122,122,122,122,122,0,31,31],"floor_reached":55,"playtime":2157,"items_purged":[],"score":1101,"play_id":"3671a7ea-840a-44dc-bd73-ec851686c9f3","local_time":"20190411235726","is_ascension_mode":true,"campfire_choices":[{"data":"Chaos","floor":6,"key":"SMITH"},{"data":"Thunder Strike","floor":12,"key":"SMITH"},{"floor":15,"key":"REST"},{"data":"Consume","floor":23,"key":"SMITH"},{"floor":25,"key":"REST"},{"data":"Tempest","floor":29,"key":"SMITH"},{"floor":32,"key":"REST"},{"floor":40,"key":"REST"},{"floor":45,"key":"REST"},{"floor":49,"key":"RECALL"},{"floor":52,"key":"REST"}],"neow_cost":"NONE","seed_source_timestamp":97414157510885,"circlet_count":0,"master_deck":["Strike_B","Strike_B","Strike_B","Defend_B","Defend_B","Defend_B","Zap","Dualcast","Chaos+1","Ball Lightning","Streamline","Ball Lightning","BootSequence","Thunder Strike+1","Conserve Battery","Defragment","Electrodynamics","Compile Driver+1","Conserve Battery+1","Consume+1","Compile Driver+1","Auto Shields","Tempest+1","Consume","Hello World+1","Buffer+1","Seek","Cold Snap+1","Static Discharge+1","Static Discharge+1","Glacier","Reinforced Body+1","Leap+1","Static Discharge+1","Defragment+1","Conserve Battery","Capacitor+1","Go for the Eyes"],"relics":["Cracked Core","NeowsBlessing","Meat on the Bone","Mummified Hand","PreservedInsect","Cables","Bottled Lightning","Dream Catcher","Inserter","SsserpentHead","Mercury Hourglass","Chemical X","Frozen Egg 2","Fusion Hammer","WingedGreaves","Torii","Mango","Letter Opener","Pear","Ornamental Fan","Question Card","Incense Burner"],"potions_floor_usage":[24,33,33,50,55,55],"damage_taken":[{"damage":0,"enemies":"2 Louse","floor":1,"turns":1},{"damage":0,"enemies":"Jaw Worm","floor":4,"turns":1},{"damage":0,"enemies":"Gremlin Nob","floor":7,"turns":1},{"damage":30,"enemies":"Lagavulin","floor":10,"turns":4},{"damage":0,"enemies":"Small Slimes","floor":13,"turns":3},{"damage":33,"enemies":"The Guardian","floor":16,"turns":9},{"damage":6,"enemies":"3 Byrds","floor":18,"turns":4},{"damage":22,"enemies":"Spheric Guardian","floor":19,"turns":4},{"damage":0,"enemies":"Centurion and Healer","floor":22,"turns":4},{"damage":18,"enemies":"Gremlin Leader","floor":24,"turns":4},{"damage":0,"enemies":"3 Cultists","floor":28,"turns":2},{"damage":18,"enemies":"Snecko","floor":30,"turns":4},{"damage":44,"enemies":"Champ","floor":33,"turns":11},{"damage":12,"enemies":"Orb Walker","floor":35,"turns":3},{"damage":5,"enemies":"2 Orb Walkers","floor":38,"turns":3},{"damage":0,"enemies":"Mind Bloom Boss Battle","floor":41,"turns":3},{"damage":18,"enemies":"3 Shapes","floor":42,"turns":2},{"damage":1,"enemies":"Nemesis","floor":48,"turns":7},{"damage":81,"enemies":"Awakened One","floor":50,"turns":10},{"damage":48,"enemies":"Shield and Spear","floor":54,"turns":5},{"damage":51,"enemies":"The Heart","floor":55,"turns":3}],"seed_played":"1034516453979098976","potions_obtained":[{"floor":7,"key":"SmokeBomb"},{"floor":16,"key":"SpeedPotion"},{"floor":24,"key":"SpeedPotion"},{"floor":28,"key":"SpeedPotion"},{"floor":35,"key":"Weak Potion"},{"floor":48,"key":"PowerPotion"}],"is_trial":false,"path_per_floor":["M","$","?","M","?","R","E","T","T","E","?","R","M","?","R","B",null,"M","M","?","?","M","R","E","R","T","$","M","R","M","?","R","B",null,"M","$","?","?","$","R","?","M","T","$","R","T","$","E","R","B",null,"R","$","E","B"],"character_chosen":"DEFECT","items_purchased":["Ball Lightning","Streamline","Chemical X","Frozen Egg 2","Tempest","Torii","Pear","Static Discharge+1","Capacitor+1","Strength Potion"],"campfire_rested":6,"item_purchase_floors":[2,2,27,27,27,39,44,47,53,53],"current_hp_per_floor":[68,68,50,50,39,39,39,39,39,21,39,39,39,39,61,40,66,60,38,38,38,38,38,32,54,54,54,54,54,48,48,70,38,66,54,54,54,49,49,71,85,67,67,77,99,99,99,98,98,29,82,99,99,51,0],"gold":31,"neow_bonus":"THREE_ENEMY_KILL","is_prod":false,"is_daily":false,"chose_seed":false,"campfire_upgraded":4,"win_rate":0,"timestamp":1555052246,"path_taken":["M","$","?","M","?","R","E","?","T","E","?","R","?","?","R","BOSS","M","?","?","?","?","R","E","R","T","$","M","R","?","?","R","BOSS","M","$","?","?","$","R","?","?","T","?","R","?","?","E","R","BOSS","R","$","E","BOSS"],"build_version":"2019-01-23","purchased_purges":0,"victory":false,"max_hp_per_floor":[75,75,75,75,75,75,75,75,75,75,75,75,75,75,75,75,75,75,75,75,75,75,75,75,75,75,75,75,75,75,75,75,75,75,75,75,75,75,75,75,89,89,89,99,99,99,99,99,99,99,99,99,99,99,99],"card_choices":[{"not_picked":["Conserve Battery","Go for the Eyes"],"picked":"Chaos","floor":1},{"not_picked":["Rebound","Barrage"],"picked":"Ball Lightning","floor":4},{"not_picked":["Conserve Battery","Compile Driver"],"picked":"BootSequence","floor":7},{"not_picked":["Rebound","Reprogram"],"picked":"Thunder Strike","floor":10},{"not_picked":["Streamline","Sweeping Beam"],"picked":"Conserve Battery","floor":13},{"not_picked":["Rebound","Ball Lightning"],"picked":"Defragment","floor":15},{"not_picked":["Meteor Strike","Creative AI"],"picked":"Electrodynamics","floor":16},{"not_picked":["Reprogram","Go for the Eyes"],"picked":"Compile Driver+1","floor":18},{"not_picked":["Skim","Turbo+1"],"picked":"Conserve Battery+1","floor":19},{"not_picked":["Genetic Algorithm","Sweeping Beam"],"picked":"Consume","floor":22},{"not_picked":["Hologram","Streamline"],"picked":"Compile Driver+1","floor":24},{"not_picked":["Barrage","Chill"],"picked":"Auto Shields","floor":25},{"not_picked":["Go for the Eyes+1","Melter"],"picked":"Consume","floor":28},{"not_picked":["Go for the Eyes","Rip and Tear+1"],"picked":"Hello World+1","floor":30},{"not_picked":["Gash","Scrape"],"picked":"Buffer+1","floor":32},{"not_picked":["Rainbow","Electrodynamics+1"],"picked":"Seek","floor":33},{"not_picked":["Sweeping Beam+1","Scrape"],"picked":"Cold Snap+1","floor":35},{"not_picked":["Reinforced Body","Barrage"],"picked":"Static Discharge+1","floor":38},{"not_picked":["Gash+1","Turbo+1"],"picked":"Static Discharge+1","floor":40},{"not_picked":["Undo+1","Recycle"],"picked":"Glacier","floor":41},{"not_picked":["Reprogram+1","Cold Snap+1"],"picked":"Reinforced Body+1","floor":42},{"not_picked":["Streamline","Sweeping Beam+1"],"picked":"Leap+1","floor":45},{"not_picked":["Rainbow","Stack"],"picked":"Defragment+1","floor":48},{"not_picked":["Streamline+1","Ball Lightning","Turbo"],"picked":"Conserve Battery","floor":52},{"not_picked":["Stack","Coolheaded","Gash+1"],"picked":"Go for the Eyes","floor":54}],"player_experience":562561,"relics_obtained":[{"floor":7,"key":"Mummified Hand"},{"floor":8,"key":"PreservedInsect"},{"floor":9,"key":"Cables"},{"floor":10,"key":"Bottled Lightning"},{"floor":24,"key":"Mercury Hourglass"},{"floor":38,"key":"WingedGreaves"},{"floor":41,"key":"Mango"},{"floor":43,"key":"Letter Opener"},{"floor":46,"key":"Ornamental Fan"},{"floor":48,"key":"Question Card"},{"floor":54,"key":"Incense Burner"}],"event_choices":[{"damage_healed":0,"gold_gain":0,"player_choice":"Success","damage_taken":18,"relics_obtained":["Meat on the Bone"],"max_hp_gain":0,"max_hp_loss":0,"event_name":"Scrap Ooze","floor":3,"gold_loss":0},{"damage_healed":0,"gold_gain":75,"player_choice":"Gather Gold","damage_taken":11,"max_hp_gain":0,"max_hp_loss":0,"event_name":"World of Goop","floor":5,"gold_loss":0},{"damage_healed":18,"gold_gain":0,"player_choice":"Healed","damage_taken":0,"max_hp_gain":0,"max_hp_loss":0,"event_name":"The Cleric","floor":11,"gold_loss":35},{"damage_healed":0,"gold_gain":0,"player_choice":"Gave Potion","damage_taken":0,"relics_obtained":["Dream Catcher"],"max_hp_gain":0,"max_hp_loss":0,"event_name":"WeMeetAgain","floor":14,"gold_loss":0},{"damage_healed":0,"gold_gain":99,"player_choice":"Stole From Cult","damage_taken":0,"max_hp_gain":0,"max_hp_loss":0,"event_name":"Nest","floor":20,"gold_loss":0},{"damage_healed":0,"gold_gain":0,"player_choice":"Trade","damage_taken":0,"relics_obtained":["SsserpentHead"],"max_hp_gain":0,"max_hp_loss":0,"event_name":"FaceTrader","floor":21,"gold_loss":0},{"cards_removed":["Strike_B"],"damage_healed":0,"gold_gain":0,"player_choice":"Gave Gold","damage_taken":0,"max_hp_gain":0,"max_hp_loss":0,"event_name":"Beggar","floor":31,"gold_loss":75},{"cards_removed":["Defend_B"],"damage_healed":0,"gold_gain":0,"player_choice":"Removed Skill","damage_taken":0,"max_hp_gain":0,"max_hp_loss":0,"event_name":"Falling","floor":37,"gold_loss":0},{"damage_healed":0,"gold_gain":0,"player_choice":"Fight","damage_taken":0,"max_hp_gain":0,"max_hp_loss":0,"event_name":"Mysterious Sphere","floor":38,"gold_loss":0},{"damage_healed":0,"gold_gain":0,"player_choice":"Fight","damage_taken":0,"max_hp_gain":0,"max_hp_loss":0,"event_name":"MindBloom","floor":41,"gold_loss":0}],"is_beta":false,"boss_relics":[{"not_picked":["Orrery","Pandora\u0027s Box"],"picked":"Inserter"},{"not_picked":["Coffee Dripper","Velvet Choker"],"picked":"Fusion Hammer"}],"items_purged_floors":[],"is_endless":false,"potions_floor_spawned":[7,16,24,28,35,48],"killed_by":"The Heart","ascension_level":9}