{"gold_per_floor":[117,136,136,152,8,37,37,49,120,136,136,136,171,20,20,123,123,137,137,137,155,173,204,204,204,204,204,215,30,63,73,73,174,174,185,185,185,203,203,231,231,231,231,259,304,316,362,19,19,19,19,19,19,19],"floor_reached":54,"playtime":4144,"items_purged":["Dodge and Roll"],"score":888,"play_id":"f4c2cc6c-d969-44e4-9723-fc576eda543c","local_time":"20190502151119","is_ascension_mode":true,"campfire_choices":[{"data":"1","floor":7.0,"key":"LIFT"},{"floor":11.0,"key":"REST"},{"data":"2","floor":15.0,"key":"LIFT"},{"data":"Blade Dance","floor":25.0,"key":"SMITH"},{"data":"3","floor":27.0,"key":"LIFT"},{"data":"Outmaneuver","floor":32.0,"key":"SMITH"},{"floor":41.0,"key":"RECALL"},{"floor":46.0,"key":"REST"},{"data":"Malaise","floor":49.0,"key":"SMITH"},{"data":"Malaise","floor":52,"key":"SMITH"}],"neow_cost":"NONE","seed_source_timestamp":424735435469600,"circlet_count":0,"master_deck":["Survivor","Deflect","Backflip","Backflip","Blade Dance+1","Cloak And Dagger","Flying Knee","Storm of Steel","Unload","Blur","Footwork+1","Outmaneuver+1","Deadly Poison","Well Laid Plans+1","Dash","Well Laid Plans+1","Footwork+1","Finisher","Deflect+1","Choke","Panache+1","Corpse Explosion","Malaise+1","Cloak And Dagger+1","Slice","Caltrops+1","Quick Slash+1","Malaise+1","Skewer+1","Noxious Fumes+1"],"special_seed":0,"relics":["Ring of the Snake","NeowsBlessing","Juzu Bracelet","Girya","Frozen Egg 2","Boot","Bag of Preparation","Pandora\u0027s Box","Dead Branch","FaceOfCleric","Regal Pillow","The Courier","MawBank","Centennial Puzzle","Mango","Calipers"],"potions_floor_usage":[],"damage_taken":[{"damage":0.0,"enemies":"Small Slimes","floor":1.0,"turns":1.0},{"damage":0.0,"enemies":"Cultist","floor":2.0,"turns":1.0},{"damage":0.0,"enemies":"2 Louse","floor":4.0,"turns":1.0},{"damage":38.0,"enemies":"Lagavulin","floor":6.0,"turns":9.0},{"damage":12.0,"enemies":"Exordium Thugs","floor":8.0,"turns":6.0},{"damage":6.0,"enemies":"Exordium Wildlife","floor":10.0,"turns":6.0},{"damage":6.0,"enemies":"3 Sentries","floor":13.0,"turns":6.0},{"damage":30.0,"enemies":"Hexaghost","floor":16.0,"turns":11.0},{"damage":6.0,"enemies":"Shell Parasite","floor":18.0,"turns":5.0},{"damage":3.0,"enemies":"Chosen","floor":21.0,"turns":7.0},{"damage":0.0,"enemies":"Centurion and Healer","floor":22.0,"turns":9.0},{"damage":17.0,"enemies":"Slavers","floor":23.0,"turns":9.0},{"damage":0.0,"enemies":"Shelled Parasite and Fungi","floor":28.0,"turns":5.0},{"damage":0.0,"enemies":"Book of Stabbing","floor":30.0,"turns":5.0},{"damage":0.0,"enemies":"Snecko","floor":31.0,"turns":6.0},{"damage":8.0,"enemies":"Collector","floor":33.0,"turns":7.0},{"damage":6.0,"enemies":"Orb Walker","floor":35.0,"turns":3.0},{"damage":0.0,"enemies":"3 Shapes","floor":38.0,"turns":2.0},{"damage":1.0,"enemies":"Nemesis","floor":40.0,"turns":7.0},{"damage":6.0,"enemies":"3 Darklings","floor":42.0,"turns":2.0},{"damage":0.0,"enemies":"4 Shapes","floor":44.0,"turns":3.0},{"damage":45.0,"enemies":"Reptomancer","floor":45.0,"turns":7.0},{"damage":4.0,"enemies":"Giant Head","floor":47.0,"turns":7.0},{"damage":60,"enemies":"Time Eater","floor":50,"turns":12},{"damage":0,"enemies":"Shield and Spear","floor":54,"turns":2}],"seed_played":"8002672770152923456","potions_obtained":[{"floor":2.0,"key":"LiquidBronze"},{"floor":6.0,"key":"Strength Potion"},{"floor":8.0,"key":"Block Potion"},{"floor":10.0,"key":"EntropicBrew"},{"floor":13.0,"key":"LiquidBronze"},{"floor":18.0,"key":"SkillPotion"},{"floor":19.0,"key":"Fruit Juice"},{"floor":19.0,"key":"SmokeBomb"},{"floor":23.0,"key":"LiquidBronze"},{"floor":28.0,"key":"SkillPotion"},{"floor":31.0,"key":"Block Potion"},{"floor":38.0,"key":"Fire Potion"}],"is_trial":false,"path_per_floor":["M","M","?","M","$","E","R","M","T","M","R","?","E","$","R","B",null,"M","?","?","M","M","E","?","R","T","R","M","$","E","M","R","B",null,"M","?","?","M","?","E","R","M","T","M","E","R","E","$","R","B",null,"R","$","E"],"character_chosen":"THE_SILENT","items_purchased":["Juzu Bracelet","Bag of Preparation","Panache+1","Calipers","Noxious Fumes+1"],"campfire_rested":2,"item_purchase_floors":[5,14,29,48,48],"current_hp_per_floor":[70,70,70,70,70,32,32,20,20,14,35,70,64,64,64,34,70,64,69,69,66,66,49,49,49,49,49,50,50,51,52,52,45,79,74,74,74,75,75,75,75,70,70,71,27,67,78,78,78,19,101,101,101,101],"gold":19,"neow_bonus":"THREE_ENEMY_KILL","is_prod":false,"is_daily":false,"chose_seed":false,"campfire_upgraded":4,"win_rate":0,"timestamp":1556827879,"path_taken":["M","M","?","?","$","E","R","M","T","M","R","?","E","?","R","BOSS","M","?","?","M","M","E","?","R","T","R","M","?","E","M","R","BOSS","M","?","?","M","?","E","R","M","T","M","E","R","E","$","R","BOSS","R","$","E"],"build_version":"2019-01-23","purchased_purges":1,"victory":false,"max_hp_per_floor":[70,70,70,70,70,70,70,70,70,70,70,70,70,70,70,70,70,70,75,75,75,75,75,75,75,75,75,76,76,77,78,78,79,79,80,80,80,81,81,82,82,83,83,84,85,85,100,100,100,101,101,101,101,101],"card_choices":[{"not_picked":["Underhanded Strike","Outmaneuver"],"picked":"Deflect","floor":1.0},{"not_picked":["Poisoned Stab","Prepared"],"picked":"Backflip","floor":2.0},{"not_picked":["Expertise","Skewer"],"picked":"Infinite Blades","floor":4.0},{"not_picked":["Slice","Choke"],"picked":"Backflip","floor":6.0},{"not_picked":["Dagger Throw","Deadly Poison"],"picked":"Blade Dance","floor":8.0},{"not_picked":["Dash","Dodge and Roll"],"picked":"Cloak And Dagger","floor":10.0},{"not_picked":["Deflect","Deadly Poison"],"picked":"Flying Knee","floor":13.0},{"not_picked":["Malaise","Night Terror"],"picked":"Storm of Steel","floor":16.0},{"not_picked":["Masterful Stab","Eviscerate","Dodge and Roll"],"picked":"SKIP","floor":18.0},{"not_picked":["Flying Knee+1","Deflect"],"picked":"Finisher","floor":21.0},{"not_picked":["Crippling Poison","Outmaneuver"],"picked":"Deflect+1","floor":22.0},{"not_picked":["Prepared","Tools of the Trade+1","Dodge and Roll"],"picked":"SKIP","floor":23.0},{"not_picked":["Dagger Throw+1","Underhanded Strike"],"picked":"Choke","floor":28.0},{"not_picked":["Grand Finale","Footwork+1"],"picked":"Corpse Explosion","floor":30.0},{"not_picked":["Cloak And Dagger","Predator","Deadly Poison"],"picked":"SKIP","floor":31.0},{"not_picked":["Wraith Form v2+1","Tools of the Trade+1"],"picked":"Malaise","floor":33.0},{"not_picked":["Skewer+1","Dagger Spray+1"],"picked":"Cloak And Dagger+1","floor":35.0},{"not_picked":["Concentrate+1","Backflip+1"],"picked":"Slice","floor":38.0},{"not_picked":["Deflect","Reflex"],"picked":"Caltrops+1","floor":40.0},{"not_picked":["Dagger Spray+1","Poisoned Stab"],"picked":"Quick Slash+1","floor":44.0},{"not_picked":["Eviscerate+1","Slice+1"],"picked":"Malaise","floor":45.0},{"not_picked":["Outmaneuver","Infinite Blades+1"],"picked":"Skewer+1","floor":47.0}],"player_experience":188959,"relics_obtained":[{"floor":6.0,"key":"Girya"},{"floor":9.0,"key":"Frozen Egg 2"},{"floor":13.0,"key":"Boot"},{"floor":23.0,"key":"Dead Branch"},{"floor":30.0,"key":"Regal Pillow"},{"floor":40.0,"key":"The Courier"},{"floor":43.0,"key":"MawBank"},{"floor":45.0,"key":"Centennial Puzzle"},{"floor":47.0,"key":"Mango"}],"event_choices":[{"cards_removed":["Defend_G"],"damage_healed":0.0,"max_hp_gain":0.0,"max_hp_loss":0.0,"gold_gain":0.0,"event_name":"Purifier","player_choice":"Purged","floor":3.0,"gold_loss":0.0,"damage_taken":0.0},{"cards_removed":["Infinite Blades"],"damage_healed":35.0,"max_hp_gain":0.0,"max_hp_loss":0.0,"gold_gain":0.0,"event_name":"Bonfire Elementals","player_choice":"Offered Uncommon","floor":12.0,"gold_loss":0.0,"damage_taken":0.0},{"damage_healed":0.0,"max_hp_gain":0.0,"max_hp_loss":0.0,"gold_gain":0.0,"event_name":"Lab","player_choice":"Got Potions","floor":19.0,"gold_loss":0.0,"damage_taken":0.0},{"damage_healed":0.0,"max_hp_gain":0.0,"max_hp_loss":0.0,"gold_gain":0.0,"event_name":"The Library","player_choice":"Read","floor":20.0,"gold_loss":0.0,"damage_taken":0.0,"cards_obtained":["Footwork"]},{"damage_healed":0.0,"max_hp_gain":0.0,"max_hp_loss":0.0,"gold_gain":0.0,"event_name":"FaceTrader","player_choice":"Trade","floor":24.0,"gold_loss":0.0,"damage_taken":0.0,"relics_obtained":["FaceOfCleric"]},{"damage_healed":0.0,"max_hp_gain":0.0,"max_hp_loss":0.0,"gold_gain":0.0,"event_name":"Tomb of Lord Red Mask","player_choice":"Ignored","floor":36.0,"gold_loss":0.0,"damage_taken":0.0},{"damage_healed":0.0,"max_hp_gain":0.0,"max_hp_loss":0.0,"gold_gain":0.0,"event_name":"NoteForYourself","player_choice":"Ignored","floor":37.0,"gold_loss":0.0,"damage_taken":0.0},{"cards_removed":["Neutralize"],"damage_healed":0.0,"max_hp_gain":0.0,"max_hp_loss":0.0,"gold_gain":0.0,"event_name":"Falling","player_choice":"Removed Attack","floor":39.0,"gold_loss":0.0,"damage_taken":0.0}],"is_beta":false,"boss_relics":[{"not_picked":["Black Star","Snecko Eye"],"picked":"Pandora\u0027s Box"},{"not_picked":["Runic Dome","Velvet Choker","HoveringKite"]}],"items_purged_floors":[48],"is_endless":false,"potions_floor_spawned":[2,6,8,10,13,18,23,28,31,38,42],"killed_by":"Shield and Spear","ascension_level":1}