{"gold_per_floor":[112,112,131,146,146,165,198,198,198,211,211,224,399,417,417,417],"floor_reached":16,"playtime":2197,"items_purged":[],"score":104,"play_id":"b809cd1f-fd9f-4b03-b66a-2a151c0a1066","local_time":"20190502173547","is_ascension_mode":false,"campfire_choices":[{"data":"Noxious Fumes","floor":11,"key":"SMITH"},{"floor":15,"key":"RECALL"}],"neow_cost":"NONE","seed_source_timestamp":1881713357621308,"circlet_count":0,"master_deck":["Defend_G","Defend_G","Defend_G","Defend_G","Defend_G","Strike_G","Strike_G","Strike_G","Strike_G","Strike_G","Survivor","Neutralize","Blade Dance","Sucker Punch","Quick Slash","Bouncing Flask","Heel Hook+1","Noxious Fumes+1","Poisoned Stab+1","Doubt","Sucker Punch+1"],"relics":["Ring of the Snake","Happy Flower","Molten Egg 2","Paper Crane"],"potions_floor_usage":[7,14],"damage_taken":[{"damage":3,"enemies":"Jaw Worm","floor":1,"turns":5},{"damage":2,"enemies":"Small Slimes","floor":3,"turns":3},{"damage":0,"enemies":"2 Louse","floor":4,"turns":2},{"damage":12,"enemies":"Exordium Thugs","floor":6,"turns":6},{"damage":28,"enemies":"3 Sentries","floor":7,"turns":9},{"damage":5,"enemies":"2 Fungi Beasts","floor":10,"turns":4},{"damage":1,"enemies":"Looter","floor":12,"turns":4},{"damage":0,"enemies":"Exordium Wildlife","floor":14,"turns":2},{"damage":19,"enemies":"The Guardian","floor":16,"turns":4}],"seed_played":"1178785625402859353","potions_obtained":[{"floor":6,"key":"PowerPotion"},{"floor":12,"key":"Fire Potion"}],"is_trial":false,"path_per_floor":["M","$","M","M","?","M","E","?","T","M","R","M","?","M","R","B"],"character_chosen":"THE_SILENT","items_purchased":[],"campfire_rested":0,"item_purchase_floors":[],"current_hp_per_floor":[67,67,65,65,65,53,25,25,25,20,20,19,19,19,19,0],"gold":417,"neow_bonus":"RANDOM_COMMON_RELIC","is_prod":false,"is_daily":false,"chose_seed":false,"campfire_upgraded":1,"win_rate":0,"timestamp":1556836547,"path_taken":["M","$","M","M","?","M","E","?","T","M","R","M","?","?","R","BOSS"],"build_version":"2019-01-23","purchased_purges":0,"victory":false,"max_hp_per_floor":[70,70,70,70,70,70,70,70,70,70,70,70,70,70,70,70],"card_choices":[{"not_picked":["Outmaneuver","Dodge and Roll"],"picked":"Blade Dance","floor":1},{"not_picked":["Dagger Spray","Blade Dance"],"picked":"Sucker Punch","floor":3},{"not_picked":["Sucker Punch","Dash"],"picked":"Quick Slash","floor":4},{"not_picked":["Deflect","Poisoned Stab"],"picked":"Bouncing Flask","floor":6},{"not_picked":["PiercingWail","Reflex"],"picked":"Heel Hook","floor":7},{"not_picked":["Finisher+1","Envenom"],"picked":"Noxious Fumes","floor":10},{"not_picked":["Acrobatics","Slice+1"],"picked":"Poisoned Stab+1","floor":12},{"not_picked":["Dodge and Roll","Acrobatics"],"picked":"Sucker Punch+1","floor":14}],"player_experience":256273,"relics_obtained":[{"floor":7,"key":"Molten Egg 2"},{"floor":9,"key":"Paper Crane"}],"event_choices":[{"damage_healed":0,"gold_gain":0,"player_choice":"Leave","damage_taken":0,"max_hp_gain":0,"max_hp_loss":0,"event_name":"The Cleric","floor":5,"gold_loss":0},{"damage_healed":0,"gold_gain":0,"player_choice":"Ignored","damage_taken":0,"max_hp_gain":0,"max_hp_loss":0,"event_name":"Golden Wing","floor":8,"gold_loss":0},{"damage_healed":0,"gold_gain":175,"player_choice":"AGREE","damage_taken":0,"max_hp_gain":0,"max_hp_loss":0,"event_name":"Liars Game","floor":13,"gold_loss":0,"cards_obtained":["Doubt"]}],"is_beta":false,"boss_relics":[],"items_purged_floors":[],"is_endless":false,"potions_floor_spawned":[6,12],"killed_by":"The Guardian","ascension_level":0}