{"path_per_floor":["M","$","?","$","?","R","E","?","T","R","?","M","M","E","R","B",null,"M","M","$","M"],"character_chosen":"DEFECT","items_purchased":["Dramatic Entrance","Secret Technique","Biased Cognition","War Paint"],"gold_per_floor":[118,13,13,13,13,13,57,232,281,281,281,300,323,356,356,476,476,491,512,29,53,53],"floor_reached":22,"campfire_rested":1,"playtime":608,"current_hp_per_floor":[68,68,50,50,75,75,52,52,52,52,52,52,48,27,49,13,60,37,30,30,18,0],"items_purged":[],"gold":53,"score":288,"play_id":"f9bb9992-e979-435f-85d4-5b1a8629e0f1","local_time":"20180517111136","is_prod":false,"is_daily":false,"chose_seed":false,"is_ascension_mode":true,"campfire_upgraded":2,"timestamp":1526569896,"campfire_choices":[{"data":"Redo","floor":6,"key":"SMITH"},{"data":"Doom and Gloom","floor":10,"key":"SMITH"},{"floor":15,"key":"REST"}],"path_taken":["M","$","?","$","?","R","E","?","T","R","?","M","?","E","R","BOSS","M","?","$","?","M"],"build_version":"2018-05-16","seed_source_timestamp":99881405759291,"purchased_purges":0,"victory":false,"master_deck":["Strike_B","Strike_B","Strike_B","Strike_B","Defend_B+1","Defend_B","Defend_B","Defend_B","Zap","Dualcast","AscendersBane","Redo+1","Dramatic Entrance","Doom and Gloom+1","Clumsy","Hologram","Beam Cell","Rebound","Fission+1","Turbo+1","Consume","Secret Technique","Biased Cognition","Stack+1"],"max_hp_per_floor":[75,75,75,75,75,75,75,75,75,75,75,75,75,75,75,75,75,75,75,75,75,75],"relics":["Cursed Key","Golden Idol","Boot","Bronze Scales","Bottled Flame","Inserter","War Paint"],"card_choices":[{"not_picked":["Heatsinks","Go for the Eyes"],"picked":"Redo","floor":1},{"not_picked":["Skim","Stack"],"picked":"Doom and Gloom","floor":7},{"not_picked":["Ball Lightning","Reinforced Body"],"picked":"Hologram","floor":12},{"not_picked":["Hello World","Stack"],"picked":"Beam Cell","floor":13},{"not_picked":["Reinforced Body","Capacitor"],"picked":"Rebound","floor":14},{"not_picked":["Machine Learning","Echo Form"],"picked":"Fission","floor":16},{"not_picked":["Leap","Beam Cell+1"],"picked":"Turbo+1","floor":18},{"not_picked":["Skim","Ball Lightning+1"],"picked":"Consume","floor":19},{"not_picked":["Sunder","Gash"],"picked":"Stack+1","floor":21}],"player_experience":97493,"potions_floor_usage":[7,12,14],"damage_taken":[{"damage":0,"enemies":"Small Slimes","floor":1,"turns":3},{"damage":23,"enemies":"Gremlin Nob","floor":7,"turns":4},{"damage":0,"enemies":"2 Louse","floor":12,"turns":1},{"damage":4,"enemies":"Jaw Worm","floor":13,"turns":2},{"damage":21,"enemies":"Lagavulin","floor":14,"turns":6},{"damage":36,"enemies":"Hexaghost","floor":16,"turns":8},{"damage":23,"enemies":"2 Thieves","floor":18,"turns":4},{"damage":7,"enemies":"Chosen","floor":19,"turns":3},{"damage":12,"enemies":"Snecko","floor":21,"turns":4},{"damage":24,"enemies":"Snake Plant","floor":22,"turns":1}],"relics_obtained":[{"floor":7,"key":"Boot"},{"floor":9,"key":"Bronze Scales"},{"floor":14,"key":"Bottled Flame"}],"event_choices":[{"event_name":"Golden Idol","player_choice":"Take Damage","floor":3,"damage_taken":0},{"event_name":"Big Fish","player_choice":"Banana","floor":5,"damage_taken":0},{"event_name":"Liars Game","player_choice":"agreed","floor":8,"damage_taken":0},{"event_name":"Living Wall","player_choice":"Forget","floor":11,"damage_taken":0}],"boss_relics":[{"not_picked":["Tiny House","Velvet Choker"],"picked":"Inserter"}],"potions_floor_spawned":[1,7,12,19],"seed_played":"-290758607366970480","killed_by":"Snake Plant","ascension_level":10,"potions_obtained":[{"floor":1,"key":"Poison Potion"},{"floor":7,"key":"GamblersBrew"},{"floor":12,"key":"EssenceOfSteel"},{"floor":19,"key":"Explosive Potion"}],"is_trial":false}