{"path_per_floor":["M","M","?","$","?","E","R","M","T","M","M","$","?","M","R","B",null,"M","?","M","$","M","R","T"],"character_chosen":"DEFECT","items_purchased":["Ball Lightning","FTL"],"gold_per_floor":[119,137,137,15,90,115,115,129,154,166,182,82,82,94,94,195,195,211,211,228,64,80,80,80,80],"floor_reached":25,"campfire_rested":1,"playtime":1311,"item_purchase_floors":[4,21],"current_hp_per_floor":[74,73,73,73,62,33,33,33,33,33,31,31,16,16,38,23,75,73,73,53,53,40,40,40,0],"items_purged":["Strike_B","Defend_B","Strike_B+1"],"gold":80,"score":203,"play_id":"4d3c8ba6-eedd-4b2a-86c5-185617828036","local_time":"20180601133309","is_prod":false,"is_daily":false,"chose_seed":false,"is_ascension_mode":false,"campfire_upgraded":2,"win_rate":0.0,"timestamp":1527831189,"campfire_choices":[{"data":"Dualcast","floor":7,"key":"SMITH"},{"floor":15,"key":"REST"},{"data":"Double Energy","floor":23,"key":"SMITH"}],"path_taken":["M","M","?","?","?","E","R","M","T","M","M","$","?","?","R","BOSS","M","?","M","$","M","R","?","E"],"build_version":"2018-05-31","seed_source_timestamp":363786050268307,"purchased_purges":3,"victory":false,"master_deck":["Defend_B+1","Defend_B+1","Dualcast+1","Lockon","Hologram+1","Ball Lightning","Conserve Battery","Steam","Streamline","Ball Lightning","Rip and Tear","Biased Cognition","Hologram+1","Amplify+1","White Noise+1","Tempest+1","FTL","Double Energy+1"],"max_hp_per_floor":[75,75,75,75,75,75,75,75,75,75,75,75,75,75,75,75,75,75,75,75,75,75,75,75,75],"relics":["Cracked Core","War Paint","Lantern","Astrolabe","Pantograph"],"card_choices":[{"not_picked":["Stack","Glacier"],"picked":"Lockon","floor":1},{"not_picked":["Skim","Compile Driver"],"picked":"Hologram","floor":2},{"not_picked":["Self Repair","Fusion"],"picked":"Conserve Battery","floor":6},{"not_picked":["Coolheaded","Conserve Battery"],"picked":"Steam","floor":8},{"not_picked":["Blizzard","Barrage"],"picked":"Streamline","floor":10},{"not_picked":["Cold Snap","Redo"],"picked":"Ball Lightning","floor":11},{"not_picked":["Barrage","Coolheaded"],"picked":"Rip and Tear","floor":14},{"not_picked":["Reboot","Fission"],"picked":"Biased Cognition","floor":16},{"not_picked":["Force Field","Hologram"],"picked":"Tempest+1","floor":18},{"not_picked":["Capacitor+1","Stack","Redo"],"picked":"SKIP","floor":20},{"not_picked":["Streamline","White Noise"],"picked":"Double Energy","floor":22}],"player_experience":208368,"potions_floor_usage":[14,16,22,22],"damage_taken":[{"damage":1,"enemies":"Cultist","floor":1,"turns":3},{"damage":1,"enemies":"Jaw Worm","floor":2,"turns":3},{"damage":29,"enemies":"Gremlin Nob","floor":6,"turns":4},{"damage":0,"enemies":"Small Slimes","floor":8,"turns":3},{"damage":0,"enemies":"Blue Slaver","floor":10,"turns":3},{"damage":2,"enemies":"Looter","floor":11,"turns":3},{"damage":0,"enemies":"2 Fungi Beasts","floor":14,"turns":1},{"damage":22,"enemies":"Slime Boss","floor":16,"turns":8},{"damage":2,"enemies":"Chosen","floor":18,"turns":3},{"damage":20,"enemies":"2 Thieves","floor":20,"turns":3},{"damage":13,"enemies":"3 Cultists","floor":22,"turns":5},{"damage":43,"enemies":"Book of Stabbing","floor":25,"turns":4}],"relics_obtained":[{"floor":6,"key":"War Paint"},{"floor":9,"key":"Lantern"},{"floor":24,"key":"Pantograph"}],"event_choices":[{"event_name":"Bonfire Elementals","player_choice":"BASIC","floor":3,"damage_taken":0},{"event_name":"World of Goop","player_choice":"Gather Gold","floor":5,"damage_taken":0},{"event_name":"Shining Light","player_choice":"Entered Light","floor":13,"damage_taken":0},{"event_name":"Ghosts","player_choice":"Ignored","floor":19,"damage_taken":0}],"boss_relics":[{"not_picked":["Pandora\u0027s Box","Philosopher\u0027s Stone"],"picked":"Astrolabe"}],"items_purged_floors":[4,12,21],"potions_floor_spawned":[2,6,10,16,18],"seed_played":"2637200820012138880","killed_by":"Book of Stabbing","ascension_level":0,"potions_obtained":[{"floor":2,"key":"SteroidPotion"},{"floor":6,"key":"Explosive Potion"},{"floor":10,"key":"PowerPotion"},{"floor":16,"key":"Block Potion"},{"floor":18,"key":"EssenceOfSteel"}],"is_trial":false}