{"gold_per_floor":[116,41,41,41,55,91,91,127,151,151,151,151,167,192,192,318,318,337,357,357,357,376,376,397,433,480,521,471,297,297,222,222,342,342,366,96,96,429,429,429,429,459,459,459,475,475,50,79,79,79],"floor_reached":51,"playtime":2862,"items_purged":["Strike_B","Writhe","Defend_B","Strike_B"],"score":925,"play_id":"6376ffbd-9ce4-4da2-a717-ec85ac07c353","local_time":"20180730032554","is_ascension_mode":true,"campfire_choices":[{"floor":10,"key":"REST"},{"data":"Zap","floor":12,"key":"SMITH"},{"data":"Dualcast","floor":15,"key":"SMITH"},{"data":"Defragment","floor":23,"key":"SMITH"},{"floor":30,"key":"REST"},{"floor":32,"key":"REST"},{"floor":40,"key":"REST"},{"floor":44,"key":"REST"},{"floor":49,"key":"REST"}],"neow_cost":"NONE","seed_source_timestamp":1567461555491864,"circlet_count":0,"master_deck":["Defend_B","Defend_B+1","Zap+1","Dualcast+1","Scrape+1","Gash+1","BootSequence","Gash+1","Zap+1","Glacier","Seek+1","Defragment+1","Echo Form","Madness","Madness","Defragment+1"],"relics":["Cracked Core","NeowsBlessing","Juzu Bracelet","Art of War","Centennial Puzzle","Empty Cage","Mercury Hourglass","Happy Flower","War Paint","DataDisk","Eternal Feather","Omamori","Mango","Whetstone","Anchor","Regal Pillow","Vajra"],"potions_floor_usage":[16,18,24,39,42,50,50,50],"damage_taken":[{"damage":0,"enemies":"Small Slimes","floor":1,"turns":1},{"damage":0,"enemies":"Cultist","floor":5,"turns":1},{"damage":0,"enemies":"3 Sentries","floor":6,"turns":1},{"damage":21,"enemies":"Lagavulin","floor":8,"turns":5},{"damage":0,"enemies":"2 Louse","floor":13,"turns":2},{"damage":0,"enemies":"Large Slime","floor":14,"turns":4},{"damage":8,"enemies":"Slime Boss","floor":16,"turns":6},{"damage":0,"enemies":"Shell Parasite","floor":18,"turns":4},{"damage":10,"enemies":"3 Byrds","floor":19,"turns":4},{"damage":17,"enemies":"Cultist and Chosen","floor":22,"turns":5},{"damage":18,"enemies":"Centurion and Healer","floor":24,"turns":3},{"damage":2,"enemies":"Book of Stabbing","floor":25,"turns":6},{"damage":9,"enemies":"Gremlin Leader","floor":27,"turns":6},{"damage":0,"enemies":"Champ","floor":33,"turns":8},{"damage":9,"enemies":"Orb Walker","floor":35,"turns":3},{"damage":18,"floor":39,"turns":5},{"damage":73,"enemies":"2 Orb Walkers","floor":42,"turns":5},{"damage":0,"enemies":"3 Shapes","floor":45,"turns":3},{"damage":0,"enemies":"Giant Head","floor":48,"turns":7},{"damage":29,"enemies":"Time Eater","floor":50,"turns":9}],"seed_played":"-6551125535734756695","potions_obtained":[{"floor":5,"key":"Dexterity Potion"},{"floor":6,"key":"GamblersBrew"},{"floor":14,"key":"Explosive Potion"},{"floor":19,"key":"Ancient Potion"},{"floor":22,"key":"Ancient Potion"},{"floor":24,"key":"GamblersBrew"},{"floor":33,"key":"Weak Potion"},{"floor":39,"key":"SteroidPotion"},{"floor":45,"key":"SteroidPotion"},{"floor":48,"key":"Block Potion"}],"is_trial":false,"path_per_floor":["M","$","?","?","M","E","?","E","T","R","?","R","M","M","R","B",null,"M","M","?","?","M","R","M","E","T","E","?","$","R","?","R","B",null,"M","$","?","?","?","R","?","E","T","R","M","?","$","E","R","B"],"character_chosen":"DEFECT","items_purchased":["Echo Form","Omamori","Regal Pillow","Block Potion","GamblersBrew"],"campfire_rested":6,"item_purchase_floors":[29,36,47,47,47],"current_hp_per_floor":[75,75,75,57,57,57,57,36,36,58,58,58,58,58,58,50,75,75,65,65,65,48,48,30,28,28,19,19,19,41,41,63,63,75,66,66,57,57,53,88,89,16,16,51,51,51,51,51,89,60],"gold":79,"neow_bonus":"THREE_ENEMY_KILL","is_prod":false,"is_daily":false,"chose_seed":false,"campfire_upgraded":3,"win_rate":0,"timestamp":1532913954,"path_taken":["M","$","?","?","?","E","?","E","T","R","?","R","M","M","R","BOSS","M","M","?","?","M","R","M","E","T","E","?","$","R","?","R","BOSS","M","$","?","?","?","R","?","E","T","R","M","?","$","E","R","BOSS"],"build_version":"2018-07-26","purchased_purges":4,"victory":true,"max_hp_per_floor":[75,75,75,75,75,75,75,75,75,75,75,75,75,75,75,75,75,75,75,75,75,75,75,75,75,75,75,75,75,75,75,75,75,75,75,75,75,75,89,89,89,89,89,89,89,89,89,89,89,89],"card_choices":[{"not_picked":["Sweeping Beam","Darkness"],"picked":"Scrape","floor":1},{"not_picked":["Redo","Sunder","Compile Driver"],"picked":"SKIP","floor":5},{"not_picked":["Conserve Battery","Loop"],"picked":"Gash","floor":6},{"not_picked":["Heatsinks","Force Field"],"picked":"BootSequence","floor":8},{"not_picked":["Tempest","Sweeping Beam","Streamline"],"picked":"SKIP","floor":13},{"not_picked":["Darkness","Compile Driver"],"picked":"Glacier","floor":14},{"not_picked":["Creative AI","Meteor Strike"],"picked":"Seek","floor":16},{"not_picked":["Chaos+1","Leap+1","Rip and Tear"],"picked":"SKIP","floor":18},{"not_picked":["Redo","Conserve Battery","Compile Driver"],"picked":"SKIP","floor":19},{"not_picked":["Ball Lightning","Leap","Rebound+1"],"picked":"SKIP","floor":22},{"not_picked":["Streamline","Hologram","Beam Cell"],"picked":"SKIP","floor":24},{"not_picked":["Chill","Genetic Algorithm","Force Field"],"picked":"SKIP","floor":25},{"not_picked":["Loop+1","Cold Snap+1","Compile Driver"],"picked":"SKIP","floor":27},{"not_picked":["Auto Shields+1","Hologram+1","Doom and Gloom+1"],"picked":"SKIP","floor":35},{"not_picked":["Streamline","Reprogram"],"picked":"Defragment+1","floor":39},{"not_picked":["Storm+1","Force Field+1","Sweeping Beam+1"],"picked":"SKIP","floor":42},{"not_picked":["Redo","Conserve Battery+1","Glacier"],"picked":"SKIP","floor":45},{"not_picked":["Stack","Barrage+1","Reprogram+1"],"picked":"SKIP","floor":48}],"player_experience":340895,"relics_obtained":[{"floor":6,"key":"Juzu Bracelet"},{"floor":8,"key":"Art of War"},{"floor":9,"key":"Centennial Puzzle"},{"floor":25,"key":"Happy Flower"},{"floor":26,"key":"War Paint"},{"floor":27,"key":"DataDisk"},{"floor":39,"key":"Mango"},{"floor":42,"key":"Whetstone"},{"floor":43,"key":"Anchor"},{"floor":48,"key":"Vajra"}],"event_choices":[{"event_name":"Upgrade Shrine","player_choice":"Upgraded","floor":3,"damage_taken":0},{"event_name":"Golden Idol","player_choice":"Take Damage","floor":4,"damage_taken":0},{"event_name":"Accursed Blacksmith","player_choice":"Forge","floor":7,"damage_taken":0},{"event_name":"Match and Keep!","player_choice":"2 cards matched","floor":11,"damage_taken":0},{"event_name":"The Library","player_choice":"Read","floor":20,"damage_taken":0},{"event_name":"The Mausoleum","player_choice":"Yes","floor":21,"damage_taken":0},{"event_name":"The Joust","player_choice":"Bet on Murderer","floor":28,"damage_taken":0},{"event_name":"Beggar","player_choice":"Gave Gold","floor":31,"damage_taken":0},{"event_name":"Winding Halls","player_choice":"Embrace Madness","floor":37,"damage_taken":0},{"event_name":"The Moai Head","player_choice":"Gave Idol","floor":38,"damage_taken":0},{"event_name":"MindBloom","player_choice":"Fight","floor":39,"damage_taken":0},{"event_name":"Wheel of Change","player_choice":"Full Heal","floor":41,"damage_taken":0},{"event_name":"Tomb of Lord Red Mask","player_choice":"Ignored","floor":46,"damage_taken":0}],"is_beta":false,"boss_relics":[{"not_picked":["Tiny House","Lizard Tail"],"picked":"Empty Cage"},{"not_picked":["Calling Bell","Velvet Choker"],"picked":"Eternal Feather"}],"items_purged_floors":[2,29,36,47],"is_endless":false,"potions_floor_spawned":[5,6,14,19,22,24,33,39,45,48],"ascension_level":2}