{"gold_per_floor":[117,18,93,93,93,128,9,26,26,26,43,62,212,231,231,305,305,317,317,7,27,27,27,27,42,67,84,84,84,99,112,112,186,186,186],"floor_reached":35,"playtime":6420,"items_purged":["Defend_G","Doubt"],"score":789,"play_id":"2fad96d6-4482-469f-9637-21f501187005","local_time":"20190421035825","is_ascension_mode":true,"campfire_choices":[{"data":"Leg Sweep","floor":10,"key":"SMITH"},{"data":"Deadly Poison","floor":15,"key":"SMITH"},{"floor":23,"key":"REST"},{"data":"Burst","floor":29,"key":"SMITH"},{"floor":32,"key":"REST"}],"neow_cost":"NONE","seed_source_timestamp":492359209632600,"circlet_count":0,"master_deck":["AscendersBane","Defend_G","Defend_G","Defend_G","Defend_G","Survivor","Neutralize","Deadly Poison","Finesse","Leg Sweep+1","Backstab","Footwork","Dodge and Roll","Well Laid Plans","Deadly Poison+1","Burst+1","Eviscerate+1","Acrobatics","Master of Strategy","Tactician","Bite","Bite+1","Bite","Bite","Bite","Acrobatics","Deflect+1","Catalyst","Escape Plan","Corpse Explosion"],"relics":["Ring of the Snake","NeowsBlessing","Pear","Bag of Marbles","Letter Opener","HoveringKite","MutagenicStrength","Whetstone","Lizard Tail"],"potions_floor_usage":[25,31,33,35],"damage_taken":[{"damage":0,"enemies":"Small Slimes","floor":1,"turns":1},{"damage":0,"enemies":"Lagavulin","floor":6,"turns":1},{"damage":0,"enemies":"2 Louse","floor":8,"turns":1},{"damage":2,"enemies":"Jaw Worm","floor":11,"turns":4},{"damage":5,"enemies":"Large Slime","floor":12,"turns":9},{"damage":0,"enemies":"Looter","floor":14,"turns":4},{"damage":23,"enemies":"Hexaghost","floor":16,"turns":12},{"damage":30,"enemies":"Spheric Guardian","floor":18,"turns":8},{"damage":12,"enemies":"3 Byrds","floor":21,"turns":6},{"damage":17,"enemies":"Cultist and Chosen","floor":25,"turns":6},{"damage":20,"enemies":"Shelled Parasite and Fungi","floor":27,"turns":6},{"damage":0,"enemies":"Centurion and Healer","floor":30,"turns":2},{"damage":16,"enemies":"Snake Plant","floor":31,"turns":3},{"damage":38,"enemies":"Automaton","floor":33,"turns":8},{"damage":24,"enemies":"Orb Walker","floor":35,"turns":4}],"seed_played":"4222516574267885039","potions_obtained":[{"floor":1,"key":"GhostInAJar"},{"floor":11,"key":"Dexterity Potion"},{"floor":12,"key":"Energy Potion"},{"floor":18,"key":"SkillPotion"},{"floor":30,"key":"Swift Potion"},{"floor":33,"key":"Block Potion"}],"is_trial":false,"path_per_floor":["M","$","?","?","?","E","$","M","T","R","M","M","?","M","R","B",null,"M","?","$","M","?","R","?","M","T","M","$","R","M","M","R","B",null,"M"],"character_chosen":"THE_SILENT","items_purchased":["Finesse","Backstab","Master of Strategy"],"campfire_rested":2,"item_purchase_floors":[2,7,20],"current_hp_per_floor":[59,59,48,58,51,51,51,51,51,51,49,44,44,44,44,21,62,32,32,32,20,20,35,35,32,32,24,24,24,30,19,34,16,44,24],"gold":186,"neow_bonus":"THREE_ENEMY_KILL","is_prod":false,"is_daily":false,"chose_seed":false,"campfire_upgraded":3,"win_rate":0,"timestamp":1555833505,"path_taken":["M","$","?","?","?","E","?","M","T","R","M","M","?","?","R","BOSS","M","?","$","M","?","R","?","?","T","M","?","R","M","M","R","BOSS","M"],"build_version":"2019-04-20","purchased_purges":2,"victory":false,"max_hp_per_floor":[66,66,66,76,76,76,76,76,76,76,76,76,76,76,76,76,76,76,76,76,76,53,53,53,53,53,53,53,53,53,53,53,53,53,53],"card_choices":[{"not_picked":["Predator","Blade Dance"],"picked":"Deadly Poison","floor":1},{"not_picked":["Expertise","Caltrops"],"picked":"Leg Sweep","floor":6},{"not_picked":["Sucker Punch","Backflip"],"picked":"Footwork","floor":8},{"not_picked":["Terror","Cloak And Dagger"],"picked":"Dodge and Roll","floor":11},{"not_picked":["Heel Hook","Riddle With Holes"],"picked":"Well Laid Plans","floor":12},{"not_picked":["Distraction","Outmaneuver"],"picked":"Deadly Poison","floor":14},{"not_picked":["Malaise","A Thousand Cuts"],"picked":"Burst","floor":16},{"not_picked":["Deflect","Acrobatics"],"picked":"Eviscerate","floor":18},{"not_picked":["Cloak And Dagger","Deadly Poison"],"picked":"Tactician","floor":21},{"not_picked":["Quick Slash","Cloak And Dagger"],"picked":"Acrobatics","floor":25},{"not_picked":["Bane","Finisher"],"picked":"Deflect+1","floor":27},{"not_picked":["Wraith Form v2","Deflect"],"picked":"Catalyst","floor":30},{"not_picked":["Bane","Riddle With Holes"],"picked":"Escape Plan","floor":31},{"not_picked":["A Thousand Cuts","Envenom"],"picked":"Corpse Explosion","floor":33}],"player_experience":1352107,"relics_obtained":[{"floor":6,"key":"Bag of Marbles"},{"floor":9,"key":"Letter Opener"},{"floor":26,"key":"Whetstone"}],"event_choices":[{"damage_healed":0,"gold_gain":75,"player_choice":"Gather Gold","damage_taken":11,"max_hp_gain":0,"max_hp_loss":0,"event_name":"World of Goop","floor":3,"gold_loss":0},{"damage_healed":0,"gold_gain":0,"player_choice":"Box","damage_taken":0,"relics_obtained":["Pear"],"max_hp_gain":0,"max_hp_loss":0,"event_name":"Big Fish","floor":4,"gold_loss":0,"cards_obtained":["Regret"]},{"cards_removed":["Regret"],"damage_healed":0,"gold_gain":0,"player_choice":"Card Removal","damage_taken":7,"max_hp_gain":0,"max_hp_loss":0,"event_name":"Golden Wing","floor":5,"gold_loss":0},{"damage_healed":0,"gold_gain":150,"player_choice":"AGREE","damage_taken":0,"max_hp_gain":0,"max_hp_loss":0,"event_name":"Liars Game","floor":13,"gold_loss":0,"cards_obtained":["Doubt"]},{"damage_healed":0,"gold_gain":0,"player_choice":"Read","damage_taken":0,"max_hp_gain":0,"max_hp_loss":0,"event_name":"The Library","floor":19,"gold_loss":0,"cards_obtained":["Acrobatics"]},{"damage_healed":0,"gold_gain":0,"player_choice":"Became a vampire","damage_taken":0,"max_hp_gain":0,"max_hp_loss":23,"event_name":"Vampires","floor":22,"gold_loss":0,"cards_obtained":["Bite","Bite","Bite","Bite","Bite"]},{"damage_healed":0,"gold_gain":0,"player_choice":"Inject Mutagens","damage_taken":0,"relics_obtained":["MutagenicStrength"],"max_hp_gain":0,"max_hp_loss":0,"event_name":"Drug Dealer","floor":24,"gold_loss":0}],"is_beta":true,"boss_relics":[{"not_picked":["Velvet Choker","Snecko Eye"],"picked":"HoveringKite"},{"not_picked":["Fusion Hammer","WristBlade"],"picked":"Lizard Tail"}],"items_purged_floors":[7,20],"is_endless":false,"potions_floor_spawned":[1,11,12,14,18,30,33],"killed_by":"Orb Walker","ascension_level":20}