{"gold_per_floor":[115,133,133,147,67,67,67,80,80,80,80,155,155,172,172,275,275,290,290,260,279,279,279],"floor_reached":23,"playtime":855,"items_purged":[],"score":297,"play_id":"fa69daac-6255-40d6-a690-ea0b123e42fa","local_time":"20190409191856","is_ascension_mode":true,"campfire_choices":[{"data":"Poisoned Stab","floor":6,"key":"SMITH"},{"data":"Neutralize","floor":10,"key":"SMITH"},{"floor":13,"key":"REST"},{"data":"Deflect","floor":15,"key":"SMITH"},{"floor":23,"key":"REST"}],"neow_cost":"NONE","seed_source_timestamp":2370505839871377,"circlet_count":0,"master_deck":["AscendersBane","Defend_G","Defend_G","Defend_G","Defend_G","Defend_G","Strike_G","Strike_G","Strike_G","Strike_G","Strike_G","Survivor","Neutralize+1","Poisoned Stab+1","Eviscerate","Terror","Sucker Punch","Deflect+1","Expertise","Deflect+1","Envenom","Bane+1","PiercingWail","Dagger Spray+1","Ghostly","Ghostly","Ghostly","Ghostly","Ghostly"],"relics":["Busted Crown","Molten Egg 2","Snecko Eye"],"potions_floor_usage":[16,16,18,21,21],"damage_taken":[{"damage":5,"enemies":"Small Slimes","floor":1,"turns":4},{"damage":0,"enemies":"Cultist","floor":2,"turns":4},{"damage":1,"enemies":"2 Louse","floor":4,"turns":3},{"damage":11,"enemies":"Exordium Wildlife","floor":8,"turns":4},{"damage":0,"enemies":"Gremlin Gang","floor":14,"turns":6},{"damage":55,"enemies":"Slime Boss","floor":16,"turns":16},{"damage":1,"enemies":"3 Byrds","floor":18,"turns":3},{"damage":47,"enemies":"2 Thieves","floor":20,"turns":5},{"damage":4,"enemies":"Centurion and Healer","floor":21,"turns":3}],"seed_played":"1812011459388067655","potions_obtained":[{"floor":3,"key":"FairyPotion"},{"floor":3,"key":"LiquidBronze"},{"floor":3,"key":"Energy Potion"},{"floor":14,"key":"SteroidPotion"},{"floor":18,"key":"FearPotion"},{"floor":20,"key":"Fire Potion"}],"is_trial":false,"path_per_floor":["M","M","?","M","$","R","?","M","T","R","?","?","R","M","R","B",null,"M","?","M","M","?","R"],"character_chosen":"THE_SILENT","items_purchased":["Sucker Punch","Deflect"],"campfire_rested":2,"item_purchase_floors":[5,5],"current_hp_per_floor":[58,58,58,57,57,57,57,46,46,46,46,35,56,56,56,1,53,52,52,5,1,1,11],"gold":279,"neow_bonus":"BOSS_RELIC","is_prod":false,"is_daily":false,"chose_seed":false,"campfire_upgraded":3,"win_rate":0,"timestamp":1554862736,"path_taken":["M","M","?","?","$","R","?","?","T","R","?","?","R","M","R","BOSS","M","?","?","M","?","R"],"build_version":"2019-01-23","purchased_purges":0,"victory":false,"max_hp_per_floor":[70,70,70,70,70,70,70,70,70,70,70,70,70,70,70,70,70,70,70,70,70,35,35],"card_choices":[{"not_picked":[],"picked":"Poisoned Stab","floor":1},{"not_picked":[],"picked":"Eviscerate","floor":2},{"not_picked":[],"picked":"Terror","floor":4},{"not_picked":[],"picked":"Expertise","floor":8},{"not_picked":[],"picked":"Deflect","floor":14},{"not_picked":[],"picked":"Envenom","floor":16},{"not_picked":[],"picked":"Bane+1","floor":18},{"not_picked":[],"picked":"PiercingWail","floor":20},{"not_picked":[],"picked":"Dagger Spray+1","floor":21}],"player_experience":526525,"relics_obtained":[{"floor":9,"key":"Molten Egg 2"}],"event_choices":[{"damage_healed":0,"gold_gain":0,"player_choice":"Got Potions","damage_taken":0,"max_hp_gain":0,"max_hp_loss":0,"event_name":"Lab","floor":3,"gold_loss":0},{"damage_healed":0,"gold_gain":0,"player_choice":"Bought 0 Potions","damage_taken":0,"max_hp_gain":0,"max_hp_loss":0,"event_name":"The Woman in Blue","floor":7,"gold_loss":0},{"damage_healed":0,"gold_gain":0,"player_choice":"Grow","damage_taken":0,"max_hp_gain":0,"max_hp_loss":0,"event_name":"Living Wall","floor":11,"gold_loss":0,"cards_upgraded":["Deflect"]},{"damage_healed":0,"gold_gain":75,"player_choice":"Gather Gold","damage_taken":11,"max_hp_gain":0,"max_hp_loss":0,"event_name":"World of Goop","floor":12,"gold_loss":0},{"damage_healed":0,"gold_gain":0,"player_choice":"Ignored","damage_taken":0,"max_hp_gain":0,"max_hp_loss":0,"event_name":"N\u0027loth","floor":19,"gold_loss":0},{"damage_healed":0,"gold_gain":0,"player_choice":"Became a Ghost","damage_taken":0,"max_hp_gain":0,"max_hp_loss":35,"event_name":"Ghosts","floor":22,"gold_loss":0,"cards_obtained":["Ghostly","Ghostly","Ghostly","Ghostly","Ghostly"]}],"is_beta":false,"boss_relics":[{"not_picked":["WristBlade","Philosopher\u0027s Stone"],"picked":"Snecko Eye"}],"items_purged_floors":[],"is_endless":false,"potions_floor_spawned":[14,18,20],"ascension_level":10}