{"gold_per_floor":[115,126,126,96,112,150,175,175,227,227,248,248,248,266,266,359,359,374,374,84,109,109,109,130,43,43,43,43,56,56,87,87,180,180,203,218,218,236,69,69,82,82,82,82,82,3,19,19,19,19],"floor_reached":50,"playtime":2251,"items_purged":["Injury"],"score":899,"play_id":"1852bb20-e464-4bce-8256-4bda4fcefe6e","local_time":"20181108104515","is_ascension_mode":true,"campfire_choices":[{"data":"Zap","floor":10.0,"key":"SMITH"},{"floor":13.0,"key":"REST"},{"data":"Streamline","floor":15.0,"key":"SMITH"},{"data":"White Noise","floor":23.0,"key":"SMITH"},{"data":"Buffer","floor":27.0,"key":"SMITH"},{"floor":32.0,"key":"REST"},{"data":"Biased Cognition","floor":40.0,"key":"SMITH"},{"data":"Dualcast","floor":42.0,"key":"SMITH"},{"data":"Scrape","floor":44.0,"key":"SMITH"},{"data":"Force Field","floor":49.0,"key":"SMITH"}],"neow_cost":"NONE","seed_source_timestamp":0,"circlet_count":0,"master_deck":["AscendersBane","Zap+1","Dualcast+1","Streamline+1","Redo+1","Ball Lightning+1","Buffer+1","Ball Lightning+1","Zap+1","White Noise+1","Go for the Eyes+1","Electrodynamics+1","BootSequence+1","Ball Lightning+1","Scrape+1","Conserve Battery+1","Coolheaded+1","Go for the Eyes+1","Aggregate+1","Panache+1","Redo+1","Steam+1","Loop+1","Beam Cell+1","Reboot+1","Biased Cognition+1","Capacitor","Compile Driver+1","Force Field+1"],"special_seed":0,"relics":["Cracked Core","NeowsBlessing","Golden Idol","Kunai","Bag of Preparation","Pandora\u0027s Box","Molten Egg 2","Potion Belt","Busted Crown","Strawberry","Pear","Mark of the Bloom"],"potions_floor_usage":[],"damage_taken":[{"damage":0.0,"enemies":"2 Louse","floor":1.0,"turns":1.0},{"damage":0.0,"enemies":"Cultist","floor":2.0,"turns":1.0},{"damage":0.0,"enemies":"Small Slimes","floor":5.0,"turns":1.0},{"damage":20.0,"enemies":"3 Sentries","floor":6.0,"turns":5.0},{"damage":7.0,"enemies":"2 Fungi Beasts","floor":7.0,"turns":4.0},{"damage":0.0,"enemies":"Blue Slaver","floor":11.0,"turns":2.0},{"damage":0.0,"enemies":"Large Slime","floor":14.0,"turns":4.0},{"damage":29.0,"enemies":"The Guardian","floor":16.0,"turns":10.0},{"damage":21.0,"enemies":"Shell Parasite","floor":18.0,"turns":3.0},{"damage":0.0,"enemies":"Chosen","floor":21.0,"turns":3.0},{"damage":13.0,"enemies":"Colosseum Slavers","floor":22.0,"turns":3.0},{"damage":0.0,"enemies":"Centurion and Healer","floor":24.0,"turns":3.0},{"damage":4.0,"enemies":"Snecko","floor":29.0,"turns":5.0},{"damage":22.0,"enemies":"Book of Stabbing","floor":31.0,"turns":4.0},{"damage":17.0,"enemies":"Collector","floor":33.0,"turns":8.0},{"damage":11.0,"enemies":"3 Shapes","floor":35.0,"turns":3.0},{"damage":0.0,"enemies":"Orb Walker","floor":36.0,"turns":3.0},{"damage":0.0,"enemies":"Jaw Worm Horde","floor":38.0,"turns":4.0},{"damage":0.0,"enemies":"Maw","floor":41.0,"turns":6.0},{"damage":24.0,"enemies":"3 Darklings","floor":47.0,"turns":3.0},{"damage":40,"enemies":"Time Eater","floor":50,"turns":5}],"seed_played":"6534615991619298817","potions_obtained":[{"floor":4.0,"key":"FocusPotion"},{"floor":4.0,"key":"AttackPotion"},{"floor":6.0,"key":"PowerPotion"},{"floor":7.0,"key":"Weak Potion"},{"floor":21.0,"key":"Explosive Potion"},{"floor":24.0,"key":"Dexterity Potion"},{"floor":29.0,"key":"Explosive Potion"},{"floor":31.0,"key":"EssenceOfSteel"},{"floor":35.0,"key":"FairyPotion"},{"floor":47.0,"key":"SteroidPotion"}],"is_trial":false,"path_per_floor":["M","M","?","?","M","E","M","?","T","R","M","?","R","M","R","B",null,"M","?","$","M","?","R","M","$","T","R","?","M","?","E","R","B",null,"M","M","?","M","$","R","M","R","T","R","?","$","M","?","R","B"],"character_chosen":"DEFECT","items_purchased":["Panache","Loop","Strawberry","Capacitor"],"campfire_rested":2,"item_purchase_floors":[20,25,39,46],"current_hp_per_floor":[64,64,64,64,64,44,37,37,37,37,37,16,37,37,37,8,55,34,48,48,48,35,35,35,35,35,35,40,36,36,14,35,18,58,47,47,47,47,54,54,54,54,64,64,64,64,40,40,40,0],"gold":19,"neow_bonus":"THREE_ENEMY_KILL","is_prod":false,"is_daily":false,"chose_seed":false,"campfire_upgraded":8,"win_rate":0,"timestamp":1541691915,"path_taken":["M","M","?","?","?","E","?","?","T","R","?","?","R","M","R","BOSS","M","?","$","M","?","R","M","$","T","R","?","?","?","E","R","BOSS","M","M","?","M","$","R","M","R","T","R","?","$","M","?","R","BOSS"],"build_version":"2018-11-01","purchased_purges":1,"victory":false,"max_hp_per_floor":[71,71,71,71,71,71,71,71,71,71,71,71,71,71,71,71,71,71,71,71,71,71,71,71,71,71,71,71,71,71,71,71,71,71,71,71,71,71,78,78,78,78,88,88,88,88,88,88,88,88],"card_choices":[{"not_picked":["Barrage","Go for the Eyes"],"picked":"Streamline","floor":1.0},{"not_picked":["Reprogram","Barrage"],"picked":"Redo","floor":2.0},{"not_picked":["Steam Power","Double Energy"],"picked":"Ball Lightning","floor":5.0},{"not_picked":["Double Energy","Undo"],"picked":"Buffer","floor":6.0},{"not_picked":["FTL","Fusion"],"picked":"Ball Lightning","floor":7.0},{"not_picked":["Lockon","Turbo"],"picked":"White Noise","floor":11.0},{"not_picked":["Reinforced Body","Fusion"],"picked":"Go for the Eyes","floor":14.0},{"not_picked":["Seek","Biased Cognition"],"picked":"Electrodynamics","floor":16.0},{"not_picked":["Barrage","Turbo"],"picked":"Aggregate","floor":18.0},{"not_picked":["Undo","Hologram"],"picked":"Redo+1","floor":21.0},{"not_picked":["Doom and Gloom","Turbo"],"picked":"Steam","floor":24.0},{"not_picked":["Go for the Eyes+1","Leap"],"picked":"Beam Cell+1","floor":29.0},{"not_picked":["Tempest","Fusion"],"picked":"Reboot","floor":31.0},{"not_picked":["Fission","Machine Learning"],"picked":"Biased Cognition","floor":33.0},{"not_picked":["Go for the Eyes+1"],"picked":"SKIP","floor":35.0},{"not_picked":[],"picked":"Gash+1","floor":36.0},{"not_picked":["Stack"],"picked":"SKIP","floor":38.0},{"not_picked":["Redo"],"picked":"SKIP","floor":41.0},{"not_picked":[],"picked":"Compile Driver+1","floor":47.0}],"player_experience":705965,"relics_obtained":[{"floor":6.0,"key":"Kunai"},{"floor":9.0,"key":"Bag of Preparation"},{"floor":26.0,"key":"Molten Egg 2"},{"floor":31.0,"key":"Potion Belt"},{"floor":43.0,"key":"Pear"}],"event_choices":[{"damage_healed":0.0,"max_hp_gain":0.0,"max_hp_loss":0.0,"gold_gain":0.0,"event_name":"Golden Idol","player_choice":"Take Wound","floor":3.0,"gold_loss":0.0,"damage_taken":0.0,"relics_obtained":["Golden Idol"],"cards_obtained":["Injury"]},{"damage_healed":0.0,"max_hp_gain":0.0,"max_hp_loss":0.0,"gold_gain":0.0,"event_name":"The Woman in Blue","player_choice":"Bought 2 Potions","floor":4.0,"gold_loss":0.0,"damage_taken":0.0},{"damage_healed":0.0,"max_hp_gain":0.0,"max_hp_loss":0.0,"gold_gain":0.0,"event_name":"Match and Keep!","player_choice":"1 cards matched","floor":8.0,"gold_loss":0.0,"damage_taken":0.0,"cards_obtained":["Zap"]},{"damage_healed":0.0,"max_hp_gain":0.0,"max_hp_loss":0.0,"gold_gain":0.0,"event_name":"Shining Light","player_choice":"Entered Light","floor":12.0,"gold_loss":0.0,"damage_taken":21.0,"cards_upgraded":["Strike_B","Zap"]},{"damage_healed":14.0,"max_hp_gain":0.0,"max_hp_loss":0.0,"gold_gain":0.0,"event_name":"The Library","player_choice":"Heal","floor":19.0,"gold_loss":0.0,"damage_taken":0.0},{"damage_healed":0.0,"max_hp_gain":0.0,"max_hp_loss":0.0,"gold_gain":0.0,"event_name":"Colosseum","player_choice":"Fight","floor":22.0,"gold_loss":0.0,"damage_taken":0.0},{"damage_healed":0.0,"max_hp_gain":0.0,"max_hp_loss":0.0,"gold_gain":0.0,"event_name":"Colosseum","player_choice":"Fled From Nobs","floor":22.0,"gold_loss":0.0,"damage_taken":0.0},{"cards_removed":["Streamline"],"damage_healed":5.0,"max_hp_gain":0.0,"max_hp_loss":0.0,"gold_gain":0.0,"event_name":"Bonfire Elementals","player_choice":"Offered Common","floor":28.0,"gold_loss":0.0,"damage_taken":0.0},{"cards_removed":["Streamline"],"damage_healed":5.0,"max_hp_gain":0.0,"max_hp_loss":0.0,"gold_gain":0.0,"event_name":"Bonfire Elementals","player_choice":"Offered Special","floor":28.0,"gold_loss":0.0,"damage_taken":0.0},{"cards_removed":["Beam Cell"],"damage_healed":0.0,"max_hp_gain":0.0,"max_hp_loss":0.0,"gold_gain":0.0,"event_name":"Back to Basics","player_choice":"Elegance","floor":30.0,"gold_loss":0.0,"damage_taken":0.0},{"damage_healed":0.0,"max_hp_gain":0.0,"max_hp_loss":0.0,"gold_gain":0.0,"event_name":"SensoryStone","player_choice":"Memory 1","floor":37.0,"gold_loss":0.0,"damage_taken":0.0},{"damage_healed":0.0,"max_hp_gain":0.0,"max_hp_loss":0.0,"gold_gain":0.0,"event_name":"MindBloom","player_choice":"Upgrade","floor":45.0,"gold_loss":0.0,"damage_taken":0.0,"cards_upgraded":["Redo","Ball Lightning","Ball Lightning","Go for the Eyes","Electrodynamics","BootSequence","Ball Lightning","Conserve Battery","Coolheaded","Go for the Eyes","Aggregate","Panache","Steam","Loop","Reboot"],"relics_obtained":["Mark of the Bloom"]},{"damage_healed":0.0,"max_hp_gain":0.0,"max_hp_loss":0.0,"gold_gain":0.0,"cards_transformed":["Gash"],"event_name":"Transmorgrifier","player_choice":"Transformed","floor":48.0,"gold_loss":0.0,"damage_taken":0.0,"cards_obtained":["Force Field"]}],"is_beta":false,"boss_relics":[{"not_picked":["Tiny House","Lizard Tail"],"picked":"Pandora\u0027s Box"},{"not_picked":["Sozu","Philosopher\u0027s Stone"],"picked":"Busted Crown"}],"items_purged_floors":[20],"is_endless":false,"potions_floor_spawned":[6,7,21,24,29,31,35,47],"killed_by":"Time Eater","ascension_level":18}