{"gold_per_floor":[114,129,147,160,171,197,217,217,271,271,271,291,256,275,275,399,399,414,514,151,174,188,229,244,244,291,316,350,366,386,429,429,558,558,577,602,702,725,741,741,65,65,65,65,65],"floor_reached":45,"playtime":5966,"items_purged":["Strike_B"],"score":661,"play_id":"724a9324-25fd-45b4-a4fe-b0e9ac0b6395","local_time":"20190327003201","is_ascension_mode":true,"campfire_choices":[{"floor":8,"key":"REST"},{"data":"Creative AI","floor":11,"key":"SMITH"},{"floor":15,"key":"REST"},{"floor":25,"key":"REST"},{"data":"Go for the Eyes","floor":32,"key":"SMITH"},{"floor":40,"key":"REST"}],"neow_cost":"NONE","seed_source_timestamp":984667077583700,"circlet_count":0,"master_deck":["Strike_B","Strike_B","Strike_B+1","Defend_B","Defend_B","Defend_B","Defend_B","Zap","Dualcast","Coolheaded","Stack","Conserve Battery","Hello World","Go for the Eyes+1","Creative AI+1","Coolheaded","Glacier","Conserve Battery","All For One+1","Stack","Glacier+1","Hologram","Stack+1","Conserve Battery","Stack+1","Conserve Battery+1","Creative AI+1","Dark Shackles","Normality"],"relics":["Sozu","Art of War","Omamori","Golden Idol","Cursed Key","ClockworkSouvenir","Dream Catcher","Centennial Puzzle","Whetstone","Meat on the Bone","Blood Vial","Inserter","DollysMirror","Happy Flower","Juzu Bracelet","Darkstone Periapt"],"potions_floor_usage":[],"damage_taken":[{"damage":1,"enemies":"Cultist","floor":1,"turns":4},{"damage":0,"enemies":"2 Louse","floor":2,"turns":2},{"damage":0,"enemies":"Jaw Worm","floor":3,"turns":4},{"damage":4,"enemies":"Lots of Slimes","floor":4,"turns":8},{"damage":7,"enemies":"3 Louse","floor":5,"turns":5},{"damage":45,"enemies":"Gremlin Nob","floor":6,"turns":6},{"damage":1,"enemies":"2 Fungi Beasts","floor":7,"turns":4},{"damage":30,"enemies":"Exordium Wildlife","floor":12,"turns":5},{"damage":0,"enemies":"Large Slime","floor":14,"turns":5},{"damage":28,"enemies":"Slime Boss","floor":16,"turns":10},{"damage":19,"enemies":"Chosen","floor":18,"turns":5},{"damage":13,"enemies":"3 Byrds","floor":21,"turns":7},{"damage":1,"enemies":"Snecko","floor":22,"turns":8},{"damage":8,"enemies":"Book of Stabbing","floor":23,"turns":9},{"damage":2,"enemies":"Shelled Parasite and Fungi","floor":24,"turns":8},{"damage":2,"enemies":"Sentry and Sphere","floor":27,"turns":7},{"damage":18,"enemies":"Slavers","floor":28,"turns":9},{"damage":5,"enemies":"Chosen and Byrds","floor":29,"turns":7},{"damage":4,"enemies":"Centurion and Healer","floor":30,"turns":7},{"damage":1,"enemies":"Book of Stabbing","floor":31,"turns":10},{"damage":0,"enemies":"Champ","floor":33,"turns":10},{"damage":22,"enemies":"3 Darklings","floor":35,"turns":10},{"damage":4,"enemies":"Orb Walker","floor":36,"turns":6},{"damage":35,"enemies":"3 Darklings","floor":38,"turns":10},{"damage":9,"enemies":"4 Shapes","floor":39,"turns":14},{"damage":59,"enemies":"Transient","floor":45,"turns":5}],"seed_played":"-1778930432657930004","potions_obtained":[],"is_trial":false,"path_per_floor":["M","M","M","M","M","E","M","R","T","?","R","M","?","M","R","B",null,"M","?","$","M","M","E","M","R","T","M","E","M","M","E","R","B",null,"M","M","?","M","M","R","$","?","T","$","M"],"character_chosen":"DEFECT","items_purchased":["ClockworkSouvenir","Dream Catcher","DollysMirror","Dark Shackles","Happy Flower","Juzu Bracelet"],"campfire_rested":4,"item_purchase_floors":[20,20,41,41,41,41],"current_hp_per_floor":[74,74,74,70,63,18,17,39,39,39,39,9,27,27,49,21,75,56,56,56,43,42,34,32,54,54,52,34,41,49,48,48,50,75,53,51,51,30,35,57,57,57,57,57,0],"gold":65,"neow_bonus":"BOSS_RELIC","is_prod":false,"is_daily":false,"chose_seed":false,"campfire_upgraded":2,"win_rate":0,"timestamp":1553661121,"path_taken":["M","?","M","M","M","E","M","R","T","?","R","M","?","M","R","BOSS","M","?","$","M","M","E","?","R","T","M","E","M","M","E","R","BOSS","M","M","?","M","?","R","$","?","T","$","M"],"build_version":"2019-01-23","purchased_purges":1,"victory":false,"max_hp_per_floor":[75,75,75,75,75,75,75,75,75,75,75,75,75,75,75,75,75,75,75,75,75,75,75,75,75,75,75,75,75,75,75,75,75,75,75,75,75,75,75,75,75,75,75,75,75],"card_choices":[{"not_picked":["Redo","Turbo"],"picked":"Coolheaded","floor":1},{"not_picked":["Ball Lightning","FTL"],"picked":"Stack","floor":2},{"not_picked":["FTL","Chaos"],"picked":"Conserve Battery","floor":3},{"not_picked":["Gash","Fusion"],"picked":"Hello World","floor":4},{"not_picked":["Coolheaded","Hello World"],"picked":"Go for the Eyes","floor":5},{"not_picked":["Tempest","Steam","Turbo"],"picked":"SKIP","floor":6},{"not_picked":["Barrage","Gash"],"picked":"Creative AI","floor":7},{"not_picked":["Turbo","Melter","Compile Driver"],"picked":"SKIP","floor":12},{"not_picked":["Rebound","Hello World"],"picked":"Coolheaded","floor":14},{"not_picked":["Turbo","Beam Cell","Hello World"],"picked":"SKIP","floor":18},{"not_picked":["Cold Snap+1","Leap"],"picked":"Glacier","floor":21},{"not_picked":["Stack","Heatsinks"],"picked":"Conserve Battery","floor":22},{"not_picked":["Coolheaded","Beam Cell"],"picked":"All For One","floor":23},{"not_picked":["Static Discharge","Steam"],"picked":"Stack","floor":24},{"not_picked":["Tempest","Streamline"],"picked":"Glacier+1","floor":25},{"not_picked":["Steam","Chill"],"picked":"Hologram","floor":27},{"not_picked":["Echo Form","Turbo"],"picked":"Stack+1","floor":28},{"not_picked":["Barrage","Rebound"],"picked":"Conserve Battery","floor":29},{"not_picked":["Redo","Melter","Rebound"],"picked":"SKIP","floor":30},{"not_picked":["Ball Lightning","Undo","Redo"],"picked":"SKIP","floor":31},{"not_picked":["Genetic Algorithm","Aggregate+1","Compile Driver+1"],"picked":"SKIP","floor":35},{"not_picked":["Steam+1","White Noise"],"picked":"Stack+1","floor":36},{"not_picked":["Reprogram+1","Streamline+1"],"picked":"Conserve Battery+1","floor":38},{"not_picked":["Doom and Gloom+1","Steam","Core Surge"],"picked":"SKIP","floor":39}],"player_experience":209304,"relics_obtained":[{"floor":6,"key":"Art of War"},{"floor":9,"key":"Omamori"},{"floor":23,"key":"Centennial Puzzle"},{"floor":26,"key":"Whetstone"},{"floor":28,"key":"Meat on the Bone"},{"floor":31,"key":"Blood Vial"},{"floor":43,"key":"Darkstone Periapt"}],"event_choices":[{"damage_healed":0,"gold_gain":0,"player_choice":"Take Wound","damage_taken":0,"relics_obtained":["Golden Idol"],"max_hp_gain":0,"max_hp_loss":0,"event_name":"Golden Idol","floor":10,"gold_loss":0,"cards_obtained":["Injury"]},{"damage_healed":18,"gold_gain":0,"player_choice":"Healed","damage_taken":0,"max_hp_gain":0,"max_hp_loss":0,"event_name":"The Cleric","floor":13,"gold_loss":35},{"damage_healed":0,"gold_gain":100,"player_choice":"Pray","damage_taken":0,"max_hp_gain":0,"max_hp_loss":0,"event_name":"Golden Shrine","floor":19,"gold_loss":0},{"damage_healed":0,"gold_gain":100,"player_choice":"Pray","damage_taken":0,"max_hp_gain":0,"max_hp_loss":0,"event_name":"Golden Shrine","floor":37,"gold_loss":0},{"damage_healed":0,"gold_gain":0,"player_choice":"Bought 0 Potions","damage_taken":0,"max_hp_gain":0,"max_hp_loss":0,"event_name":"The Woman in Blue","floor":42,"gold_loss":0}],"is_beta":false,"boss_relics":[{"not_picked":["Runic Pyramid","Ectoplasm"],"picked":"Cursed Key"},{"not_picked":["Lizard Tail","Philosopher\u0027s Stone"],"picked":"Inserter"}],"items_purged_floors":[41],"is_endless":false,"potions_floor_spawned":[3,4,5,6,14,18,21,28,30,35,36,39],"killed_by":"Transient","ascension_level":2}