{"gold_per_floor":[111,123,142,142,158,158,189,206,233,165,200,200,200,218,218,292,292,305,319,77,88,49,49,63,63,88,103,130,130,150,161,161,238,238,251,251,251,264,274,274,122,122,201,221,221,233,251,264,264,264],"floor_reached":50,"playtime":2256,"items_purged":[],"score":875,"play_id":"56930b7f-cb56-4d3b-a774-5e00cd700a3f","local_time":"20180923084631","is_ascension_mode":true,"campfire_choices":[{"data":"Steam","floor":6.0,"key":"SMITH"},{"data":"Barrage","floor":12.0,"key":"SMITH"},{"data":"Beam Cell","floor":15.0,"key":"SMITH"},{"floor":23.0,"key":"REST"},{"floor":29.0,"key":"REST"},{"floor":32.0,"key":"REST"},{"floor":40,"key":"REST"},{"data":"Buffer","floor":45,"key":"SMITH"},{"floor":49,"key":"REST"}],"neow_cost":"TEN_PERCENT_HP_LOSS","seed_source_timestamp":0,"circlet_count":0,"master_deck":["Strike_B+1","Strike_B+1","Strike_B+1","Strike_B+1","Defend_B+1","Defend_B+1","Defend_B+1","Defend_B+1","Zap+1","Dualcast","AscendersBane","Rainbow+1","Ball Lightning","Capacitor","Steam+1","Biased Cognition","Barrage+1","Thunder Strike","Beam Cell+1","Buffer+1","White Noise","Bandage Up","Hologram","Tempest","BootSequence","Turbo+1","Stack","Leap","Creative AI","Undo","Amplify","Barrage+1","Go for the Eyes+1","Hologram"],"special_seed":0,"relics":["FrozenCore","Dream Catcher","Happy Flower","Vajra","GremlinMask","Sozu","War Paint","Strawberry","Smiling Mask","Pocketwatch","Regal Pillow","Singing Bowl"],"potions_floor_usage":[],"damage_taken":[{"damage":2.0,"enemies":"2 Louse","floor":1.0,"turns":2.0},{"damage":0.0,"enemies":"Cultist","floor":2.0,"turns":3.0},{"damage":7.0,"enemies":"Small Slimes","floor":3.0,"turns":3.0},{"damage":7.0,"enemies":"Looter","floor":5.0,"turns":3.0},{"damage":13.0,"enemies":"Gremlin Nob","floor":7.0,"turns":4.0},{"damage":0.0,"enemies":"Lots of Slimes","floor":8.0,"turns":1.0},{"damage":16.0,"enemies":"Lagavulin","floor":11.0,"turns":5.0},{"damage":0.0,"enemies":"Exordium Wildlife","floor":14.0,"turns":3.0},{"damage":0.0,"enemies":"Slime Boss","floor":16.0,"turns":5.0},{"damage":14.0,"enemies":"Chosen","floor":18.0,"turns":5.0},{"damage":31.0,"enemies":"2 Thieves","floor":19.0,"turns":4.0},{"damage":11.0,"enemies":"Snake Plant","floor":21.0,"turns":3.0},{"damage":0.0,"enemies":"Snecko","floor":24.0,"turns":5.0},{"damage":18.0,"enemies":"Centurion and Healer","floor":27.0,"turns":6.0},{"damage":34.0,"enemies":"Slavers","floor":28.0,"turns":3.0},{"damage":20.0,"enemies":"Snake Plant","floor":30.0,"turns":4.0},{"damage":25.0,"enemies":"Cultist and Chosen","floor":31.0,"turns":5.0},{"damage":28.0,"enemies":"Champ","floor":33.0,"turns":11.0},{"damage":48.0,"enemies":"3 Darklings","floor":35.0,"turns":6.0},{"damage":5.0,"enemies":"Mind Bloom Boss Battle","floor":36.0,"turns":7.0},{"damage":18.0,"enemies":"Orb Walker","floor":38.0,"turns":5.0},{"damage":16,"enemies":"3 Darklings","floor":39,"turns":8},{"damage":21,"enemies":"Spire Growth","floor":44,"turns":4},{"damage":4,"enemies":"Maw","floor":46,"turns":7},{"damage":0,"enemies":"Sphere and 2 Shapes","floor":47,"turns":3},{"damage":1,"enemies":"4 Shapes","floor":48,"turns":8},{"damage":77,"enemies":"Awakened One","floor":50,"turns":6}],"seed_played":"-7737607532762160447","potions_obtained":[{"floor":1.0,"key":"Explosive Potion"},{"floor":5.0,"key":"Block Potion"},{"floor":7.0,"key":"Swift Potion"},{"floor":11.0,"key":"PowerPotion"},{"floor":14.0,"key":"AttackPotion"}],"is_trial":false,"path_per_floor":["M","M","M","?","M","R","E","M","T","$","E","R","?","M","R","B",null,"M","M","$","M","$","R","M","?","T","M","E","R","M","M","R","B",null,"M","?","?","M","M","R","$","?","T","M","R","M","M","M","R"],"character_chosen":"DEFECT","items_purchased":["Thunder Strike","Bandage Up","War Paint","Tempest","Regal Pillow"],"campfire_rested":5,"item_purchase_floors":[10,20,20,22,41],"current_hp_per_floor":[66,66,59,59,59,59,53,53,53,53,44,44,44,44,44,51,64,57,33,33,29,29,49,56,56,63,56,29,51,38,17,39,22,62,25,38,38,24,12,34,34,66,66,47,47,47,49,54,72,0],"gold":264,"neow_bonus":"THREE_RARE_CARDS","is_prod":false,"is_daily":false,"chose_seed":false,"campfire_upgraded":4,"win_rate":0,"timestamp":1537706791,"path_taken":["M","M","M","?","M","R","E","M","T","$","E","R","?","M","R","BOSS","M","M","$","M","$","R","M","?","T","M","E","R","M","M","R","BOSS","M","?","?","M","M","R","$","?","T","M","R","M","M","M","R","BOSS"],"build_version":"2018-09-20","purchased_purges":0,"victory":false,"max_hp_per_floor":[68,68,68,68,68,68,68,68,68,68,68,68,68,68,68,68,68,68,68,68,68,68,68,68,68,75,75,75,75,75,75,75,75,75,75,75,75,75,75,75,75,66,66,68,68,68,70,72,72,72],"card_choices":[{"not_picked":["Fission","Multi-Cast"],"picked":"Rainbow","floor":0.0},{"not_picked":["BootSequence","Aggregate"],"picked":"Ball Lightning","floor":1.0},{"not_picked":["Sunder","Static Discharge"],"picked":"Capacitor","floor":2.0},{"not_picked":["Hello World","Hologram"],"picked":"Self Repair","floor":3.0},{"not_picked":["Gash","Fusion"],"picked":"Steam","floor":5.0},{"not_picked":["Compile Driver","Redo"],"picked":"Biased Cognition","floor":7.0},{"not_picked":["Darkness","Steam"],"picked":"Barrage","floor":8.0},{"not_picked":["Sweeping Beam","Coolheaded","Gash"],"picked":"SKIP","floor":11.0},{"not_picked":["White Noise","Redo"],"picked":"Beam Cell","floor":14.0},{"not_picked":["Creative AI","Hyperbeam"],"picked":"Buffer","floor":16.0},{"not_picked":["Leap","Coolheaded","Darkness"],"picked":"SKIP","floor":18.0},{"not_picked":["Steam","Heatsinks"],"picked":"White Noise","floor":19.0},{"not_picked":["Undo","Double Energy"],"picked":"Hologram","floor":21.0},{"not_picked":["Stack","Force Field"],"picked":"BootSequence","floor":23.0},{"not_picked":["Ball Lightning","Hologram","Coolheaded"],"picked":"SKIP","floor":24.0},{"not_picked":["Undo","Compile Driver","Coolheaded"],"picked":"SKIP","floor":27.0},{"not_picked":["Go for the Eyes","Tempest"],"picked":"Turbo+1","floor":28.0},{"not_picked":["Turbo","Rip and Tear"],"picked":"Stack","floor":29.0},{"not_picked":["Streamline","Hologram"],"picked":"Leap","floor":30.0},{"not_picked":["Redo","Sweeping Beam"],"picked":"Creative AI","floor":31.0},{"not_picked":["Cold Snap","Barrage"],"picked":"Undo","floor":32.0},{"not_picked":["Buffer","All For One"],"picked":"Amplify","floor":33.0},{"not_picked":["Barrage","Redo","Reprogram+1"],"picked":"SKIP","floor":35.0},{"not_picked":["Sweeping Beam","Stack"],"picked":"Barrage+1","floor":38.0},{"not_picked":["Gash","Loop","Redo"],"picked":"SKIP","floor":39},{"not_picked":["Rebound","Hello World","Hologram"],"picked":"Singing Bowl","floor":44},{"not_picked":["Reboot","Double Energy"],"picked":"Go for the Eyes+1","floor":46},{"not_picked":["Reprogram","Stack","Leap"],"picked":"Singing Bowl","floor":47},{"not_picked":["Beam Cell","Recycle","Double Energy"],"picked":"Singing Bowl","floor":48},{"not_picked":["Redo","Chaos"],"picked":"Hologram","floor":49}],"player_experience":572352,"relics_obtained":[{"floor":7.0,"key":"Dream Catcher"},{"floor":9.0,"key":"Happy Flower"},{"floor":11.0,"key":"Vajra"},{"floor":26.0,"key":"Strawberry"},{"floor":28.0,"key":"Smiling Mask"},{"floor":36.0,"key":"Pocketwatch"},{"floor":43,"key":"Singing Bowl"}],"event_choices":[{"event_name":"Upgrade Shrine","player_choice":"Upgraded","floor":4.0,"damage_taken":0.0},{"event_name":"FaceTrader","player_choice":"Trade","floor":13.0,"damage_taken":0.0},{"event_name":"Back to Basics","player_choice":"Simplicity","floor":25.0,"damage_taken":0.0},{"event_name":"MindBloom","player_choice":"Fight","floor":36.0,"damage_taken":0.0},{"event_name":"Falling","player_choice":"Removed Power","floor":37.0,"damage_taken":0.0},{"event_name":"The Moai Head","player_choice":"Heal","floor":42,"damage_taken":0}],"is_beta":false,"boss_relics":[{"not_picked":["Lizard Tail","Empty Cage"],"picked":"Sozu"},{"not_picked":["Philosopher\u0027s Stone","White Beast Statue"],"picked":"FrozenCore"}],"items_purged_floors":[],"is_endless":false,"potions_floor_spawned":[1,5,7,11,14,19,24,27,33,36,39,44,48],"killed_by":"Awakened One","ascension_level":13}