{"gold_per_floor":[14,31,50,50,64,99,49,49,49,49,77,89,102,120,120,215,215,215,215,215,8,8,8,8,8,8,8,8,8,8,8,8,8,8,8,8,8,0,0,0,0,0,0,0,0,0,0,0,0,0],"floor_reached":51,"playtime":2197,"items_purged":[],"score":975,"play_id":"f3725608-a4be-4049-a130-829cf24a111e","local_time":"20190321170733","is_ascension_mode":true,"campfire_choices":[{"data":"Sword Boomerang","floor":8.0,"key":"SMITH"},{"floor":15.0,"key":"REST"},{"floor":27.0,"key":"REST"},{"data":"Bash","floor":32.0,"key":"SMITH"},{"floor":41.0,"key":"REST"},{"floor":46,"key":"REST"},{"floor":49,"key":"REST"}],"neow_cost":"NO_GOLD","seed_source_timestamp":154412448320000,"circlet_count":0,"master_deck":["Strike_R","Strike_R","Strike_R","Defend_R","Defend_R","Defend_R","Defend_R","Bash+1","Carnage","Sword Boomerang+1","Rampage","Limit Break+1","Spot Weakness+1","Whirlwind+1","Shrug It Off+1","Fiend Fire+1","Flex+1","Flex+1","Burning Pact+1","Offering+1","Sword Boomerang+1","Sword Boomerang+1"],"special_seed":0,"relics":["Burning Blood","FossilizedHelix","Question Card","Toxic Egg 2","Molten Egg 2","Omamori","Ectoplasm","Bag of Preparation","Dodecahedron","Ice Cream","Nloth\u0027s Gift","Regal Pillow","Velvet Choker","Red Mask","Centennial Puzzle","Dead Branch","Turnip"],"potions_floor_usage":[44,44],"damage_taken":[{"damage":0.0,"enemies":"Cultist","floor":1.0,"turns":4.0},{"damage":0.0,"enemies":"Jaw Worm","floor":2.0,"turns":2.0},{"damage":0.0,"enemies":"2 Louse","floor":3.0,"turns":2.0},{"damage":6.0,"enemies":"Exordium Wildlife","floor":5.0,"turns":4.0},{"damage":30.0,"enemies":"3 Sentries","floor":6.0,"turns":5.0},{"damage":24.0,"enemies":"Gremlin Nob","floor":11.0,"turns":4.0},{"damage":12.0,"enemies":"Exordium Thugs","floor":12.0,"turns":3.0},{"damage":0.0,"enemies":"Blue Slaver","floor":13.0,"turns":2.0},{"damage":0.0,"enemies":"Looter","floor":14.0,"turns":2.0},{"damage":31.0,"enemies":"Slime Boss","floor":16.0,"turns":11.0},{"damage":0.0,"enemies":"Spheric Guardian","floor":18.0,"turns":3.0},{"damage":0.0,"enemies":"Shell Parasite","floor":19.0,"turns":2.0},{"damage":0.0,"enemies":"Sentry and Sphere","floor":22.0,"turns":3.0},{"damage":20.0,"enemies":"Gremlin Leader","floor":23.0,"turns":4.0},{"damage":6.0,"enemies":"Cultist and Chosen","floor":24.0,"turns":3.0},{"damage":7.0,"enemies":"Book of Stabbing","floor":29.0,"turns":2.0},{"damage":16.0,"enemies":"Snake Plant","floor":30.0,"turns":2.0},{"damage":0.0,"enemies":"Sentry and Sphere","floor":31.0,"turns":2.0},{"damage":14.0,"enemies":"Collector","floor":33.0,"turns":3.0},{"damage":26.0,"enemies":"3 Darklings","floor":35.0,"turns":3.0},{"damage":0.0,"enemies":"3 Shapes","floor":36.0,"turns":1.0},{"damage":8.0,"enemies":"Maw","floor":37.0,"turns":5.0},{"damage":0.0,"enemies":"3 Darklings","floor":39.0,"turns":1.0},{"damage":15.0,"enemies":"Giant Head","floor":40.0,"turns":5.0},{"damage":21.0,"enemies":"Jaw Worm Horde","floor":42.0,"turns":2.0},{"damage":50,"enemies":"Transient","floor":44,"turns":5},{"damage":0,"enemies":"Nemesis","floor":45,"turns":1},{"damage":16,"enemies":"Maw","floor":48,"turns":4},{"damage":66,"enemies":"Awakened One","floor":50,"turns":5}],"seed_played":"6201939187715167729","potions_obtained":[{"floor":1.0,"key":"Block Potion"},{"floor":2.0,"key":"AttackPotion"},{"floor":3.0,"key":"BloodPotion"},{"floor":19.0,"key":"Fire Potion"},{"floor":23.0,"key":"PowerPotion"},{"floor":29.0,"key":"FairyPotion"},{"floor":39.0,"key":"Poison Potion"},{"floor":40.0,"key":"Strength Potion"},{"floor":42.0,"key":"SkillPotion"},{"floor":44,"key":"Poison Potion"}],"is_trial":false,"path_per_floor":["M","M","M","?","M","E","?","R","T","?","E","M","M","M","R","B",null,"M","M","?","$","M","E","M","T","T","R","?","E","M","M","R","B",null,"M","M","M","?","M","E","R","M","T","M","E","R","?","M","R","B",null],"character_chosen":"IRONCLAD","items_purchased":["Flex+1","Bag of Preparation"],"campfire_rested":5,"item_purchase_floors":[21,21],"current_hp_per_floor":[80,80,80,73,73,49,49,49,49,42,32,26,32,38,62,37,69,75,80,80,80,80,66,66,66,66,80,80,79,69,75,75,67,77,57,63,61,61,67,58,80,65,65,21,27,66,66,56,80,20],"gold":0,"neow_bonus":"ONE_RARE_RELIC","is_prod":false,"is_daily":false,"chose_seed":false,"campfire_upgraded":2,"win_rate":0,"timestamp":1553159253,"path_taken":["M","?","M","?","M","E","?","R","T","?","E","M","M","M","R","BOSS","M","M","?","?","M","E","M","?","T","R","?","E","?","M","R","BOSS","M","M","M","?","M","E","R","M","T","M","E","R","?","?","R","BOSS"],"build_version":"2019-01-23","purchased_purges":0,"victory":true,"max_hp_per_floor":[80,80,80,80,80,80,80,80,80,80,80,80,80,80,80,80,80,80,80,80,80,80,80,80,80,80,80,80,80,80,80,80,80,80,80,80,80,80,80,80,80,80,80,80,80,80,80,80,80,80],"card_choices":[{"not_picked":["Bloodletting","Body Slam"],"picked":"Carnage","floor":1.0},{"not_picked":["Perfected Strike","True Grit"],"picked":"Sword Boomerang","floor":2.0},{"not_picked":["Headbutt","Armaments"],"picked":"Rampage","floor":3.0},{"not_picked":["Headbutt","Anger","Heavy Blade","Infernal Blade"],"picked":"SKIP","floor":5.0},{"not_picked":["Warcry","Anger","Sever Soul"],"picked":"Limit Break","floor":6.0},{"not_picked":["Clash+1","Shockwave+1","Twin Strike+1"],"picked":"Spot Weakness+1","floor":11.0},{"not_picked":["Heavy Blade+1","Wild Strike+1","Sword Boomerang+1"],"picked":"Whirlwind+1","floor":12.0},{"not_picked":["Infernal Blade+1","Armaments+1","Intimidate+1"],"picked":"Shrug It Off+1","floor":13.0},{"not_picked":["Wild Strike+1","Cleave+1","Combust","Clothesline+1"],"picked":"SKIP","floor":14.0},{"not_picked":["Demon Form","Bludgeon+1","Exhume+1"],"picked":"Fiend Fire+1","floor":16.0},{"not_picked":["Iron Wave+1","Clash+1","Blood for Blood+1","Armaments+1"],"picked":"SKIP","floor":18.0},{"not_picked":["Berserk","Heavy Blade+1","Armaments+1","Feel No Pain"],"picked":"SKIP","floor":19.0},{"not_picked":["Armaments+1","Thunderclap+1","Blood for Blood+1"],"picked":"Flex+1","floor":22.0},{"not_picked":["Dark Embrace","Shockwave+1","Metallicize"],"picked":"Burning Pact+1","floor":23.0},{"not_picked":["Cleave+1","Heavy Blade+1","Evolve","Body Slam+1"],"picked":"SKIP","floor":24.0},{"not_picked":["Sentinel+1","Havoc+1","Clash+1","Thunderclap+1"],"picked":"SKIP","floor":29.0},{"not_picked":["Anger+1","True Grit+1","Warcry+1"],"picked":"Offering+1","floor":30.0},{"not_picked":["Demon Form","Dual Wield+1","Twin Strike+1","Headbutt+1"],"picked":"SKIP","floor":31.0},{"not_picked":["Evolve","Havoc+1","Cleave+1","Wild Strike+1"],"picked":"SKIP","floor":35.0},{"not_picked":["Perfected Strike+1","Infernal Blade+1","Corruption+1","Wild Strike+1"],"picked":"SKIP","floor":36.0},{"not_picked":["Metallicize+1","Armaments+1","Sword Boomerang+1","Heavy Blade+1"],"picked":"SKIP","floor":37.0},{"not_picked":["Warcry+1","Pommel Strike+1","Wild Strike+1","Flame Barrier+1"],"picked":"SKIP","floor":39.0},{"not_picked":["Berserk","Bludgeon+1","Iron Wave+1","Flex+1"],"picked":"SKIP","floor":40.0},{"not_picked":["Cleave+1","True Grit+1","Feel No Pain+1","Second Wind+1"],"picked":"SKIP","floor":42.0},{"not_picked":["Entrench+1","Iron Wave+1","Impervious+1"],"picked":"Sword Boomerang+1","floor":44},{"not_picked":["Barricade","Ghostly Armor+1","Flex+1","Anger+1"],"picked":"SKIP","floor":45},{"not_picked":["Headbutt+1","Rupture","Havoc+1"],"picked":"Sword Boomerang+1","floor":48}],"player_experience":406229,"relics_obtained":[{"floor":6.0,"key":"Toxic Egg 2"},{"floor":9.0,"key":"Molten Egg 2"},{"floor":11.0,"key":"Omamori"},{"floor":23.0,"key":"Dodecahedron"},{"floor":25.0,"key":"Ice Cream"},{"floor":26.0,"key":"Potion Belt"},{"floor":29.0,"key":"Regal Pillow"},{"floor":40.0,"key":"Centennial Puzzle"},{"floor":43.0,"key":"Dead Branch"},{"floor":45,"key":"Turnip"}],"event_choices":[{"damage_healed":0.0,"max_hp_gain":0.0,"max_hp_loss":0.0,"gold_gain":0.0,"event_name":"Scrap Ooze","player_choice":"Success","floor":4.0,"gold_loss":0.0,"damage_taken":7.0,"relics_obtained":["Question Card"]},{"cards_removed":["Strike_R"],"damage_healed":0.0,"max_hp_gain":0.0,"max_hp_loss":0.0,"gold_gain":0.0,"event_name":"The Cleric","player_choice":"Card Removal","floor":7.0,"gold_loss":50.0,"damage_taken":0.0},{"cards_removed":["Strike_R"],"damage_healed":0.0,"max_hp_gain":0.0,"max_hp_loss":0.0,"gold_gain":0.0,"event_name":"Golden Wing","player_choice":"Card Removal","floor":10.0,"gold_loss":0.0,"damage_taken":7.0},{"damage_healed":0.0,"max_hp_gain":0.0,"max_hp_loss":0.0,"gold_gain":100.0,"event_name":"Golden Shrine","player_choice":"Pray","floor":20.0,"gold_loss":0.0,"damage_taken":0.0},{"damage_healed":0.0,"max_hp_gain":0.0,"max_hp_loss":0.0,"gold_gain":0.0,"event_name":"N\u0027loth","player_choice":"Traded Relic","floor":28.0,"relics_lost":["Potion Belt"],"gold_loss":0.0,"damage_taken":0.0,"relics_obtained":["Nloth\u0027s Gift"]},{"damage_healed":0.0,"max_hp_gain":0.0,"max_hp_loss":0.0,"gold_gain":0.0,"event_name":"Tomb of Lord Red Mask","player_choice":"Paid","floor":38.0,"gold_loss":8.0,"damage_taken":0.0,"relics_obtained":["Red Mask"]},{"damage_healed":0,"gold_gain":0,"player_choice":"Memory 1","damage_taken":0,"max_hp_gain":0,"max_hp_loss":0,"event_name":"SensoryStone","floor":47,"gold_loss":0}],"is_beta":false,"boss_relics":[{"not_picked":["Tiny House","Orrery"],"picked":"Ectoplasm"},{"not_picked":["White Beast Statue","Calling Bell"],"picked":"Velvet Choker"}],"items_purged_floors":[],"is_endless":false,"potions_floor_spawned":[1,2,3,19,23,29,39,40,42,44],"ascension_level":5}