{"gold_per_floor":[115,129,94,94,107,107,18,18,43,43,43,70,86,102,102,201,251,268,193,175,11,11,11,24,44,44,44,60,60],"floor_reached":29,"playtime":1264,"items_purged":[],"score":250,"play_id":"32e67205-4d7e-497a-96a2-29f8928509e2","local_time":"20190406134120","is_ascension_mode":false,"campfire_choices":[{"floor":6,"key":"RECALL"},{"floor":15,"key":"REST"},{"data":"Apotheosis","floor":23,"key":"SMITH"},{"floor":27,"key":"REST"}],"neow_cost":"NONE","seed_source_timestamp":245860038110647,"circlet_count":0,"master_deck":["Defend_B","Defend_B","Defend_B","Defend_B","Zap","Dualcast","Hologram","Genetic Algorithm+1","Turbo","Dramatic Entrance","Streamline+1","Consume","Melter+1","Meteor Strike+1","Chaos","Tempest","Rebound+1","Apotheosis+1","Bite+1","Bite+1","Bite+1","Bite+1","Bite+1","Ball Lightning+1","Reinforced Body","Defragment"],"relics":["Cracked Core","Centennial Puzzle","Happy Flower","Oddly Smooth Stone","Molten Egg 2","Mango","Tiny House"],"potions_floor_usage":[18,28,28],"damage_taken":[{"damage":8,"enemies":"Jaw Worm","floor":1,"turns":3},{"damage":12,"enemies":"Small Slimes","floor":2,"turns":3},{"damage":7,"enemies":"2 Louse","floor":5,"turns":2},{"damage":45,"enemies":"Gremlin Nob","floor":12,"turns":5},{"damage":0,"enemies":"2 Fungi Beasts","floor":13,"turns":2},{"damage":7,"enemies":"Blue Slaver","floor":14,"turns":2},{"damage":46,"enemies":"The Guardian","floor":16,"turns":9},{"damage":11,"enemies":"Chosen","floor":18,"turns":5},{"damage":14,"enemies":"2 Thieves","floor":20,"turns":4},{"damage":39,"enemies":"Shelled Parasite and Fungi","floor":24,"turns":5},{"damage":42,"enemies":"Snake Plant","floor":25,"turns":3},{"damage":14,"enemies":"Chosen and Byrds","floor":28,"turns":5},{"damage":58,"enemies":"Gremlin Leader","floor":29,"turns":6}],"seed_played":"7388152130326836171","potions_obtained":[{"floor":2,"key":"FocusPotion"},{"floor":5,"key":"Ancient Potion"},{"floor":16,"key":"Strength Potion"},{"floor":17,"key":"Fruit Juice"},{"floor":20,"key":"Poison Potion"},{"floor":24,"key":"Explosive Potion"},{"floor":28,"key":"FearPotion"}],"is_trial":false,"path_per_floor":["M","M","?","?","M","R","$","?","T","T","?","E","M","M","R","B",null,"M","?","M","$","?","R","M","M","T","R","M","E"],"character_chosen":"DEFECT","items_purchased":["Dramatic Entrance","Apotheosis"],"campfire_rested":2,"item_purchase_floors":[7,21],"current_hp_per_floor":[67,55,73,73,66,66,66,75,75,75,75,44,44,37,63,17,94,88,88,74,74,67,67,43,13,13,33,37,0],"gold":60,"neow_bonus":"RANDOM_COMMON_RELIC","is_prod":false,"is_daily":false,"chose_seed":false,"campfire_upgraded":1,"win_rate":0,"timestamp":1554583280,"path_taken":["M","M","?","?","M","R","$","?","T","?","?","E","M","M","R","BOSS","M","?","M","$","?","R","M","M","T","R","M","E"],"build_version":"2019-01-23","purchased_purges":0,"victory":false,"max_hp_per_floor":[75,75,75,75,75,75,75,75,75,75,75,89,89,89,89,89,94,99,96,96,96,67,67,67,67,67,67,67,67],"card_choices":[{"not_picked":["Conserve Battery","Coolheaded"],"picked":"Hologram","floor":1},{"not_picked":["Aggregate","Cold Snap"],"picked":"Genetic Algorithm","floor":2},{"not_picked":["Beam Cell","Recycle"],"picked":"Turbo","floor":5},{"not_picked":["Gash+1","Force Field"],"picked":"Streamline+1","floor":12},{"not_picked":["Reprogram","Cold Snap+1"],"picked":"Consume","floor":13},{"not_picked":["Aggregate","Ball Lightning+1"],"picked":"Melter+1","floor":14},{"not_picked":["Machine Learning","Core Surge+1"],"picked":"Meteor Strike+1","floor":16},{"not_picked":["Turbo","Redo"],"picked":"Chaos","floor":17},{"not_picked":["Turbo","Leap"],"picked":"Tempest","floor":18},{"not_picked":["Turbo","Compile Driver+1"],"picked":"Rebound+1","floor":20},{"not_picked":["Sweeping Beam+1","Skim"],"picked":"Ball Lightning+1","floor":24},{"not_picked":["Streamline+1","Ball Lightning+1"],"picked":"Reinforced Body","floor":25},{"not_picked":["Chaos+1","Reboot"],"picked":"Defragment","floor":28}],"player_experience":491911,"relics_obtained":[{"floor":9,"key":"Oddly Smooth Stone"},{"floor":10,"key":"Molten Egg 2"},{"floor":12,"key":"Mango"}],"event_choices":[{"damage_healed":18,"gold_gain":0,"player_choice":"Healed","damage_taken":0,"max_hp_gain":0,"max_hp_loss":0,"event_name":"The Cleric","floor":3,"gold_loss":35},{"damage_healed":0,"gold_gain":0,"player_choice":"Box","damage_taken":0,"relics_obtained":["Happy Flower"],"max_hp_gain":0,"max_hp_loss":0,"event_name":"Big Fish","floor":4,"gold_loss":0,"cards_obtained":["Regret"]},{"damage_healed":18,"gold_gain":0,"player_choice":"Healed and dodged fight","damage_taken":0,"max_hp_gain":0,"max_hp_loss":0,"event_name":"Mushrooms","floor":8,"gold_loss":0,"cards_obtained":["Parasite"]},{"cards_removed":["Regret"],"damage_healed":0,"gold_gain":0,"player_choice":"Forget","damage_taken":0,"max_hp_gain":0,"max_hp_loss":0,"event_name":"Living Wall","floor":11,"gold_loss":0},{"cards_removed":["Parasite"],"damage_healed":0,"gold_gain":0,"player_choice":"Gave Gold","damage_taken":0,"max_hp_gain":0,"max_hp_loss":0,"event_name":"Beggar","floor":19,"gold_loss":75},{"damage_healed":0,"gold_gain":0,"player_choice":"Became a vampire","damage_taken":0,"max_hp_gain":0,"max_hp_loss":29,"event_name":"Vampires","floor":22,"gold_loss":0,"cards_obtained":["Bite","Bite","Bite","Bite","Bite"]}],"is_beta":false,"boss_relics":[{"not_picked":["Lizard Tail","Black Star"],"picked":"Tiny House"}],"items_purged_floors":[],"is_endless":false,"potions_floor_spawned":[2,5,16,20,24,28],"killed_by":"Gremlin Leader","ascension_level":0}