{"gold_per_floor":[217,392,133,53,72,72,82,115,115,132,132,132,68,78,78,178,178,193,193,193,72,89,89,89,107,107,107],"floor_reached":27,"playtime":1499,"items_purged":["Doubt","Defend_B"],"score":268,"play_id":"b1f8748e-5a28-4b2f-a65f-cd63530be83f","local_time":"20180804012729","is_ascension_mode":true,"campfire_choices":[{"data":"Zap","floor":6,"key":"SMITH"},{"floor":15,"key":"REST"},{"data":"Coolheaded","floor":23,"key":"SMITH"}],"neow_cost":"NONE","seed_source_timestamp":1993733961811787,"circlet_count":0,"master_deck":["Zap+1","Dualcast","Coolheaded+1","Self Repair","Sweeping Beam","Self Repair","Capacitor","Seek","Lockon","Tempest","Skim+1","Redo+1","Force Field","Reprogram","Self Repair","Self Repair","Capacitor","BootSequence"],"relics":["Cracked Core","Membership Card","Bottled Flame","Bottled Tornado","Dead Branch","Pandora\u0027s Box","War Paint","NlothsMask"],"potions_floor_usage":[16,16,16,18,25],"damage_taken":[{"damage":0,"enemies":"Small Slimes","floor":1,"turns":3},{"damage":1,"enemies":"2 Louse","floor":5,"turns":2},{"damage":0,"enemies":"Jaw Worm","floor":7,"turns":4},{"damage":19,"enemies":"3 Sentries","floor":8,"turns":9},{"damage":25,"enemies":"Gremlin Gang","floor":10,"turns":3},{"damage":22,"enemies":"Looter","floor":14,"turns":4},{"damage":35,"enemies":"The Guardian","floor":16,"turns":14},{"damage":45,"enemies":"2 Thieves","floor":18,"turns":4},{"damage":33,"enemies":"Shell Parasite","floor":22,"turns":7},{"damage":15,"enemies":"Chosen and Byrds","floor":25,"turns":6},{"damage":38,"enemies":"Snecko","floor":27,"turns":4}],"seed_played":"5584721852542286804","potions_obtained":[{"floor":5,"key":"SneckoOil"},{"floor":10,"key":"GamblersBrew"},{"floor":14,"key":"Weak Potion"},{"floor":16,"key":"SkillPotion"},{"floor":18,"key":"AttackPotion"}],"is_trial":false,"path_per_floor":["M","?","$","$","M","R","M","E","T","M","?","?","$","M","R","B",null,"M","?","?","$","M","R","?","M","T"],"character_chosen":"DEFECT","items_purchased":["Membership Card","Self Repair","War Paint"],"campfire_rested":1,"item_purchase_floors":[3,13,21],"current_hp_per_floor":[75,75,75,75,74,74,74,62,62,37,30,30,30,22,44,23,75,37,37,37,37,32,32,32,38,38,0],"gold":107,"neow_bonus":"HUNDRED_GOLD","is_prod":false,"is_daily":false,"chose_seed":false,"campfire_upgraded":2,"win_rate":0,"timestamp":1533338849,"path_taken":["M","?","?","$","M","R","?","E","T","M","?","?","?","M","R","BOSS","M","?","?","$","M","R","?","M","T","M"],"build_version":"2018-08-02","purchased_purges":2,"victory":false,"max_hp_per_floor":[75,75,75,75,75,75,75,75,75,75,75,75,75,75,75,75,75,75,75,75,75,75,75,75,75,75,75],"card_choices":[{"not_picked":["Rebound","Go for the Eyes"],"picked":"Coolheaded","floor":1},{"not_picked":["Stack","Hologram"],"picked":"Self Repair","floor":5},{"not_picked":["Melter","White Noise","Genetic Algorithm"],"picked":"SKIP","floor":7},{"not_picked":["Blizzard","Reinforced Body"],"picked":"Sweeping Beam","floor":8},{"not_picked":["White Noise","Steam","Stack"],"picked":"SKIP","floor":10},{"not_picked":["Hello World","Double Energy"],"picked":"Capacitor","floor":14},{"not_picked":["Hyperbeam","Meteor Strike"],"picked":"Seek","floor":16},{"not_picked":["Barrage","Steam"],"picked":"Self Repair","floor":18},{"not_picked":["Recycle","Stack"],"picked":"Capacitor","floor":22},{"not_picked":["Leap+1","Static Discharge+1"],"picked":"BootSequence","floor":25}],"player_experience":354832,"relics_obtained":[{"floor":8,"key":"Bottled Flame"},{"floor":9,"key":"Bottled Tornado"}],"event_choices":[{"event_name":"Liars Game","player_choice":"agreed","floor":2,"damage_taken":0},{"event_name":"Golden Wing","player_choice":"Card Removal","floor":11,"damage_taken":0},{"event_name":"Dead Adventurer","player_choice":"Searched \u00271\u0027 times","floor":12,"damage_taken":0},{"event_name":"Duplicator","player_choice":"One dupe","floor":19,"damage_taken":0},{"event_name":"Cursed Tome","player_choice":"Ignored","floor":20,"damage_taken":0},{"event_name":"FaceTrader","player_choice":"Trade","floor":24,"damage_taken":0}],"is_beta":false,"boss_relics":[{"not_picked":["Busted Crown","Coffee Dripper"],"picked":"Pandora\u0027s Box"}],"items_purged_floors":[3,4],"is_endless":false,"potions_floor_spawned":[5,10,14,16,18],"killed_by":"Snecko","ascension_level":3}