{"gold_per_floor":[118,132,150,150,161,188,188,248,248,248,54,54,68,80,80,80],"floor_reached":16,"playtime":702,"items_purged":[],"score":134,"play_id":"e3e4affb-e2cb-4d11-9bcf-095bfa0700da","local_time":"20190213192154","is_ascension_mode":true,"campfire_choices":[{"data":"Consume","floor":7,"key":"SMITH"},{"floor":12,"key":"REST"},{"floor":15,"key":"REST"}],"neow_cost":"NONE","seed_source_timestamp":2034246443002,"circlet_count":0,"master_deck":["Strike_B","Strike_B","Strike_B","Strike_B","Defend_B","Defend_B","Defend_B","Defend_B","Zap","Dualcast","Beam Cell","Sweeping Beam","Ball Lightning","Consume+1","Beam Cell","Core Surge","Redo","Defragment","Loop"],"relics":["Cracked Core","Shuriken","Tiny Chest","Meat on the Bone","Omamori","Membership Card"],"potions_floor_usage":[6,6,14,16],"damage_taken":[{"damage":6,"enemies":"Cultist","floor":1,"turns":3},{"damage":9,"enemies":"Jaw Worm","floor":2,"turns":4},{"damage":0,"enemies":"2 Louse","floor":3,"turns":2},{"damage":15,"enemies":"2 Fungi Beasts","floor":5,"turns":3},{"damage":11,"enemies":"Gremlin Nob","floor":6,"turns":3},{"damage":25,"enemies":"3 Sentries","floor":8,"turns":4},{"damage":24,"enemies":"3 Louse","floor":13,"turns":3},{"damage":11,"enemies":"Looter","floor":14,"turns":3},{"damage":42,"enemies":"The Guardian","floor":16,"turns":5}],"seed_played":"8216338731891182483","potions_obtained":[{"floor":3,"key":"FocusPotion"},{"floor":5,"key":"Dexterity Potion"},{"floor":8,"key":"Dexterity Potion"},{"floor":14,"key":"LiquidBronze"}],"is_trial":false,"path_per_floor":["M","M","M","?","M","E","R","E","T","T","$","R","M","M","R","B"],"character_chosen":"DEFECT","items_purchased":["Membership Card"],"campfire_rested":2,"item_purchase_floors":[11],"current_hp_per_floor":[69,60,60,60,45,34,34,9,9,9,9,31,19,20,42,0],"gold":80,"neow_bonus":"THREE_CARDS","is_prod":false,"is_daily":false,"chose_seed":false,"campfire_upgraded":1,"win_rate":0,"timestamp":1550103714,"path_taken":["M","?","M","?","M","E","R","E","T","?","?","R","M","M","R","BOSS"],"build_version":"2019-01-23","purchased_purges":0,"victory":false,"max_hp_per_floor":[75,75,75,75,75,75,75,75,75,75,75,75,75,75,75,75],"card_choices":[{"not_picked":["Stack","Hologram"],"picked":"Beam Cell","floor":0},{"not_picked":["Genetic Algorithm","Conserve Battery"],"picked":"Sweeping Beam","floor":1},{"not_picked":["Hologram","Stack"],"picked":"Ball Lightning","floor":2},{"not_picked":["Static Discharge","Double Energy"],"picked":"Consume","floor":3},{"not_picked":["Skim","Double Energy"],"picked":"Beam Cell","floor":5},{"not_picked":["Cold Snap","Recycle"],"picked":"Core Surge","floor":6},{"not_picked":["Storm","Blizzard"],"picked":"Redo","floor":8},{"not_picked":["Go for the Eyes","Compile Driver"],"picked":"Defragment","floor":13},{"not_picked":["Cold Snap","Hello World"],"picked":"Loop","floor":14}],"player_experience":213814,"relics_obtained":[{"floor":6,"key":"Shuriken"},{"floor":8,"key":"Tiny Chest"},{"floor":9,"key":"Meat on the Bone"},{"floor":10,"key":"Omamori"}],"event_choices":[{"damage_healed":0,"gold_gain":0,"player_choice":"Leave","damage_taken":0,"max_hp_gain":0,"max_hp_loss":0,"event_name":"The Cleric","floor":4,"gold_loss":0}],"is_beta":false,"boss_relics":[],"items_purged_floors":[],"is_endless":false,"potions_floor_spawned":[3,5,8,14],"killed_by":"The Guardian","ascension_level":4}