{"path_per_floor":["M","?","M","M","M","R","E","R","T","M","?","M","R","E","R"],"character_chosen":"DEFECT","items_purchased":[],"gold_per_floor":[114,114,134,146,159,159,188,188,215,225,248,265,265,293,293,293],"floor_reached":16,"campfire_rested":1,"playtime":513,"current_hp_per_floor":[72,65,61,61,61,61,45,45,45,39,23,20,20,20,57,0],"items_purged":[],"gold":293,"score":151,"play_id":"85049824-b36e-4654-85ee-a658e42244e4","local_time":"20180509155151","is_prod":false,"is_daily":false,"chose_seed":false,"is_ascension_mode":true,"campfire_upgraded":3,"timestamp":1525895511,"path_taken":["BOSS","M","?","M","M","M","R","E","R","T","M","?","M","R","E","R","BOSS"],"build_version":"2018-05-08","seed_source_timestamp":0,"purchased_purges":0,"victory":false,"master_deck":["Strike_B","Strike_B","Strike_B","Strike_B","Defend_B","Defend_B","Defend_B","Defend_B","Zap+1","Dualcast","Scrape","Axe Kick+1","Genetic Algorithm","Beam Cell","Hologram","Buffer+1","Fusion"],"max_hp_per_floor":[75,75,75,75,75,75,75,75,75,75,75,75,75,75,75,75],"relics":["Cracked Core","Pen Nib","DataDisk","Juzu Bracelet","Odd Mushroom","Regal Pillow"],"card_choices":[{"not_picked":["Coolheaded","Axe Kick"],"picked":"Scrape","floor":1},{"not_picked":["Melter","Steam"],"picked":"Axe Kick","floor":4},{"not_picked":["Beam Cell","Heatsinks"],"picked":"Genetic Algorithm","floor":5},{"not_picked":["Skim","Steam"],"picked":"Beam Cell","floor":7},{"not_picked":["Capacitor","Streamline"],"picked":"Hologram","floor":10},{"not_picked":["Recycle","Reprogram"],"picked":"Buffer","floor":11},{"not_picked":["Double Energy","Cold Snap"],"picked":"Fusion","floor":14}],"player_experience":62237,"potions_floor_usage":[11,14],"damage_taken":[{"damage":3,"enemies":"2 Louse","floor":1,"turns":3},{"damage":4,"enemies":"Jaw Worm","floor":3,"turns":3},{"damage":0,"enemies":"Small Slimes","floor":4,"turns":2},{"damage":0,"enemies":"3 Louse","floor":5,"turns":3},{"damage":16,"enemies":"Gremlin Nob","floor":7,"turns":3},{"damage":6,"enemies":"Looter","floor":10,"turns":2},{"damage":25,"enemies":"The Mushroom Lair","floor":11,"turns":4},{"damage":3,"enemies":"Large Slime","floor":12,"turns":4},{"damage":0,"enemies":"Lagavulin","floor":14,"turns":4},{"damage":58,"enemies":"Hexaghost","floor":16,"turns":10}],"event_choices":[{"event_name":"Scrap Ooze","player_choice":"success","floor":2,"damage_taken":7},{"event_name":"Mushrooms","player_choice":"Fought Mushrooms","floor":11,"damage_taken":0}],"boss_relics":[],"potions_floor_spawned":[1,4,10,11],"seed_played":"-316612213661351534","killed_by":"Hexaghost","ascension_level":2,"is_trial":false}