{"gold_per_floor":[114,125,139,158,169,169,189,201,225,225,243,270,283,340,340,440,440,460,460,476,490,490,490,120,120,145,155,169,181,181,215,215,320,320,340,340,359,359,46,77,91,101,127,127,127,142,142,153,153,153],"floor_reached":51,"playtime":5606,"items_purged":["Tactician","Prepared"],"score":775,"play_id":"86bd03c3-4c72-407c-aa27-b9ab09c36b5d","local_time":"20181230231141","is_ascension_mode":true,"campfire_choices":[{"floor":6.0,"key":"RECALL"},{"floor":10.0,"key":"REST"},{"floor":15.0,"key":"REST"},{"floor":23,"key":"REST"},{"floor":25,"key":"REST"},{"data":"Catalyst","floor":30,"key":"SMITH"},{"floor":32,"key":"REST"},{"floor":45,"key":"REST"},{"floor":47,"key":"REST"},{"floor":49,"key":"REST"}],"neow_cost":"NONE","seed_source_timestamp":0,"circlet_count":0,"master_deck":["Defend_G","Defend_G","Defend_G","Defend_G","Defend_G","Strike_G","Strike_G","Strike_G","Survivor","Neutralize","Deadly Poison","Sucker Punch","Well Laid Plans","Deadly Poison","Flying Knee","PiercingWail","Crippling Poison+1","Envenom","Catalyst+1","Flying Knee","Poisoned Stab+1","Deadly Poison","Sucker Punch+1","Deep Breath","Deadly Poison","Corpse Explosion"],"special_seed":0,"relics":["Philosopher\u0027s Stone","Boot","FossilizedHelix","Velvet Choker","Thread and Needle","Vajra","Centennial Puzzle","Lizard Tail","Strange Spoon","Oddly Smooth Stone","Anchor"],"potions_floor_usage":[21,21,27,33,33,40,41,48,50],"damage_taken":[{"damage":1.0,"enemies":"Cultist","floor":1.0,"turns":5.0},{"damage":0.0,"enemies":"2 Louse","floor":2.0,"turns":3.0},{"damage":0.0,"enemies":"Small Slimes","floor":3.0,"turns":3.0},{"damage":7.0,"enemies":"3 Louse","floor":4.0,"turns":3.0},{"damage":11.0,"enemies":"Exordium Wildlife","floor":5.0,"turns":5.0},{"damage":10.0,"enemies":"Red Slaver","floor":7.0,"turns":3.0},{"damage":5.0,"enemies":"Large Slime","floor":8.0,"turns":7.0},{"damage":7.0,"enemies":"3 Louse","floor":11.0,"turns":3.0},{"damage":8.0,"enemies":"Lagavulin","floor":12.0,"turns":7.0},{"damage":15.0,"enemies":"Exordium Wildlife","floor":13.0,"turns":5.0},{"damage":6.0,"enemies":"Lagavulin Event","floor":14.0,"turns":7.0},{"damage":10.0,"enemies":"The Guardian","floor":16.0,"turns":10.0},{"damage":4.0,"enemies":"Chosen","floor":18.0,"turns":6.0},{"damage":34.0,"enemies":"2 Thieves","floor":20.0,"turns":5.0},{"damage":0,"enemies":"Snake Plant","floor":21,"turns":4},{"damage":0,"enemies":"Centurion and Healer","floor":27,"turns":6},{"damage":0,"enemies":"Snecko","floor":28,"turns":5},{"damage":8,"enemies":"Cultist and Chosen","floor":29,"turns":8},{"damage":9,"enemies":"Gremlin Leader","floor":31,"turns":7},{"damage":69,"enemies":"Collector","floor":33,"turns":9},{"damage":0,"enemies":"3 Shapes","floor":35,"turns":8},{"damage":19,"enemies":"Orb Walker","floor":37,"turns":5},{"damage":34,"enemies":"Giant Head","floor":40,"turns":8},{"damage":22,"enemies":"Jaw Worm Horde","floor":41,"turns":5},{"damage":2,"enemies":"Sphere and 2 Shapes","floor":42,"turns":6},{"damage":30,"enemies":"Transient","floor":46,"turns":5},{"damage":0,"enemies":"Jaw Worm Horde","floor":48,"turns":4},{"damage":47,"enemies":"Donu and Deca","floor":50,"turns":6}],"seed_played":"-7587356277015520935","potions_obtained":[{"floor":3.0,"key":"Explosive Potion"},{"floor":4.0,"key":"Swift Potion"},{"floor":7.0,"key":"GhostInAJar"},{"floor":12.0,"key":"SpeedPotion"},{"floor":13.0,"key":"SpeedPotion"},{"floor":14.0,"key":"GhostInAJar"},{"floor":18.0,"key":"SpeedPotion"},{"floor":21,"key":"SpeedPotion"},{"floor":27,"key":"Dexterity Potion"},{"floor":29,"key":"FairyPotion"},{"floor":33,"key":"Poison Potion"},{"floor":40,"key":"SpeedPotion"},{"floor":41,"key":"SpeedPotion"},{"floor":46,"key":"Swift Potion"}],"is_trial":false,"path_per_floor":["M","M","M","M","M","R","M","M","T","R","M","E","M","?","R","B",null,"M","?","M","M","?","R","$","R","T","M","M","M","R","E","R","B",null,"M","?","M","?","$","E","M","M","T","?","R","M","R","M","R","B",null],"character_chosen":"THE_SILENT","items_purchased":["Thread and Needle","Deadly Poison","Strange Spoon"],"campfire_rested":8,"item_purchase_floors":[24,39,39],"current_hp_per_floor":[69,69,69,62,51,51,41,36,36,57,50,42,27,21,42,32,70,66,53,19,19,19,41,41,63,63,63,63,55,55,46,68,7,75,75,75,56,56,56,22,37,35,35,35,57,27,49,49,71,24],"gold":153,"neow_bonus":"BOSS_RELIC","is_prod":false,"is_daily":false,"chose_seed":false,"campfire_upgraded":1,"win_rate":0,"timestamp":1546229501,"path_taken":["M","M","?","?","?","R","M","M","T","R","?","E","M","?","R","BOSS","M","?","M","M","?","R","?","R","T","M","M","M","R","E","R","BOSS","M","?","M","?","$","E","?","M","T","?","R","M","R","M","R","BOSS"],"build_version":"2018-12-20","purchased_purges":2,"victory":true,"max_hp_per_floor":[70,70,70,70,70,70,70,70,70,70,70,70,70,70,70,70,70,70,75,75,75,75,75,75,75,75,75,75,75,75,75,75,75,75,75,75,75,75,75,75,75,75,75,75,75,75,75,75,75,75],"card_choices":[{"not_picked":["Dagger Throw","Endless Agony"],"picked":"Sucker Punch","floor":1.0},{"not_picked":["Sucker Punch","Reflex"],"picked":"Deadly Poison","floor":2.0},{"not_picked":["Terror","Distraction"],"picked":"Prepared","floor":3.0},{"not_picked":["Flying Knee","Heel Hook"],"picked":"Sucker Punch","floor":4.0},{"not_picked":["Backflip","Choke"],"picked":"Well Laid Plans","floor":5.0},{"not_picked":["Backstab","Envenom","Terror"],"picked":"SKIP","floor":7.0},{"not_picked":["Slice","Dagger Spray","Distraction"],"picked":"SKIP","floor":8.0},{"not_picked":["Dagger Spray","Flechettes"],"picked":"Deadly Poison","floor":11.0},{"not_picked":["Footwork","Expertise"],"picked":"Flying Knee","floor":12.0},{"not_picked":["Outmaneuver","Blur"],"picked":"PiercingWail","floor":13.0},{"not_picked":["Burst","Underhanded Strike"],"picked":"Crippling Poison","floor":14.0},{"not_picked":["Glass Knife","After Image"],"picked":"Envenom","floor":16.0},{"not_picked":["Dagger Spray","Dagger Throw","Calculated Gamble+1"],"picked":"SKIP","floor":18.0},{"not_picked":["Backflip+1","Sucker Punch"],"picked":"Catalyst","floor":20.0},{"not_picked":["Slice","Outmaneuver","Well Laid Plans"],"picked":"SKIP","floor":21},{"not_picked":["Cloak And Dagger+1","Finisher+1","Sucker Punch"],"picked":"SKIP","floor":27},{"not_picked":["Flying Knee","Flechettes","Dagger Spray"],"picked":"SKIP","floor":28},{"not_picked":["Tools of the Trade","Riddle With Holes+1"],"picked":"Poisoned Stab+1","floor":29},{"not_picked":["Dodge and Roll","Backflip","Bullet Time"],"picked":"SKIP","floor":31},{"not_picked":["Tactician","Dagger Throw","Dagger Spray"],"picked":"SKIP","floor":35},{"not_picked":["Backflip","Reflex","Riddle With Holes"],"picked":"SKIP","floor":37},{"not_picked":["Backstab","Reflex","Underhanded Strike+1"],"picked":"SKIP","floor":40},{"not_picked":["Dagger Throw+1","Tactician+1","Caltrops+1"],"picked":"SKIP","floor":41},{"not_picked":["Dagger Throw+1","Distraction+1"],"picked":"Sucker Punch+1","floor":42},{"not_picked":["Panacea","Bandage Up"],"picked":"Deep Breath","floor":44},{"not_picked":["Deflect","Dodge and Roll+1"],"picked":"Deadly Poison","floor":46},{"not_picked":["Cloak And Dagger","Dagger Throw+1"],"picked":"Corpse Explosion","floor":48}],"player_experience":77802,"relics_obtained":[{"floor":12.0,"key":"Boot"},{"floor":14.0,"key":"FossilizedHelix"},{"floor":26,"key":"Vajra"},{"floor":31,"key":"Centennial Puzzle"},{"floor":40,"key":"Oddly Smooth Stone"},{"floor":43,"key":"Anchor"}],"event_choices":[{"damage_healed":0.0,"max_hp_gain":0.0,"max_hp_loss":0.0,"gold_gain":0.0,"event_name":"Dead Adventurer","player_choice":"Searched \u00272\u0027 times","floor":14.0,"gold_loss":0.0,"damage_taken":0.0},{"damage_healed":0.0,"max_hp_gain":5.0,"max_hp_loss":0.0,"gold_gain":0.0,"event_name":"Forgotten Altar","player_choice":"Shed Blood","floor":19.0,"gold_loss":0.0,"damage_taken":18.0},{"damage_healed":0,"gold_gain":0,"cards_transformed":["Strike_G","Strike_G"],"player_choice":"Became Test Subject","damage_taken":0,"max_hp_gain":0,"max_hp_loss":0,"event_name":"Drug Dealer","floor":22,"gold_loss":0,"cards_obtained":["Flying Knee","Tactician"]},{"cards_removed":["Sucker Punch"],"damage_healed":0,"gold_gain":0,"player_choice":"Removed Attack","damage_taken":0,"max_hp_gain":0,"max_hp_loss":0,"event_name":"Falling","floor":36,"gold_loss":0},{"damage_healed":0,"gold_gain":0,"player_choice":"Forge","damage_taken":0,"max_hp_gain":0,"max_hp_loss":0,"event_name":"Accursed Blacksmith","floor":38,"gold_loss":0,"cards_upgraded":["Crippling Poison"]},{"damage_healed":0,"gold_gain":0,"player_choice":"Memory 1","damage_taken":0,"max_hp_gain":0,"max_hp_loss":0,"event_name":"SensoryStone","floor":44,"gold_loss":0}],"is_beta":false,"boss_relics":[{"not_picked":["Fusion Hammer","Astrolabe"],"picked":"Velvet Choker"},{"not_picked":["Snecko Eye","Empty Cage"],"picked":"Lizard Tail"}],"items_purged_floors":[24,39],"is_endless":false,"potions_floor_spawned":[3,4,7,12,13,14,16,18,21,27,29,31,33,40,41,46],"ascension_level":2}