{"gold_per_floor":[110,110,185,185,33,33,68,68,68,98,114,129,141,159,159,256,256,267,25,25,25,25,57,57,72,72,90,90,90,125,125,125,230,280,299,318,318,318,318],"floor_reached":39,"playtime":1717,"items_purged":["Defend_G"],"score":468,"play_id":"66c1671f-402c-4d8a-a3bc-205c71e4041f","local_time":"20190506115950","is_ascension_mode":true,"campfire_choices":[{"data":"Noxious Fumes","floor":6,"key":"SMITH"},{"floor":8,"key":"REST"},{"floor":15,"key":"REST"},{"floor":24,"key":"REST"},{"floor":28,"key":"REST"},{"floor":32,"key":"REST"}],"neow_cost":"NONE","seed_source_timestamp":151229309593900,"circlet_count":0,"master_deck":["Defend_G","Defend_G","Defend_G","Defend_G","Strike_G","Strike_G","Strike_G","Strike_G","Strike_G","Survivor","Neutralize","Poisoned Stab","Noxious Fumes+1","Night Terror","Poisoned Stab","Leg Sweep+1","Backstab","Deadly Poison","Bouncing Flask","Corpse Explosion+1","Deadly Poison","Escape Plan","Infinite Blades","Bouncing Flask","Envenom","Backstab","Dramatic Entrance"],"relics":["Eternal Feather","Kunai","PreservedInsect","Dodecahedron","Regal Pillow","Runic Pyramid","Gremlin Horn","Ornamental Fan","Sundial","Dream Catcher","Nloth\u0027s Gift","Tiny House"],"potions_floor_usage":[13,16,16,23,25,30,36,36,39],"damage_taken":[{"damage":8,"enemies":"Jaw Worm","floor":1,"turns":6},{"damage":27,"enemies":"Lagavulin","floor":7,"turns":6},{"damage":19,"enemies":"3 Sentries","floor":10,"turns":6},{"damage":7,"enemies":"2 Louse","floor":11,"turns":3},{"damage":0,"enemies":"Cultist","floor":12,"turns":4},{"damage":9,"enemies":"2 Fungi Beasts","floor":13,"turns":2},{"damage":10,"enemies":"Red Slaver","floor":14,"turns":3},{"damage":26,"enemies":"Hexaghost","floor":16,"turns":8},{"damage":0,"enemies":"Chosen","floor":18,"turns":4},{"damage":42,"enemies":"Book of Stabbing","floor":23,"turns":6},{"damage":23,"enemies":"3 Byrds","floor":25,"turns":3},{"damage":22,"enemies":"Centurion and Healer","floor":27,"turns":5},{"damage":43,"enemies":"Slavers","floor":30,"turns":3},{"damage":73,"enemies":"Automaton","floor":33,"turns":12},{"damage":41,"enemies":"Orb Walker","floor":35,"turns":5},{"damage":25,"enemies":"3 Darklings","floor":36,"turns":2},{"damage":38,"enemies":"Jaw Worm Horde","floor":39,"turns":3}],"seed_played":"6516108305215244533","potions_obtained":[{"floor":1,"key":"Fire Potion"},{"floor":7,"key":"SteroidPotion"},{"floor":10,"key":"Poison Potion"},{"floor":14,"key":"Ancient Potion"},{"floor":23,"key":"Block Potion"},{"floor":27,"key":"Energy Potion"},{"floor":33,"key":"LiquidBronze"},{"floor":34,"key":"FearPotion"},{"floor":35,"key":"Regen Potion"}],"is_trial":false,"path_per_floor":["M","?","?","T","$","R","E","R","T","E","M","M","M","M","R","B",null,"M","$","?","?","T","E","R","M","T","M","R","?","E","?","R","B",null,"M","M","?","?","M"],"character_chosen":"THE_SILENT","items_purchased":["Noxious Fumes","Gremlin Horn"],"campfire_rested":5,"item_purchase_floors":[5,19],"current_hp_per_floor":[62,67,56,56,56,62,35,63,63,44,37,37,28,18,64,38,75,75,75,75,75,75,33,75,52,52,30,75,75,32,32,75,2,80,39,23,23,23,0],"gold":318,"neow_bonus":"BOSS_RELIC","is_prod":false,"is_daily":false,"chose_seed":false,"campfire_upgraded":1,"win_rate":0,"timestamp":1557158390,"path_taken":["M","?","?","?","?","R","E","R","T","E","M","M","M","M","R","BOSS","M","$","?","?","?","E","R","M","T","?","R","?","E","?","R","BOSS","M","M","?","?","M"],"build_version":"2019-01-23","purchased_purges":1,"victory":false,"max_hp_per_floor":[70,75,75,75,75,75,75,75,75,75,75,75,75,75,75,75,75,75,75,75,75,75,75,75,75,75,75,75,75,75,75,75,75,80,80,80,80,80,80],"card_choices":[{"not_picked":["Accuracy","Dodge and Roll"],"picked":"Poisoned Stab","floor":1},{"not_picked":["Deflect","Finisher"],"picked":"Night Terror","floor":7},{"not_picked":["Masterful Stab","Cloak And Dagger"],"picked":"Poisoned Stab","floor":10},{"not_picked":["Outmaneuver","PiercingWail"],"picked":"Leg Sweep","floor":11},{"not_picked":["Expertise","Underhanded Strike"],"picked":"Backstab","floor":12},{"not_picked":["Dagger Throw","Deflect"],"picked":"Deadly Poison","floor":13},{"not_picked":["Prepared","Flying Knee"],"picked":"Bouncing Flask","floor":14},{"not_picked":["Adrenaline","Die Die Die"],"picked":"Corpse Explosion","floor":16},{"not_picked":["Riddle With Holes","Poisoned Stab"],"picked":"Deadly Poison","floor":18},{"not_picked":["Expertise","Quick Slash","Choke"],"picked":"SKIP","floor":23},{"not_picked":["Dagger Spray","Prepared"],"picked":"Escape Plan","floor":25},{"not_picked":["Bane","Deflect","Dagger Throw"],"picked":"SKIP","floor":27},{"not_picked":["Night Terror","Outmaneuver","Heel Hook"],"picked":"SKIP","floor":30},{"not_picked":["Backflip+1","Prepared"],"picked":"Bouncing Flask","floor":32},{"not_picked":["Malaise","A Thousand Cuts"],"picked":"Envenom","floor":33},{"not_picked":["Bane","Underhanded Strike+1"],"picked":"Backstab","floor":35},{"not_picked":["All Out Attack","PiercingWail","Outmaneuver+1"],"picked":"SKIP","floor":36},{"not_picked":["Forethought","Mind Blast"],"picked":"Dramatic Entrance","floor":37}],"player_experience":112442,"relics_obtained":[{"floor":4,"key":"Kunai"},{"floor":7,"key":"PreservedInsect"},{"floor":9,"key":"Dodecahedron"},{"floor":10,"key":"Regal Pillow"},{"floor":22,"key":"Ornamental Fan"},{"floor":23,"key":"Mercury Hourglass"},{"floor":26,"key":"Sundial"},{"floor":30,"key":"Dream Catcher"}],"event_choices":[{"damage_healed":0,"gold_gain":0,"player_choice":"Donut","damage_taken":0,"max_hp_gain":5,"max_hp_loss":0,"event_name":"Big Fish","floor":2,"gold_loss":0},{"damage_healed":0,"gold_gain":75,"player_choice":"Gather Gold","damage_taken":11,"max_hp_gain":0,"max_hp_loss":0,"event_name":"World of Goop","floor":3,"gold_loss":0},{"damage_healed":0,"gold_gain":0,"player_choice":"Ignored","damage_taken":0,"max_hp_gain":0,"max_hp_loss":0,"event_name":"Cursed Tome","floor":20,"gold_loss":0},{"damage_healed":0,"gold_gain":0,"player_choice":"Ignored","damage_taken":0,"max_hp_gain":0,"max_hp_loss":0,"event_name":"Ghosts","floor":21,"gold_loss":0},{"damage_healed":0,"gold_gain":0,"player_choice":"Read","damage_taken":0,"max_hp_gain":0,"max_hp_loss":0,"event_name":"The Library","floor":29,"gold_loss":0,"cards_obtained":["Infinite Blades"]},{"damage_healed":0,"gold_gain":0,"player_choice":"Traded Relic","damage_taken":0,"relics_obtained":["Nloth\u0027s Gift"],"max_hp_gain":0,"max_hp_loss":0,"event_name":"N\u0027loth","floor":31,"relics_lost":["Mercury Hourglass"],"gold_loss":0},{"damage_healed":0,"gold_gain":0,"player_choice":"Memory 1","damage_taken":0,"max_hp_gain":0,"max_hp_loss":0,"event_name":"SensoryStone","floor":37,"gold_loss":0},{"damage_healed":0,"gold_gain":0,"player_choice":"Upgraded","damage_taken":0,"max_hp_gain":0,"max_hp_loss":0,"event_name":"Upgrade Shrine","floor":38,"gold_loss":0,"cards_upgraded":["Leg Sweep"]}],"is_beta":false,"boss_relics":[{"not_picked":["WristBlade","Black Star"],"picked":"Runic Pyramid"},{"not_picked":["Runic Dome","White Beast Statue"],"picked":"Tiny House"}],"items_purged_floors":[5],"is_endless":false,"potions_floor_spawned":[1,7,10,14,23,27,33,35],"killed_by":"Jaw Worm Horde","ascension_level":2}