{"gold_per_floor":[116,41,41,41,41,79,79,114,162,162,162,177,177,193,193,291,291,306,263,263],"floor_reached":20,"playtime":510,"items_purged":[],"score":356,"play_id":"ba903a51-0b37-4d6c-9391-af3a81dae276","local_time":"20190415141116","is_ascension_mode":true,"campfire_choices":[{"data":"Wraith Form v2","floor":7,"key":"SMITH"},{"data":"A Thousand Cuts","floor":10,"key":"SMITH"},{"data":"Neutralize","floor":13,"key":"SMITH"},{"data":"Deadly Poison","floor":15,"key":"SMITH"}],"neow_cost":"CURSE","seed_source_timestamp":419324535069766,"circlet_count":0,"master_deck":["AscendersBane","Defend_G","Defend_G","Defend_G","Defend_G","Strike_G","Strike_G","Strike_G","Strike_G","Survivor","Neutralize+1","Glass Knife+1","Wraith Form v2+1","Deadly Poison","Injury","Calculated Gamble","A Thousand Cuts+1","Parasite","Dash","Deadly Poison+1","Adrenaline","Poisoned Stab+1","Footwork"],"relics":["Ring of the Snake","Golden Idol","Boot","Blue Candle","PreservedInsect","Eternal Feather"],"potions_floor_usage":[14],"damage_taken":[{"damage":0,"enemies":"Jaw Worm","floor":1,"turns":4},{"damage":8,"enemies":"Gremlin Nob","floor":6,"turns":5},{"damage":23,"enemies":"3 Sentries","floor":8,"turns":9},{"damage":7,"enemies":"2 Louse","floor":12,"turns":3},{"damage":0,"enemies":"Small Slimes","floor":14,"turns":2},{"damage":29,"enemies":"Slime Boss","floor":16,"turns":10},{"damage":32,"enemies":"3 Byrds","floor":18,"turns":4}],"seed_played":"-691652209269095813","potions_obtained":[{"floor":12,"key":"Explosive Potion"}],"is_trial":false,"path_per_floor":["M","?","?","?","?","E","R","E","T","R","?","M","R","M","R","B",null,"M","$","?"],"character_chosen":"THE_SILENT","items_purchased":["Footwork"],"campfire_rested":0,"item_purchase_floors":[19],"current_hp_per_floor":[59,59,59,59,59,51,51,28,28,28,44,37,37,37,37,8,52,20,20,0],"gold":263,"neow_bonus":"TRANSFORM_TWO_CARDS","is_prod":false,"is_daily":false,"chose_seed":false,"campfire_upgraded":4,"win_rate":0,"timestamp":1555351876,"path_taken":["M","?","?","?","?","E","R","E","T","R","?","M","R","M","R","BOSS","M","$","?"],"build_version":"2019-01-23","purchased_purges":0,"victory":false,"max_hp_per_floor":[66,66,66,66,66,66,66,66,66,66,66,66,66,66,66,66,66,66,66,66],"card_choices":[{"not_picked":["Underhanded Strike","Escape Plan"],"picked":"Deadly Poison","floor":1},{"not_picked":["Deadly Poison","Concentrate"],"picked":"Calculated Gamble","floor":6},{"not_picked":["Catalyst","Acrobatics"],"picked":"A Thousand Cuts","floor":8},{"not_picked":["Prepared","Bane"],"picked":"Dash","floor":12},{"not_picked":["Blade Dance","Cloak And Dagger"],"picked":"Deadly Poison","floor":14},{"not_picked":["Phantasmal Killer","Unload"],"picked":"Adrenaline","floor":16},{"not_picked":["Deadly Poison","Caltrops"],"picked":"Poisoned Stab+1","floor":18}],"player_experience":895058,"relics_obtained":[{"floor":6,"key":"Boot"},{"floor":8,"key":"Blue Candle"},{"floor":9,"key":"PreservedInsect"}],"event_choices":[{"cards_removed":["Decay"],"damage_healed":0,"gold_gain":0,"player_choice":"Card Removal","damage_taken":0,"max_hp_gain":0,"max_hp_loss":0,"event_name":"The Cleric","floor":2,"gold_loss":75},{"damage_healed":0,"gold_gain":0,"player_choice":"Fled","damage_taken":0,"max_hp_gain":0,"max_hp_loss":0,"event_name":"Scrap Ooze","floor":3,"gold_loss":0},{"damage_healed":0,"gold_gain":0,"player_choice":"Take Wound","damage_taken":0,"relics_obtained":["Golden Idol"],"max_hp_gain":0,"max_hp_loss":0,"event_name":"Golden Idol","floor":4,"gold_loss":0,"cards_obtained":["Injury"]},{"damage_healed":0,"gold_gain":0,"player_choice":"Grow","damage_taken":0,"max_hp_gain":0,"max_hp_loss":0,"event_name":"Living Wall","floor":5,"gold_loss":0,"cards_upgraded":["Glass Knife"]},{"damage_healed":16,"gold_gain":0,"player_choice":"Healed and dodged fight","damage_taken":0,"max_hp_gain":0,"max_hp_loss":0,"event_name":"Mushrooms","floor":11,"gold_loss":0,"cards_obtained":["Parasite"]}],"is_beta":false,"boss_relics":[{"not_picked":["Black Star","Velvet Choker"],"picked":"Eternal Feather"}],"items_purged_floors":[],"is_endless":false,"potions_floor_spawned":[12],"ascension_level":20}