{"gold_per_floor":[116,136,150,163,163,163,176,211,211,3,3,13,44,57,57,57],"floor_reached":16,"playtime":726,"items_purged":[],"score":120,"play_id":"30c54984-e4c1-4162-a5b3-4da5d8b63b8b","local_time":"20180803210423","is_ascension_mode":true,"campfire_choices":[{"floor":6,"key":"REST"},{"floor":11,"key":"REST"},{"floor":15,"key":"REST"}],"neow_cost":"","seed_source_timestamp":453990619025311,"circlet_count":0,"master_deck":["Strike_R","Strike_R","Strike_R","Strike_R","Strike_R","Defend_R","Defend_R","Defend_R","Bash","Warcry","Headbutt","Flex","Infernal Blade","Pommel Strike","Uppercut","Shockwave","Armaments","Disarm"],"relics":["Burning Blood","Dodecahedron","Bottled Lightning","Sling","Darkstone Periapt"],"potions_floor_usage":[4,16,16],"damage_taken":[{"damage":1,"enemies":"Cultist","floor":1,"turns":3},{"damage":7,"enemies":"2 Louse","floor":2,"turns":2},{"damage":3,"enemies":"Jaw Worm","floor":3,"turns":4},{"damage":29,"enemies":"Exordium Wildlife","floor":4,"turns":6},{"damage":11,"enemies":"Red Slaver","floor":7,"turns":3},{"damage":39,"enemies":"Gremlin Nob","floor":8,"turns":5},{"damage":32,"enemies":"Gremlin Gang","floor":12,"turns":4},{"damage":26,"enemies":"Lagavulin","floor":13,"turns":4},{"damage":7,"enemies":"3 Louse","floor":14,"turns":2},{"damage":37,"enemies":"The Guardian","floor":16,"turns":6}],"seed_played":"7852679496901514105","potions_obtained":[{"floor":1,"key":"PowerPotion"},{"floor":13,"key":"Energy Potion"},{"floor":14,"key":"SteroidPotion"}],"is_trial":false,"path_per_floor":["M","M","M","M","?","R","M","E","T","$","R","M","E","M","R"],"character_chosen":"IRONCLAD","items_purchased":["Sling"],"campfire_rested":3,"item_purchase_floors":[10],"current_hp_per_floor":[80,79,80,57,50,74,69,36,36,36,60,34,14,13,37,0],"gold":57,"neow_bonus":"","is_prod":false,"is_daily":false,"chose_seed":false,"campfire_upgraded":0,"win_rate":0,"timestamp":1533323063,"path_taken":["M","?","M","M","?","R","M","E","T","?","R","M","E","M","R","BOSS"],"build_version":"2018-08-02","purchased_purges":0,"victory":false,"max_hp_per_floor":[80,80,80,80,80,80,80,80,80,80,80,80,80,80,80,80],"card_choices":[{"not_picked":["Entrench","Corruption"],"picked":"Warcry","floor":1},{"not_picked":["Warcry","Bloodletting"],"picked":"Headbutt","floor":2},{"not_picked":["Entrench","Sentinel"],"picked":"Flex","floor":3},{"not_picked":["Anger","Warcry"],"picked":"Infernal Blade","floor":4},{"not_picked":["Disarm","Flex"],"picked":"Pommel Strike","floor":7},{"not_picked":["Infernal Blade","Carnage"],"picked":"Uppercut","floor":8},{"not_picked":["Juggernaut","Body Slam"],"picked":"Shockwave","floor":12},{"not_picked":["Pummel","Flex"],"picked":"Armaments","floor":13},{"not_picked":["Reckless Charge","Entrench"],"picked":"Disarm","floor":14}],"player_experience":129689,"relics_obtained":[{"floor":8,"key":"Dodecahedron"},{"floor":9,"key":"Bottled Lightning"},{"floor":13,"key":"Darkstone Periapt"}],"event_choices":[{"event_name":"Golden Wing","player_choice":"Card Removal","floor":5,"damage_taken":0}],"is_beta":false,"boss_relics":[],"items_purged_floors":[],"is_endless":false,"potions_floor_spawned":[1,13,14],"killed_by":"The Guardian","ascension_level":1}