{"gold_per_floor":[118,134,134,45,45,45,71,71,71,102,102,137,137,149,149,226,226,246,246,259,121,135,135,135,135,185,205,205,205,24,58,58,136,136,147,147,165,178,192,192,203,203],"floor_reached":42,"playtime":1329,"items_purged":[],"score":968,"play_id":"1a249ecf-2db1-4313-b6b8-be234ec045c5","local_time":"20190504080121","is_ascension_mode":true,"campfire_choices":[{"data":"Spot Weakness","floor":6.0,"key":"SMITH"},{"data":"Combust","floor":8.0,"key":"SMITH"},{"data":"Flex","floor":11.0,"key":"SMITH"},{"data":"Havoc","floor":15.0,"key":"SMITH"},{"floor":23.0,"key":"REST"},{"floor":25.0,"key":"REST"},{"data":"Heavy Blade","floor":29.0,"key":"SMITH"},{"data":"Demon Form","floor":32.0,"key":"SMITH"},{"data":"Dark Embrace","floor":40.0,"key":"SMITH"}],"neow_cost":"NONE","seed_source_timestamp":0,"circlet_count":0,"master_deck":["AscendersBane","Strike_R","Strike_R","Defend_R","Defend_R","Defend_R","Bash+1","Combust+1","Havoc+1","Spot Weakness+1","Headbutt","Flex+1","Feel No Pain","Demon Form+1","Limit Break","Flame Barrier+1","Ghostly Armor+1","Thunderclap+1","Twin Strike+1","Heavy Blade+1","Corruption","Panacea","Sword Boomerang+1","Shockwave","Reaper","Corruption","Sentinel","Dark Embrace+1","Heavy Blade+1","Flame Barrier+1"],"special_seed":0,"relics":["Burning Blood","NeowsBlessing","Self Forming Clay","Dodecahedron","The Courier","Charon\u0027s Ashes","Astrolabe","Bird Faced Urn","Bronze Scales","Blood Vial","Busted Crown"],"potions_floor_usage":[42,42],"damage_taken":[{"damage":0.0,"enemies":"Jaw Worm","floor":1.0,"turns":1.0},{"damage":0.0,"enemies":"Small Slimes","floor":2.0,"turns":1.0},{"damage":0.0,"enemies":"3 Sentries","floor":7.0,"turns":1.0},{"damage":14.0,"enemies":"Gremlin Nob","floor":10.0,"turns":3.0},{"damage":36.0,"enemies":"Lagavulin","floor":12.0,"turns":5.0},{"damage":0.0,"enemies":"Cultist","floor":14.0,"turns":2.0},{"damage":27.0,"enemies":"Slime Boss","floor":16.0,"turns":6.0},{"damage":1.0,"enemies":"3 Byrds","floor":18.0,"turns":1.0},{"damage":29.0,"enemies":"Spheric Guardian","floor":20.0,"turns":4.0},{"damage":40.0,"enemies":"Centurion and Healer","floor":22.0,"turns":5.0},{"damage":8.0,"enemies":"3 Cultists","floor":27.0,"turns":4.0},{"damage":11.0,"enemies":"Gremlin Leader","floor":31.0,"turns":4.0},{"damage":84.0,"enemies":"Automaton","floor":33.0,"turns":8.0},{"damage":21.0,"enemies":"3 Darklings","floor":35.0,"turns":3.0},{"damage":21.0,"enemies":"Orb Walker","floor":37.0,"turns":5.0},{"damage":29.0,"enemies":"Transient","floor":38.0,"turns":6.0},{"damage":46.0,"enemies":"Maw","floor":39.0,"turns":7.0},{"damage":25.0,"enemies":"Spire Growth","floor":41.0,"turns":3.0},{"damage":55,"enemies":"Giant Head","floor":42,"turns":5}],"seed_played":"2913829989712596702","potions_obtained":[{"floor":1.0,"key":"EssenceOfSteel"},{"floor":7.0,"key":"Explosive Potion"},{"floor":16.0,"key":"LiquidBronze"},{"floor":22.0,"key":"Strength Potion"},{"floor":27.0,"key":"SkillPotion"},{"floor":31.0,"key":"Weak Potion"},{"floor":35.0,"key":"Fire Potion"},{"floor":38.0,"key":"Dexterity Potion"}],"is_trial":false,"path_per_floor":["M","M","?","$","?","R","E","R","T","E","R","E","?","M","R","B",null,"M","?","M","$","M","R","?","R","T","M","$","R","$","E","R","B",null,"M","?","M","M","M","R","M","E"],"character_chosen":"IRONCLAD","items_purchased":["Spot Weakness","Corruption","Panacea","Reaper","Corruption"],"campfire_rested":2,"item_purchase_floors":[4,21,21,30,30],"current_hp_per_floor":[74,75,75,75,75,75,75,75,75,67,67,37,37,43,43,22,62,67,67,46,46,20,42,42,64,64,66,66,66,66,67,67,23,62,55,55,48,75,44,44,31,0],"gold":203,"neow_bonus":"THREE_ENEMY_KILL","is_prod":false,"is_daily":false,"chose_seed":false,"campfire_upgraded":7,"win_rate":0,"timestamp":1556971281,"path_taken":["M","M","?","$","?","R","E","R","T","E","R","E","?","M","R","BOSS","M","?","?","$","M","R","?","R","T","M","$","R","$","E","R","BOSS","M","?","M","M","M","R","?","E"],"build_version":"2019-01-23","purchased_purges":0,"victory":false,"max_hp_per_floor":[75,75,75,75,75,75,75,75,75,75,75,75,75,75,75,75,75,75,75,75,75,75,75,75,75,75,75,75,75,75,75,75,75,75,75,75,75,75,75,75,75,75],"card_choices":[{"not_picked":["Pommel Strike","Warcry"],"picked":"Combust","floor":1.0},{"not_picked":["Warcry","Anger"],"picked":"Havoc","floor":2.0},{"not_picked":["Thunderclap","Searing Blow"],"picked":"Headbutt","floor":7.0},{"not_picked":["Sentinel","Cleave"],"picked":"Flex","floor":10.0},{"not_picked":["Clothesline","Shockwave"],"picked":"Feel No Pain","floor":12.0},{"not_picked":["Power Through","Rage"],"picked":"Demon Form","floor":14.0},{"not_picked":["Barricade","Brutality"],"picked":"Limit Break","floor":16.0},{"not_picked":["Havoc","Pommel Strike"],"picked":"Twin Strike+1","floor":18.0},{"not_picked":["Shrug It Off","Iron Wave"],"picked":"Heavy Blade","floor":20.0},{"not_picked":["Second Wind","Heavy Blade"],"picked":"Sword Boomerang+1","floor":22.0},{"not_picked":["Shrug It Off","Anger"],"picked":"Shockwave","floor":27.0},{"not_picked":["Clash","Havoc"],"picked":"Sentinel","floor":31.0},{"not_picked":["Limit Break","Berserk"],"picked":"Dark Embrace","floor":33.0},{"not_picked":["Shrug It Off"],"picked":"SKIP","floor":35.0},{"not_picked":["Iron Wave"],"picked":"SKIP","floor":37.0},{"not_picked":["Armaments"],"picked":"SKIP","floor":38.0},{"not_picked":[],"picked":"Heavy Blade+1","floor":39.0},{"not_picked":[],"picked":"Flame Barrier+1","floor":41.0}],"player_experience":946269,"relics_obtained":[{"floor":7.0,"key":"Self Forming Clay"},{"floor":9.0,"key":"Dodecahedron"},{"floor":10.0,"key":"The Courier"},{"floor":12.0,"key":"Charon\u0027s Ashes"},{"floor":26.0,"key":"Bronze Scales"},{"floor":31.0,"key":"Blood Vial"}],"event_choices":[{"damage_healed":0.0,"max_hp_gain":0.0,"max_hp_loss":0.0,"gold_gain":0.0,"event_name":"Living Wall","player_choice":"Grow","floor":3.0,"gold_loss":0.0,"damage_taken":0.0,"cards_upgraded":["Bash"]},{"damage_healed":0.0,"max_hp_gain":0.0,"max_hp_loss":0.0,"gold_gain":0.0,"event_name":"Scrap Ooze","player_choice":"Fled","floor":5.0,"gold_loss":0.0,"damage_taken":0.0},{"damage_healed":0.0,"max_hp_gain":0.0,"max_hp_loss":0.0,"gold_gain":0.0,"event_name":"Shining Light","player_choice":"Ignored","floor":13.0,"gold_loss":0.0,"damage_taken":0.0},{"damage_healed":0.0,"max_hp_gain":0.0,"max_hp_loss":0.0,"gold_gain":0.0,"event_name":"WeMeetAgain","player_choice":"Gave Potion","floor":19.0,"gold_loss":0.0,"damage_taken":0.0,"relics_obtained":["Bird Faced Urn"]},{"damage_healed":0.0,"max_hp_gain":0.0,"max_hp_loss":0.0,"gold_gain":0.0,"event_name":"Beggar","player_choice":"Ignored","floor":24.0,"gold_loss":0.0,"damage_taken":0.0},{"cards_removed":["Strike_R"],"damage_healed":0.0,"max_hp_gain":0.0,"max_hp_loss":0.0,"gold_gain":0.0,"event_name":"Bonfire Elementals","player_choice":"Offered Basic","floor":36.0,"gold_loss":0.0,"damage_taken":0.0}],"is_beta":false,"boss_relics":[{"not_picked":["Velvet Choker","Lizard Tail"],"picked":"Astrolabe"},{"not_picked":["Empty Cage","Sozu"],"picked":"Busted Crown"}],"items_purged_floors":[],"is_endless":false,"potions_floor_spawned":[1,7,16,22,27,31,35,38],"killed_by":"Giant Head","ascension_level":20}