{"gold_per_floor":[118,134,134,147,147,175,175,191,191,207,225,225,225,235,235,340,340,359,274,292,392,412,412,412],"floor_reached":24,"playtime":1650,"items_purged":[],"score":200,"play_id":"22d93895-7871-4964-bfd6-2853c3ab53e0","local_time":"20190502194738","is_ascension_mode":false,"campfire_choices":[{"floor":7,"key":"REST"},{"floor":12,"key":"REST"},{"floor":15,"key":"REST"},{"floor":23,"key":"REST"}],"neow_cost":"NONE","seed_source_timestamp":0,"circlet_count":0,"master_deck":["Strike_B","Strike_B+1","Strike_B","Defend_B","Defend_B","Defend_B+1","Defend_B","Zap","Dualcast","Conserve Battery","Creative AI+1","Melter","Rebound","Static Discharge","Gash","Multi-Cast","Redo+1","Stack+1"],"special_seed":0,"relics":["Cracked Core","Bag of Marbles","Gremlin Horn","Runic Pyramid","Pocketwatch"],"potions_floor_usage":[11,16,16,22],"damage_taken":[{"damage":1.0,"enemies":"Jaw Worm","floor":1.0,"turns":5.0},{"damage":5.0,"enemies":"2 Louse","floor":2.0,"turns":3.0},{"damage":0.0,"enemies":"Cultist","floor":4.0,"turns":3.0},{"damage":40,"enemies":"3 Sentries","floor":6,"turns":9},{"damage":12,"enemies":"3 Louse","floor":8,"turns":4},{"damage":7,"enemies":"Blue Slaver","floor":10,"turns":4},{"damage":4,"enemies":"Exordium Wildlife","floor":11,"turns":2},{"damage":8,"enemies":"Lots of Slimes","floor":14,"turns":2},{"damage":41,"enemies":"The Guardian","floor":16,"turns":11},{"damage":5,"enemies":"Spheric Guardian","floor":18,"turns":3},{"damage":39,"enemies":"2 Thieves","floor":20,"turns":4},{"damage":42,"enemies":"Snecko","floor":22,"turns":7},{"damage":29,"enemies":"Snake Plant","floor":24,"turns":5}],"seed_played":"3134047634848609090","potions_obtained":[{"floor":1.0,"key":"GamblersBrew"},{"floor":8,"key":"Fire Potion"},{"floor":10,"key":"FearPotion"},{"floor":14,"key":"LiquidBronze"},{"floor":16,"key":"FairyPotion"}],"is_trial":false,"path_per_floor":["M","M","?","M","?","E","R","M","T","M","M","R","?","M","R","B",null,"M","?","M","?","M","R","M"],"character_chosen":"DEFECT","items_purchased":[],"campfire_rested":4,"item_purchase_floors":[],"current_hp_per_floor":[74,69,54,54,54,14,36,24,24,17,13,35,35,27,49,8,75,70,70,31,31,7,29,0],"gold":412,"neow_bonus":"REMOVE_CARD","is_prod":false,"is_daily":false,"chose_seed":false,"campfire_upgraded":0,"win_rate":0.0,"timestamp":1556840858,"path_taken":["M","M","?","M","?","E","R","?","T","M","M","R","?","M","R","BOSS","M","?","M","?","M","R","M"],"build_version":"2019-01-23","purchased_purges":0,"victory":false,"max_hp_per_floor":[75,75,75,75,75,75,75,75,75,75,75,75,75,75,75,75,75,75,75,75,75,75,75,75],"card_choices":[{"not_picked":["Scrape","Cold Snap","Steam"],"picked":"SKIP","floor":1.0},{"not_picked":["Steam","Cold Snap"],"picked":"Conserve Battery","floor":2.0},{"not_picked":["Turbo","Rebound"],"picked":"Creative AI","floor":4.0},{"not_picked":["Aggregate","Coolheaded","Barrage"],"picked":"SKIP","floor":6},{"not_picked":["Beam Cell","Heatsinks"],"picked":"Melter","floor":8},{"not_picked":["Compile Driver","BootSequence"],"picked":"Rebound","floor":10},{"not_picked":["Redo","Amplify"],"picked":"Static Discharge","floor":11},{"not_picked":["Coolheaded","Defragment"],"picked":"Gash","floor":14},{"not_picked":["Hyperbeam","All For One"],"picked":"Multi-Cast","floor":16},{"not_picked":["Hologram","Coolheaded","Compile Driver"],"picked":"SKIP","floor":18},{"not_picked":["Rip and Tear","Go for the Eyes"],"picked":"Redo+1","floor":20},{"not_picked":["Turbo","Compile Driver"],"picked":"Stack+1","floor":22}],"player_experience":65261,"relics_obtained":[{"floor":6,"key":"Bag of Marbles"},{"floor":9,"key":"Gremlin Horn"}],"event_choices":[{"damage_healed":0.0,"max_hp_gain":0.0,"max_hp_loss":0.0,"gold_gain":0.0,"event_name":"Shining Light","player_choice":"Entered Light","floor":3.0,"gold_loss":0.0,"damage_taken":15.0,"cards_upgraded":["Defend_B","Strike_B"]},{"damage_healed":0.0,"max_hp_gain":0.0,"max_hp_loss":0.0,"gold_gain":0.0,"event_name":"Upgrade Shrine","player_choice":"Upgraded","floor":5.0,"gold_loss":0.0,"damage_taken":0.0,"cards_upgraded":["Creative AI"]},{"damage_healed":0,"gold_gain":0,"player_choice":"Fled","damage_taken":0,"max_hp_gain":0,"max_hp_loss":0,"event_name":"Scrap Ooze","floor":13,"gold_loss":0},{"damage_healed":0,"gold_gain":0,"player_choice":"Obtained Relic","damage_taken":0,"relics_obtained":["Pocketwatch"],"max_hp_gain":0,"max_hp_loss":0,"event_name":"Addict","floor":19,"gold_loss":85},{"damage_healed":0,"gold_gain":100,"player_choice":"Pray","damage_taken":0,"max_hp_gain":0,"max_hp_loss":0,"event_name":"Golden Shrine","floor":21,"gold_loss":0}],"is_beta":false,"boss_relics":[{"not_picked":["Eternal Feather","Fusion Hammer"],"picked":"Runic Pyramid"}],"items_purged_floors":[],"is_endless":false,"potions_floor_spawned":[1,8,10,14,16],"killed_by":"Snake Plant","ascension_level":0}