{"path_per_floor":["M","?","M","M","M","M","E","$","T","?","R","M","M","M","R","B",null,"M","?","?","M","M","E","M","R","T","M","?","?","M","$","R","B",null,"M","M","?","?","M","E","R","$","T","M","M","R","M","M","R","B"],"character_chosen":"THE_SILENT","items_purchased":["Finesse","Toxic Egg","Pen Nib","Vajra"],"gold_per_floor":[17,17,30,50,64,80,105,4,4,4,4,17,34,45,45,142,142,154,154,154,166,176,203,213,213,213,228,328,328,347,125,125,225,225,241,259,259,259,274,299,299,10,10,26,42,42,61,75,75,75],"floor_reached":51,"campfire_rested":5,"playtime":5450,"current_hp_per_floor":[70,70,70,70,70,70,42,42,49,16,42,38,38,37,37,12,87,87,71,62,59,56,15,15,42,42,1,1,31,31,31,58,42,92,92,92,92,92,70,25,52,52,52,45,27,27,27,23,50,42],"items_purged":["Strike_G"],"gold":75,"play_id":"2239c175-c311-41c2-996a-0f8ca6c8c9d4","is_prod":false,"is_daily":false,"campfire_rituals":0,"campfire_upgraded":2,"is_hardmode":false,"path_taken":["M","?","M","M","M","M","E","$","T","?","R","M","M","M","R","BOSS","M","?","?","?","M","E","M","R","T","M","?","?","?","$","R","BOSS","M","M","?","?","M","E","R","?","T","M","?","R","M","M","R","BOSS"],"build_version":"2018-01-18-PROD4","purchased_purges":1,"victory":true,"master_deck":["Defend_G","Defend_G","Strike_G","Strike_G","Strike_G","Survivor","Neutralize","Choke","Slice","Underhanded Strike","Dagger Throw","Backflip","Predator","Finesse","Underhanded Strike","Prepared","Dagger Throw","Tools of the Trade","Blur","Necronomicurse","Finisher","Choke","Backflip","Acrobatics","Flying Knee","Quick Slash","Tactician","Choke","Prepared","Crippling Poison","Dash","PiercingWail","Quick Slash","PiercingWail","Adrenaline","Acrobatics"],"max_hp_per_floor":[70,70,70,70,70,70,80,80,87,87,87,87,87,87,87,87,87,87,87,92,92,92,92,92,92,92,92,92,92,92,92,92,92,92,92,92,92,92,92,92,92,92,92,92,92,92,92,92,92,92],"relics":["Ring of the Snake","Pear","Strawberry","Singing Bowl","Snecko Eye","Necronomicon","Bird Faced Urn","Prayer Wheel","Toxic Egg","Lizard Tail","Ice Cream","Pen Nib","Vajra","Gambling Chip"],"campfire_meditates":0,"card_choices":[{"not_picked":["Sucker Punch","Slice"],"picked":"Choke"},{"not_picked":["Distraction","Dodge and Roll"],"picked":"Slice"},{"not_picked":["PiercingWail","Sucker Punch"],"picked":"Underhanded Strike"},{"not_picked":["Dodge and Roll","Slice"],"picked":"Dagger Throw"},{"not_picked":["Slice","Deadly Poison"],"picked":"Backflip"},{"not_picked":["Leg Sweep","Malaise"],"picked":"Predator"},{"not_picked":["Riddle With Holes","Masterful Stab"],"picked":"Underhanded Strike"},{"not_picked":["Choke","Outmaneuver"],"picked":"Prepared"},{"not_picked":["Slice","Distraction"],"picked":"Dagger Throw"},{"not_picked":["Die Die Die","Wraith Form"],"picked":"Tools of the Trade"},{"not_picked":["Underhanded Strike","Distraction"],"picked":"Blur"},{"not_picked":["Malaise","PiercingWail"],"picked":"Finisher"},{"not_picked":["Poisoned Stab","Acrobatics"],"picked":"Choke"},{"not_picked":["Malaise","Noxious Fumes"],"picked":"Backflip"},{"not_picked":["PiercingWail","Bane"],"picked":"Acrobatics"},{"not_picked":["Dodge and Roll","Choke"],"picked":"Flying Knee"},{"not_picked":["Corpse Explosion","Outmaneuver"],"picked":"Quick Slash"},{"not_picked":["Glass Knife","After Image"],"picked":"Tactician"},{"not_picked":["Underhanded Strike","PiercingWail"],"picked":"Choke"},{"not_picked":["Flying Knee","Catalyst"],"picked":"Prepared"},{"not_picked":["PiercingWail","Deadly Poison"],"picked":"Crippling Poison"},{"not_picked":["Sucker Punch","Flying Knee"],"picked":"Dash"},{"not_picked":["Bane","Deadly Poison"],"picked":"PiercingWail"},{"not_picked":["Dodge and Roll","Catalyst"],"picked":"Quick Slash"},{"not_picked":["Blade Dance","Slice"],"picked":"PiercingWail"},{"not_picked":["Dodge and Roll","Deflect"],"picked":"Adrenaline"},{"not_picked":["Outmaneuver","All Out Attack"],"picked":"Acrobatics"}],"player_experience":89576,"potions_floor_usage":[6,16,16,16,23,27,33,48,50],"damage_taken":[{"damage":0,"enemies":"Jaw Worm","floor":1,"turns":4},{"damage":0,"enemies":"Small Slimes","floor":3,"turns":2},{"damage":0,"enemies":"Blue Slaver","floor":4,"turns":4},{"damage":0,"enemies":"Exordium Wildlife","floor":5,"turns":2},{"damage":0,"enemies":"Large Slime","floor":6,"turns":3},{"damage":38,"enemies":"3 Sentries","floor":7,"turns":8},{"damage":4,"enemies":"3 Louse","floor":12,"turns":3},{"damage":0,"enemies":"Red Slaver","floor":13,"turns":4},{"damage":1,"enemies":"Lots of Slimes","floor":14,"turns":4},{"damage":40,"enemies":"The Guardian","floor":16,"turns":14},{"damage":0,"enemies":"Chosen","floor":18,"turns":3},{"damage":3,"enemies":"3 Byrds","floor":21,"turns":4},{"damage":3,"enemies":"Sentry and Sphere","floor":22,"turns":3},{"damage":41,"enemies":"Gremlin Leader","floor":23,"turns":3},{"damage":0,"enemies":"Snecko","floor":24,"turns":3},{"damage":43,"enemies":"Slaver and Parasite","floor":27,"turns":4},{"damage":0,"enemies":"Snake Plant","floor":30,"turns":2},{"damage":18,"enemies":"Collector","floor":33,"turns":5},{"damage":1,"enemies":"3 Shapes","floor":35,"turns":2},{"damage":0,"enemies":"Orb Walker","floor":36,"turns":1},{"damage":24,"enemies":"4 Shapes","floor":39,"turns":3},{"damage":47,"enemies":"Nemesis","floor":40,"turns":8},{"damage":9,"enemies":"Sphere and 2 Shapes","floor":44,"turns":1},{"damage":18,"enemies":"Maw","floor":45,"turns":4},{"damage":0,"enemies":"3 Darklings","floor":47,"turns":2},{"damage":6,"enemies":"Sphere and 2 Shapes","floor":48,"turns":1},{"damage":58,"enemies":"Time Eater","floor":50,"turns":7}],"event_choices":[{"event_name":"Living Wall","player_choice":"Forget","floor":2,"damage_taken":0},{"event_name":"Scrap Ooze","player_choice":"success","floor":10,"damage_taken":33},{"event_name":"Cursed Tome","player_choice":"Obtained Book","floor":19,"damage_taken":0},{"event_name":"Forgotten Altar","player_choice":"Shed Blood","floor":20,"damage_taken":0},{"event_name":"Golden Shrine","player_choice":"Pray","floor":28,"damage_taken":0},{"event_name":"The Library","player_choice":"Heal","floor":29,"damage_taken":0},{"event_name":"Mysterious Sphere","player_choice":"Ignore","floor":37,"damage_taken":0},{"event_name":"Purifier","player_choice":"One Purge","floor":38,"damage_taken":0}],"boss_relics":[{"not_picked":["The Specimen","Ectoplasm"],"picked":"Snecko Eye"},{"not_picked":["Black Star","Orrery"],"picked":"Lizard Tail"}],"potions_floor_spawned":[4,7,12,14,18,24,27,45,47,48],"seed_played":"6957992580684593115","is_trial":false}