{"gold_per_floor":[117,133,145,145,164,193,193,223,223,223,252,266,280,305,305,377,377,392,403,414,414,428,460,478,512,512,539,539,574,153,186,186,263,263,274,285,47,59,72,106,106,137,137,137,168,168,168,113,113,113,113,113,113,28,57,57],"floor_reached":57,"playtime":4076,"items_purged":["Steam Power"],"score":3840,"play_id":"c7575246-16c6-441d-8661-5f211b6de1a6","local_time":"20190428171542","is_ascension_mode":true,"campfire_choices":[{"floor":7.0,"key":"REST"},{"data":"Zap","floor":10.0,"key":"SMITH"},{"data":"Recycle","floor":15.0,"key":"SMITH"},{"floor":28.0,"key":"REST"},{"data":"Heatsinks","floor":32.0,"key":"SMITH"},{"floor":49.0,"key":"RECALL"},{"data":"Seek","floor":53.0,"key":"SMITH"}],"neow_cost":"NONE","seed_source_timestamp":0,"circlet_count":0,"master_deck":["AscendersBane","Zap+1","Dualcast+1","Compile Driver+1","Gash","Machine Learning","Recycle+1","Core Surge","Biased Cognition","Capacitor","Skim","Coolheaded","Meteor Strike+1","Coolheaded","Conserve Battery+1","Conserve Battery","Turbo","Heatsinks+1","Glacier","Meteor Strike","White Noise+1","Hologram+1","Defragment+1","BootSequence","Electrodynamics","Coolheaded","Seek+1","Coolheaded","Fission","Conserve Battery","Tempest","Hologram","Echo Form","Redo","Skim","Reprogram+1"],"special_seed":0,"relics":["Pandora\u0027s Box","Gremlin Horn","Whetstone","Sundial","Incense Burner","PreservedInsect","Runic Dome","Bronze Scales","Oddly Smooth Stone","Bag of Marbles","Juzu Bracelet","Boot","DataDisk","Centennial Puzzle","Lantern","Runic Pyramid","Bag of Preparation","Ginger","Mango","Blue Candle","War Paint","Pen Nib"],"potions_floor_usage":[],"damage_taken":[{"damage":0.0,"enemies":"Cultist","floor":1.0,"turns":2.0},{"damage":13.0,"enemies":"2 Louse","floor":2.0,"turns":3.0},{"damage":30.0,"enemies":"Small Slimes","floor":3.0,"turns":3.0},{"damage":7.0,"enemies":"3 Louse","floor":5.0,"turns":4.0},{"damage":0.0,"enemies":"Gremlin Nob","floor":6.0,"turns":4.0},{"damage":0.0,"enemies":"Lagavulin","floor":8.0,"turns":7.0},{"damage":18.0,"enemies":"Gremlin Nob","floor":11.0,"turns":4.0},{"damage":0.0,"enemies":"Gremlin Gang","floor":12.0,"turns":3.0},{"damage":5.0,"enemies":"Exordium Thugs","floor":13.0,"turns":5.0},{"damage":0.0,"enemies":"3 Sentries","floor":14.0,"turns":8.0},{"damage":0.0,"enemies":"Hexaghost","floor":16.0,"turns":8.0},{"damage":12.0,"enemies":"Shell Parasite","floor":18.0,"turns":5.0},{"damage":0.0,"enemies":"2 Thieves","floor":19.0,"turns":2.0},{"damage":20.0,"enemies":"Shelled Parasite and Fungi","floor":20.0,"turns":4.0},{"damage":11.0,"enemies":"Colosseum Slavers","floor":21.0,"turns":3.0},{"damage":0.0,"enemies":"Sentry and Sphere","floor":22.0,"turns":3.0},{"damage":0.0,"enemies":"Book of Stabbing","floor":23.0,"turns":6.0},{"damage":0.0,"enemies":"Centurion and Healer","floor":24.0,"turns":6.0},{"damage":0.0,"enemies":"Slavers","floor":25.0,"turns":3.0},{"damage":0.0,"enemies":"Book of Stabbing","floor":27.0,"turns":5.0},{"damage":24.0,"enemies":"Slavers","floor":29.0,"turns":4.0},{"damage":0.0,"enemies":"Gremlin Leader","floor":31.0,"turns":4.0},{"damage":0.0,"enemies":"Champ","floor":33.0,"turns":5.0},{"damage":0.0,"enemies":"3 Darklings","floor":35.0,"turns":3.0},{"damage":0.0,"enemies":"Orb Walker","floor":36.0,"turns":2.0},{"damage":0.0,"enemies":"Transient","floor":38.0,"turns":5.0},{"damage":0.0,"enemies":"Maw","floor":39.0,"turns":4.0},{"damage":0.0,"enemies":"Reptomancer","floor":40.0,"turns":2.0},{"damage":2.0,"enemies":"Nemesis","floor":42.0,"turns":3.0},{"damage":0.0,"enemies":"Reptomancer","floor":45.0,"turns":3.0},{"damage":0.0,"enemies":"Time Eater","floor":50.0,"turns":9.0},{"damage":1.0,"enemies":"Donu and Deca","floor":51.0,"turns":7.0},{"damage":0,"enemies":"Shield and Spear","floor":55,"turns":3},{"damage":76,"enemies":"The Heart","floor":56,"turns":8}],"seed_played":"-5566398227228449560","potions_obtained":[{"floor":1.0,"key":"Dexterity Potion"},{"floor":6.0,"key":"EssenceOfSteel"},{"floor":8.0,"key":"Weak Potion"},{"floor":11.0,"key":"Ancient Potion"},{"floor":19.0,"key":"SteroidPotion"},{"floor":20.0,"key":"GamblersBrew"},{"floor":24.0,"key":"FairyPotion"},{"floor":31.0,"key":"SmokeBomb"}],"is_trial":false,"path_per_floor":["M","M","M","?","M","E","R","E","T","R","E","M","M","E","R","B",null,"M","M","M","?","M","E","M","E","T","E","R","E","$","E","R","B",null,"M","M","$","M","M","E","?","E","T","?","E","?","?","$","R","B","B",null,"R","$","E","B",null],"character_chosen":"DEFECT","items_purchased":["DataDisk","SkillPotion","Centennial Puzzle","Coolheaded","Bag of Preparation","Block Potion","Skim"],"campfire_rested":2,"item_purchase_floors":[30,30,30,30,37,48,54],"current_hp_per_floor":[64,51,21,21,14,14,35,35,35,35,17,17,12,12,12,12,56,44,44,24,13,13,13,13,13,13,13,34,10,10,10,10,10,56,56,56,56,56,56,56,56,68,68,68,68,68,68,68,68,68,67,81,81,81,81,5],"gold":57,"neow_bonus":"BOSS_RELIC","is_prod":false,"is_daily":false,"chose_seed":false,"campfire_upgraded":4,"win_rate":0,"timestamp":1556442942,"path_taken":["M","?","M","?","M","E","R","E","T","R","E","M","M","E","R","BOSS","M","M","M","?","M","E","M","E","T","E","R","E","$","E","R","BOSS","M","M","$","M","M","E","?","E","T","?","E","?","?","?","R","BOSS","BOSS","R","$","E","BOSS"],"build_version":"2019-01-23","purchased_purges":1,"victory":true,"max_hp_per_floor":[71,71,71,71,71,71,71,71,71,71,71,71,71,71,71,71,71,71,71,71,71,71,71,71,71,71,71,71,71,71,71,71,71,71,71,71,71,71,71,71,71,85,85,85,85,85,85,85,85,85,85,85,85,85,85,85],"card_choices":[{"not_picked":["Recycle","Stack"],"picked":"Capacitor","floor":1.0},{"not_picked":["Reprogram","Melter"],"picked":"Skim","floor":2.0},{"not_picked":["Sweeping Beam","Skim"],"picked":"Coolheaded","floor":3.0},{"not_picked":["Sweeping Beam","Lockon"],"picked":"Coolheaded","floor":5.0},{"not_picked":["Double Energy","Blizzard"],"picked":"Conserve Battery","floor":6.0},{"not_picked":["Blizzard","Melter"],"picked":"Conserve Battery","floor":8.0},{"not_picked":["Rainbow","Leap"],"picked":"Turbo","floor":11.0},{"not_picked":["Go for the Eyes","Fusion"],"picked":"Heatsinks","floor":12.0},{"not_picked":["Lockon","Compile Driver"],"picked":"Glacier","floor":13.0},{"not_picked":["Stack","Fusion"],"picked":"Meteor Strike","floor":14.0},{"not_picked":["Core Surge","Amplify"],"picked":"Seek","floor":16.0},{"not_picked":["Scrape","Rip and Tear+1","Streamline"],"picked":"SKIP","floor":18.0},{"not_picked":["Hello World+1","Ball Lightning"],"picked":"White Noise+1","floor":19.0},{"not_picked":["Self Repair","Gash"],"picked":"Hologram+1","floor":20.0},{"not_picked":["Hologram","Steam"],"picked":"Defragment+1","floor":22.0},{"not_picked":["Rebound","Storm","Conserve Battery"],"picked":"SKIP","floor":23.0},{"not_picked":["Rebound","Melter+1","Redo"],"picked":"SKIP","floor":24.0},{"not_picked":["Steam Power","Cold Snap"],"picked":"BootSequence","floor":25.0},{"not_picked":["Chaos","Defragment","Beam Cell"],"picked":"SKIP","floor":27.0},{"not_picked":["Beam Cell","Steam"],"picked":"Electrodynamics","floor":29.0},{"not_picked":["Hologram","Capacitor","Ball Lightning"],"picked":"SKIP","floor":31.0},{"not_picked":["Fission","Electrodynamics"],"picked":"Seek","floor":33.0},{"not_picked":["Cold Snap","Leap"],"picked":"Coolheaded","floor":35.0},{"not_picked":["Conserve Battery","Self Repair"],"picked":"Fission","floor":36.0},{"not_picked":["Fusion","Cold Snap+1"],"picked":"Conserve Battery","floor":38.0},{"not_picked":["Streamline+1","Leap"],"picked":"Tempest","floor":39.0},{"not_picked":["Self Repair","Cold Snap"],"picked":"Hologram","floor":40.0},{"not_picked":["Sweeping Beam","Go for the Eyes+1"],"picked":"Echo Form","floor":42.0},{"not_picked":["Ball Lightning","Tempest"],"picked":"Redo","floor":45.0},{"not_picked":["Leap+1","Fusion"],"picked":"Reprogram+1","floor":55}],"player_experience":1494537,"relics_obtained":[{"floor":6.0,"key":"Gremlin Horn"},{"floor":8.0,"key":"Whetstone"},{"floor":9.0,"key":"Sundial"},{"floor":11.0,"key":"Incense Burner"},{"floor":14.0,"key":"PreservedInsect"},{"floor":23.0,"key":"Bronze Scales"},{"floor":25.0,"key":"Oddly Smooth Stone"},{"floor":26.0,"key":"Bag of Marbles"},{"floor":27.0,"key":"Juzu Bracelet"},{"floor":29.0,"key":"Boot"},{"floor":31.0,"key":"Lantern"},{"floor":40.0,"key":"Ginger"},{"floor":42.0,"key":"Mango"},{"floor":45.0,"key":"Blue Candle"},{"floor":55,"key":"Pen Nib"}],"event_choices":[{"damage_healed":0.0,"max_hp_gain":0.0,"max_hp_loss":0.0,"gold_gain":0.0,"cards_transformed":["Hello World"],"event_name":"Living Wall","player_choice":"Change","floor":4.0,"gold_loss":0.0,"damage_taken":0.0,"cards_obtained":["Meteor Strike"]},{"damage_healed":0.0,"max_hp_gain":0.0,"max_hp_loss":0.0,"gold_gain":0.0,"event_name":"Colosseum","player_choice":"Fight","floor":21.0,"gold_loss":0.0,"damage_taken":0.0},{"damage_healed":0.0,"max_hp_gain":0.0,"max_hp_loss":0.0,"gold_gain":0.0,"event_name":"Colosseum","player_choice":"Fled From Nobs","floor":21.0,"gold_loss":0.0,"damage_taken":0.0},{"cards_removed":["Seek"],"damage_healed":0.0,"max_hp_gain":0.0,"max_hp_loss":0.0,"gold_gain":0.0,"event_name":"Falling","player_choice":"Removed Skill","floor":41.0,"gold_loss":0.0,"damage_taken":0.0},{"damage_healed":0.0,"max_hp_gain":0.0,"max_hp_loss":0.0,"gold_gain":0.0,"event_name":"Tomb of Lord Red Mask","player_choice":"Ignored","floor":44.0,"gold_loss":0.0,"damage_taken":0.0},{"damage_healed":0.0,"max_hp_gain":0.0,"max_hp_loss":0.0,"gold_gain":0.0,"event_name":"WeMeetAgain","player_choice":"Gave Potion","floor":46.0,"gold_loss":0.0,"damage_taken":0.0,"relics_obtained":["War Paint"]},{"damage_healed":0.0,"max_hp_gain":0.0,"max_hp_loss":0.0,"gold_gain":0.0,"event_name":"SecretPortal","player_choice":"Ignored","floor":47.0,"gold_loss":0.0,"damage_taken":0.0}],"is_beta":false,"boss_relics":[{"not_picked":["Busted Crown","White Beast Statue"],"picked":"Runic Dome"},{"not_picked":["Lizard Tail","Empty Cage"],"picked":"Runic Pyramid"}],"items_purged_floors":[37],"is_endless":false,"potions_floor_spawned":[1,6,8,11,19,20,22,24,31,35,38,40],"ascension_level":20}