{"gold_per_floor":[115,115,128,139,139,152,183,183,263,287,306,339,358,394,394,394],"floor_reached":16,"playtime":695,"items_purged":[],"score":145,"play_id":"86ac68c1-46db-4c15-8f9a-5112388ee6f6","local_time":"20190409175443","is_ascension_mode":true,"campfire_choices":[{"data":"1","floor":8,"key":"LIFT"},{"data":"2","floor":15,"key":"LIFT"}],"neow_cost":"NONE","seed_source_timestamp":326288160156467,"circlet_count":0,"master_deck":["Strike_R","Strike_R","Strike_R","Strike_R","Strike_R","Defend_R","Defend_R","Defend_R","Defend_R","Bash","Heavy Blade+1","Sword Boomerang","Infernal Blade","Blood for Blood","Pommel Strike","Sword Boomerang","Cleave","Sword Boomerang","Feed","Sword Boomerang"],"relics":["Burning Blood","Golden Idol","Girya","Odd Mushroom","Smiling Mask"],"potions_floor_usage":[11,12,14],"damage_taken":[{"damage":4,"enemies":"2 Louse","floor":1,"turns":3},{"damage":5,"enemies":"Cultist","floor":3,"turns":4},{"damage":3,"enemies":"Jaw Worm","floor":4,"turns":3},{"damage":9,"enemies":"Blue Slaver","floor":6,"turns":4},{"damage":49,"enemies":"Lagavulin","floor":7,"turns":6},{"damage":5,"enemies":"Looter","floor":10,"turns":2},{"damage":0,"enemies":"2 Fungi Beasts","floor":11,"turns":2},{"damage":6,"enemies":"The Mushroom Lair","floor":12,"turns":2},{"damage":10,"enemies":"3 Louse","floor":13,"turns":2},{"damage":6,"enemies":"Gremlin Nob","floor":14,"turns":3},{"damage":26,"enemies":"Hexaghost","floor":16,"turns":8}],"seed_played":"-7087787592252789050","potions_obtained":[{"floor":6,"key":"Ancient Potion"},{"floor":10,"key":"Poison Potion"},{"floor":13,"key":"AttackPotion"},{"floor":14,"key":"SpeedPotion"}],"is_trial":false,"path_per_floor":["M","?","M","M","?","M","E","R","T","M","M","?","M","E","R","B"],"character_chosen":"IRONCLAD","items_purchased":[],"campfire_rested":0,"item_purchase_floors":[],"current_hp_per_floor":[88,88,88,88,66,63,20,20,20,21,27,27,23,23,23,0],"gold":394,"neow_bonus":"TEN_PERCENT_HP_BONUS","is_prod":false,"is_daily":false,"chose_seed":false,"campfire_upgraded":0,"win_rate":0,"timestamp":1554850483,"path_taken":["M","?","?","M","?","M","E","R","T","M","M","?","M","E","R","BOSS"],"build_version":"2019-01-23","purchased_purges":0,"victory":false,"max_hp_per_floor":[88,88,88,88,88,88,88,88,88,88,88,88,88,88,88,88],"card_choices":[{"not_picked":["Warcry","Cleave"],"picked":"Heavy Blade","floor":1},{"not_picked":["Shrug It Off","Uppercut"],"picked":"Sword Boomerang","floor":3},{"not_picked":["Armaments","Sever Soul"],"picked":"Infernal Blade","floor":4},{"not_picked":["Fire Breathing","Rupture"],"picked":"Blood for Blood","floor":6},{"not_picked":["Wild Strike","Shockwave"],"picked":"Pommel Strike","floor":7},{"not_picked":["Sentinel","Feel No Pain"],"picked":"Sword Boomerang","floor":10},{"not_picked":["Perfected Strike","True Grit"],"picked":"Cleave","floor":11},{"not_picked":["Havoc","True Grit"],"picked":"Sword Boomerang","floor":12},{"not_picked":["Bloodletting","Second Wind"],"picked":"Feed","floor":13},{"not_picked":["Thunderclap","Rage"],"picked":"Sword Boomerang","floor":14}],"player_experience":162698,"relics_obtained":[{"floor":7,"key":"Girya"},{"floor":12,"key":"Odd Mushroom"},{"floor":14,"key":"Smiling Mask"}],"event_choices":[{"damage_healed":0,"gold_gain":0,"player_choice":"Upgraded","damage_taken":0,"max_hp_gain":0,"max_hp_loss":0,"event_name":"Upgrade Shrine","floor":2,"gold_loss":0,"cards_upgraded":["Heavy Blade"]},{"damage_healed":0,"gold_gain":0,"player_choice":"Take Damage","damage_taken":22,"relics_obtained":["Golden Idol"],"max_hp_gain":0,"max_hp_loss":0,"event_name":"Golden Idol","floor":5,"gold_loss":0},{"damage_healed":0,"gold_gain":0,"player_choice":"Fought Mushrooms","damage_taken":0,"max_hp_gain":0,"max_hp_loss":0,"event_name":"Mushrooms","floor":12,"gold_loss":0}],"is_beta":false,"boss_relics":[],"items_purged_floors":[],"is_endless":false,"potions_floor_spawned":[6,10,13,14],"killed_by":"Hexaghost","ascension_level":1}