{"gold_per_floor":[112,112,112,112,136,136,175,175,175,175,210,264,264,282,282,403,403,397,417,85,85,85,123,123,123,146,184,207,207],"floor_reached":29,"playtime":785,"items_purged":["Regret"],"score":380,"play_id":"b82a7a64-380e-44fb-a04b-f71ba86165e3","local_time":"20180707195621","is_ascension_mode":true,"campfire_choices":[{"data":"Self Repair","floor":6,"key":"SMITH"},{"floor":8,"key":"REST"},{"data":"Reinforced Body","floor":10,"key":"SMITH"},{"floor":13,"key":"REST"},{"data":"Loop","floor":15,"key":"SMITH"},{"floor":25,"key":"REST"}],"neow_cost":"","seed_source_timestamp":102880067927820,"circlet_count":0,"master_deck":["Strike_B","Strike_B","Strike_B","Defend_B","Defend_B","Defend_B","Defend_B","Zap","Dualcast","Self Repair+1","Reinforced Body+1","Loop+1","Leap","Thunder Strike","Decay","Doubt","Shame","Storm+1","Melter","Normality","Sunder","Writhe"],"relics":["Cracked Core","Golden Idol","Unceasing Top","Toolbox","Dodecahedron","Oddly Smooth Stone","Orichalcum","Calling Bell","Bag of Preparation","Ornamental Fan","Sundial","Bottled Tornado","Kunai","Mummified Hand","Blood Vial","Pen Nib","Regal Pillow"],"potions_floor_usage":[7,7,16,16,16,23,28],"damage_taken":[{"damage":6,"enemies":"Jaw Worm","floor":1,"turns":3},{"damage":1,"enemies":"2 Louse","floor":5,"turns":2},{"damage":28,"enemies":"Lagavulin","floor":7,"turns":7},{"damage":39,"enemies":"Gremlin Nob","floor":11,"turns":5},{"damage":10,"enemies":"Small Slimes","floor":14,"turns":4},{"damage":37,"enemies":"Hexaghost","floor":16,"turns":13},{"damage":26,"enemies":"2 Thieves","floor":18,"turns":5},{"damage":18,"enemies":"Chosen","floor":19,"turns":5},{"damage":49,"enemies":"Book of Stabbing","floor":23,"turns":7},{"damage":29,"enemies":"Slavers","floor":27,"turns":4},{"damage":18,"enemies":"Snecko","floor":28,"turns":6},{"damage":10,"enemies":"3 Cultists","floor":29,"turns":2}],"seed_played":"264483651368641855","potions_obtained":[{"floor":1,"key":"FocusPotion"},{"floor":5,"key":"SkillPotion"},{"floor":14,"key":"EntropicBrew"},{"floor":16,"key":"Ancient Potion"},{"floor":19,"key":"Dexterity Potion"},{"floor":23,"key":"GamblersBrew"},{"floor":27,"key":"EssenceOfSteel"}],"is_trial":false,"path_per_floor":["M","?","?","?","M","R","E","R","T","R","E","T","R","M","R","B",null,"M","M","$","?","?","E","?","R","T","E","M"],"character_chosen":"DEFECT","items_purchased":["Bottled Tornado"],"campfire_rested":3,"item_purchase_floors":[20],"current_hp_per_floor":[69,62,44,44,50,50,32,54,54,54,25,25,47,47,47,35,75,59,51,51,51,51,16,16,38,38,21,5,0],"gold":207,"neow_bonus":"","is_prod":false,"is_daily":false,"chose_seed":false,"campfire_upgraded":3,"win_rate":0,"timestamp":1530986181,"path_taken":["M","?","?","?","M","R","E","R","T","R","E","?","R","M","R","BOSS","M","M","$","?","?","E","?","R","T","E","?","M"],"build_version":"2018-07-05","purchased_purges":1,"victory":false,"max_hp_per_floor":[75,75,75,75,75,75,75,75,75,75,75,75,75,75,75,75,75,75,75,75,75,75,75,75,75,75,75,75,75],"card_choices":[{"not_picked":["Ball Lightning","Stack"],"picked":"Self Repair","floor":1},{"not_picked":["Gash","FTL"],"picked":"Reinforced Body","floor":5},{"not_picked":["Lockon","Coolheaded","Go for the Eyes"],"picked":"SKIP","floor":7},{"not_picked":["Barrage","Conserve Battery"],"picked":"Loop","floor":11},{"not_picked":["Sweeping Beam","Barrage"],"picked":"Leap","floor":14},{"not_picked":["All For One","Reboot"],"picked":"Thunder Strike","floor":16},{"not_picked":["Hologram","Steam+1"],"picked":"Storm+1","floor":18},{"not_picked":["Lockon","Consume"],"picked":"Melter","floor":19},{"not_picked":["Beam Cell+1","Static Discharge"],"picked":"Sunder","floor":23},{"not_picked":["Undo","Steam","Melter"],"picked":"SKIP","floor":27},{"not_picked":["Stack","Hologram","Reprogram"],"picked":"SKIP","floor":28}],"player_experience":42681,"relics_obtained":[{"floor":7,"key":"Toolbox"},{"floor":9,"key":"Dodecahedron"},{"floor":11,"key":"Oddly Smooth Stone"},{"floor":12,"key":"Orichalcum"},{"floor":17,"key":"Bag of Preparation"},{"floor":17,"key":"Ornamental Fan"},{"floor":17,"key":"Sundial"},{"floor":23,"key":"Mummified Hand"},{"floor":26,"key":"Pen Nib"},{"floor":27,"key":"Regal Pillow"}],"event_choices":[{"event_name":"Golden Wing","player_choice":"Card Removal","floor":2,"damage_taken":0},{"event_name":"Golden Idol","player_choice":"Take Damage","floor":3,"damage_taken":0},{"event_name":"Big Fish","player_choice":"Box","floor":4,"damage_taken":0},{"event_name":"Vampires","player_choice":"Ignored","floor":21,"damage_taken":0},{"event_name":"Accursed Blacksmith","player_choice":"Rummage","floor":22,"damage_taken":0},{"event_name":"The Mausoleum","player_choice":"Yes","floor":24,"damage_taken":0}],"boss_relics":[{"not_picked":["Cursed Key","White Beast Statue"],"picked":"Calling Bell"}],"items_purged_floors":[20],"is_endless":false,"potions_floor_spawned":[1,5,14,16,19,23,27],"killed_by":"3 Cultists","ascension_level":1}