{"gold_per_floor":[119,129,54,66,83,83,96,96,122,141,41,60,79,30,30,133,133,143,126,1,1,19,19,19,19,19,34,52,52],"floor_reached":29,"playtime":1236,"items_purged":["Strike_B","Defend_B","Strike_B"],"score":254,"play_id":"fcc899fd-5055-4b10-af27-f0b3c298af64","local_time":"20180731014656","is_ascension_mode":true,"campfire_choices":[{"data":"Zap","floor":6,"key":"SMITH"},{"data":"Dualcast","floor":8,"key":"SMITH"},{"floor":15,"key":"REST"},{"data":"BootSequence","floor":23,"key":"SMITH"},{"data":"Gash","floor":25,"key":"SMITH"}],"neow_cost":"","seed_source_timestamp":1649564492535652,"circlet_count":0,"master_deck":["Strike_B+1","Strike_B","Defend_B","Defend_B","Defend_B","Zap+1","Dualcast+1","All For One+1","BootSequence+1","Gash+1","Reboot","Glacier+1","Redo+1","Scrape"],"relics":["Cracked Core","Regal Pillow","Black Star","Whetstone"],"potions_floor_usage":[5,7,12,16,22,27,27,29,29,29,29],"damage_taken":[{"damage":1,"enemies":"Cultist","floor":1,"turns":4},{"damage":2,"enemies":"Jaw Worm","floor":2,"turns":3},{"damage":3,"enemies":"Small Slimes","floor":4,"turns":4},{"damage":10,"enemies":"Gremlin Gang","floor":5,"turns":5},{"damage":0,"enemies":"Large Slime","floor":7,"turns":5},{"damage":23,"enemies":"Exordium Thugs","floor":10,"turns":5},{"damage":0,"enemies":"Gremlin Gang","floor":12,"turns":5},{"damage":0,"enemies":"3 Louse","floor":13,"turns":3},{"damage":48,"enemies":"The Guardian","floor":16,"turns":10},{"damage":0,"enemies":"Chosen","floor":18,"turns":3},{"damage":8,"enemies":"2 Thieves","floor":19,"turns":4},{"damage":11,"enemies":"3 Cultists","floor":22,"turns":6},{"damage":0,"enemies":"Snecko","floor":27,"turns":4},{"damage":11,"enemies":"Snake Plant","floor":28,"turns":2},{"damage":56,"enemies":"Centurion and Healer","floor":29,"turns":4}],"seed_played":"-4998778726312580166","potions_obtained":[{"floor":4,"key":"Energy Potion"},{"floor":5,"key":"Fire Potion"},{"floor":10,"key":"GamblersBrew"},{"floor":12,"key":"PowerPotion"},{"floor":16,"key":"GamblersBrew"},{"floor":18,"key":"Strength Potion"},{"floor":19,"key":"SpeedPotion"},{"floor":24,"key":"SkillPotion"},{"floor":24,"key":"EntropicBrew"},{"floor":24,"key":"PowerPotion"}],"is_trial":false,"path_per_floor":["M","M","$","M","M","R","M","R","T","M","$","M","M","$","R","B",null,"M","M","$","?","M","R","?","R","T","M","M"],"character_chosen":"DEFECT","items_purchased":["Gash"],"campfire_rested":1,"item_purchase_floors":[14],"current_hp_per_floor":[74,72,72,69,59,59,59,59,59,36,36,36,36,36,73,25,75,75,67,67,67,56,56,56,56,56,56,45,0],"gold":52,"neow_bonus":"","is_prod":false,"is_daily":false,"chose_seed":false,"campfire_upgraded":4,"win_rate":0,"timestamp":1532994416,"path_taken":["M","M","?","M","M","R","M","R","T","M","?","M","M","$","R","BOSS","M","M","$","?","M","R","?","R","T","?","M","M"],"build_version":"2018-07-26","purchased_purges":3,"victory":false,"max_hp_per_floor":[75,75,75,75,75,75,75,75,75,75,75,75,75,75,75,75,75,75,75,75,75,75,75,75,75,75,75,75,75],"card_choices":[{"not_picked":["Conserve Battery","Go for the Eyes","Reprogram"],"picked":"SKIP","floor":1},{"not_picked":["Blizzard","Coolheaded","Beam Cell"],"picked":"SKIP","floor":2},{"not_picked":["Hyperbeam","Ball Lightning","Go for the Eyes"],"picked":"SKIP","floor":4},{"not_picked":["Chaos","White Noise","Compile Driver"],"picked":"SKIP","floor":5},{"not_picked":["Stack","Redo"],"picked":"All For One","floor":7},{"not_picked":["Coolheaded","Doom and Gloom"],"picked":"BootSequence","floor":10},{"not_picked":["Coolheaded","Leap","Cold Snap"],"picked":"SKIP","floor":12},{"not_picked":["Leap","Redo","Ball Lightning"],"picked":"SKIP","floor":13},{"not_picked":["Core Surge","Biased Cognition"],"picked":"Reboot","floor":16},{"not_picked":["Ball Lightning","Fusion"],"picked":"Glacier+1","floor":18},{"not_picked":["Cold Snap+1","Force Field"],"picked":"Redo+1","floor":19},{"not_picked":["Lockon","Heatsinks","Compile Driver"],"picked":"SKIP","floor":22},{"not_picked":["Hello World","Reinforced Body"],"picked":"Scrape","floor":27},{"not_picked":["Reinforced Body","Double Energy","Compile Driver+1"],"picked":"SKIP","floor":28}],"player_experience":352130,"relics_obtained":[{"floor":9,"key":"Regal Pillow"},{"floor":26,"key":"Whetstone"}],"event_choices":[{"event_name":"Addict","player_choice":"Ignored","floor":21,"damage_taken":0},{"event_name":"The Lab","player_choice":"Got Potions","floor":24,"damage_taken":0}],"is_beta":false,"boss_relics":[{"not_picked":["Busted Crown","Astrolabe"],"picked":"Black Star"}],"items_purged_floors":[3,11,20],"is_endless":false,"potions_floor_spawned":[4,5,10,12,16,18,19],"killed_by":"Centurion and Healer","ascension_level":3}