{"gold_per_floor":[109,284,284,284,284,284,317,317,317,317,332,352,395,33,33,159,159,159],"floor_reached":18,"playtime":1673,"items_purged":[],"score":239,"play_id":"52f55cd1-b219-453a-9c42-45481416c8f0","local_time":"20190402214412","is_ascension_mode":true,"campfire_choices":[{"data":"Dualcast","floor":6,"key":"SMITH"},{"floor":10,"key":"RECALL"},{"floor":15,"key":"REST"}],"neow_cost":"NONE","seed_source_timestamp":1773611201195381,"circlet_count":0,"master_deck":["Strike_B","Strike_B","Strike_B","Strike_B","Defend_B","Defend_B","Defend_B","Defend_B","Zap+1","Dualcast+1","Sweeping Beam+1","Doubt","Injury","Thunder Strike+1","BootSequence","Double Energy","Buffer","Amplify"],"relics":["Cracked Core","NeowsBlessing","Golden Idol","Shuriken","Mango","Potion Belt","Toolbox","Art of War","Nuclear Battery"],"potions_floor_usage":[13,16,16],"damage_taken":[{"damage":0,"enemies":"Small Slimes","floor":1,"turns":1},{"damage":0,"enemies":"3 Sentries","floor":7,"turns":1},{"damage":0,"enemies":"2 Louse","floor":11,"turns":1},{"damage":1,"enemies":"Cultist","floor":12,"turns":3},{"damage":46,"enemies":"Gremlin Nob","floor":13,"turns":5},{"damage":12,"enemies":"The Guardian","floor":16,"turns":9},{"damage":2,"enemies":"Shell Parasite","floor":18,"turns":3}],"seed_played":"7017803140919514840","potions_obtained":[{"floor":11,"key":"SteroidPotion"},{"floor":12,"key":"Dexterity Potion"},{"floor":13,"key":"Dexterity Potion"}],"is_trial":false,"path_per_floor":["M","?","?","?","?","R","E","?","T","R","M","M","E","$","R","B",null,"M"],"character_chosen":"DEFECT","items_purchased":["Toolbox","Art of War"],"campfire_rested":1,"item_purchase_floors":[14,14],"current_hp_per_floor":[75,75,75,60,53,53,67,67,67,67,67,66,20,20,46,34,75,73],"gold":159,"neow_bonus":"THREE_ENEMY_KILL","is_prod":false,"is_daily":false,"chose_seed":false,"campfire_upgraded":1,"win_rate":0,"timestamp":1554266652,"path_taken":["M","?","?","?","?","R","E","?","T","R","?","M","E","$","R","BOSS","M"],"build_version":"2019-01-23","purchased_purges":0,"victory":false,"max_hp_per_floor":[75,75,75,75,75,75,89,89,89,89,89,89,89,89,89,89,89,89],"card_choices":[{"not_picked":["Gash","Auto Shields"],"picked":"Sweeping Beam","floor":1},{"not_picked":["Chill","Hologram"],"picked":"Thunder Strike","floor":7},{"not_picked":["Leap","Force Field"],"picked":"BootSequence","floor":11},{"not_picked":["Steam","Force Field"],"picked":"Double Energy","floor":12},{"not_picked":["Compile Driver","Streamline"],"picked":"Buffer","floor":13},{"not_picked":["Multi-Cast","Thunder Strike"],"picked":"Amplify","floor":16}],"player_experience":497593,"relics_obtained":[{"floor":7,"key":"Mango"},{"floor":13,"key":"Potion Belt"}],"event_choices":[{"damage_healed":0,"gold_gain":175,"player_choice":"AGREE","damage_taken":0,"max_hp_gain":0,"max_hp_loss":0,"event_name":"Liars Game","floor":2,"gold_loss":0,"cards_obtained":["Doubt"]},{"damage_healed":0,"gold_gain":0,"player_choice":"Take Wound","damage_taken":0,"relics_obtained":["Golden Idol"],"max_hp_gain":0,"max_hp_loss":0,"event_name":"Golden Idol","floor":3,"gold_loss":0,"cards_obtained":["Injury"]},{"damage_healed":0,"gold_gain":0,"player_choice":"Entered Light","damage_taken":15,"max_hp_gain":0,"max_hp_loss":0,"event_name":"Shining Light","floor":4,"gold_loss":0,"cards_upgraded":["Sweeping Beam","Zap"]},{"damage_healed":0,"gold_gain":0,"player_choice":"Success","damage_taken":7,"relics_obtained":["Shuriken"],"max_hp_gain":0,"max_hp_loss":0,"event_name":"Scrap Ooze","floor":5,"gold_loss":0},{"damage_healed":0,"gold_gain":0,"player_choice":"Forge","damage_taken":0,"max_hp_gain":0,"max_hp_loss":0,"event_name":"Accursed Blacksmith","floor":8,"gold_loss":0,"cards_upgraded":["Thunder Strike"]}],"is_beta":false,"boss_relics":[{"not_picked":["Lizard Tail","Snecko Eye"],"picked":"Nuclear Battery"}],"items_purged_floors":[],"is_endless":false,"potions_floor_spawned":[11,12,13],"killed_by":"Shell Parasite","ascension_level":5}