{"path_per_floor":["M","M","$","M","M","R","M","M","T","M","R","?","M","?","R","B",null,"M","M","M","$","M"],"character_chosen":"IRONCLAD","items_purchased":["Anchor"],"gold_per_floor":[116,135,60,77,90,90,109,120,120,138,138,138,154,154,154,259,259,271,287,306,58,71,71],"floor_reached":23,"campfire_rested":0,"playtime":1124,"current_hp_per_floor":[76,80,80,80,62,62,66,72,86,84,84,84,90,71,71,36,94,94,94,67,67,55,0],"items_purged":["Strike_R","Reckless Charge"],"gold":71,"score":189,"play_id":"701c804b-a674-435f-a41a-556664a18d95","local_time":"20180515113251","is_prod":false,"is_daily":false,"chose_seed":false,"is_ascension_mode":false,"campfire_upgraded":3,"timestamp":1526355171,"path_taken":["M","M","$","M","M","R","M","M","T","M","R","?","M","?","R","BOSS","M","M","?","$","M","E"],"build_version":"2018-05-10","seed_source_timestamp":6556516727172,"purchased_purges":2,"victory":false,"master_deck":["Defend_R","Defend_R+1","Defend_R","Defend_R+1","Bash","Entrench+1","Pummel","Iron Wave","Body Slam+1","Body Slam+1","Feed","Pommel Strike+1","Armaments+1","Metallicize"],"max_hp_per_floor":[80,80,80,80,80,80,80,80,94,94,94,94,94,94,94,94,94,94,94,94,94,94,94],"relics":["Burning Blood","Mango","Astrolabe","Anchor"],"card_choices":[{"not_picked":["Armaments","Ghostly Armor"],"picked":"Entrench","floor":1},{"not_picked":["Cleave","Clash"],"picked":"Pummel","floor":2},{"not_picked":["Spot Weakness","Power Through"],"picked":"Iron Wave","floor":5},{"not_picked":["Twin Strike","Corruption"],"picked":"Body Slam","floor":7},{"not_picked":["Infernal Blade","Inflame"],"picked":"Body Slam","floor":13},{"not_picked":["Exhume","Immolate"],"picked":"Feed","floor":16},{"not_picked":["Bloodletting","Sentinel"],"picked":"Metallicize","floor":22}],"player_experience":172881,"potions_floor_usage":[7,8,13,16,20,23],"damage_taken":[{"damage":10,"enemies":"Jaw Worm","floor":1,"turns":5},{"damage":2,"enemies":"Small Slimes","floor":2,"turns":3},{"damage":6,"enemies":"Cultist","floor":4,"turns":3},{"damage":24,"enemies":"Blue Slaver","floor":5,"turns":3},{"damage":2,"enemies":"2 Fungi Beasts","floor":7,"turns":4},{"damage":0,"enemies":"Gremlin Gang","floor":8,"turns":5},{"damage":8,"enemies":"3 Louse","floor":10,"turns":4},{"damage":0,"enemies":"Lots of Slimes","floor":13,"turns":6},{"damage":41,"enemies":"The Guardian","floor":16,"turns":12},{"damage":0,"enemies":"Chosen","floor":18,"turns":4},{"damage":0,"enemies":"Spheric Guardian","floor":19,"turns":3},{"damage":33,"enemies":"Cultist and Chosen","floor":20,"turns":8},{"damage":18,"enemies":"Snecko","floor":22,"turns":9},{"damage":63,"enemies":"Gremlin Leader","floor":23,"turns":7}],"event_choices":[{"event_name":"Living Wall","player_choice":"Forget","floor":12,"damage_taken":0},{"event_name":"Shining Light","player_choice":"Entered Light","floor":14,"damage_taken":0}],"boss_relics":[{"not_picked":["Pandora\u0027s Box","Orrery"],"picked":"Astrolabe"}],"potions_floor_spawned":[2,5,7,8,19,20],"seed_played":"4365839276089432881","killed_by":"Gremlin Leader","ascension_level":0,"is_trial":false}