{"path_per_floor":["M","M","M","M","M","R","?","R","T","$","R","$","?","M","R","B",null,"M","?","$","?","?","R","M","R","T","M","M","?","M","M","R"],"character_chosen":"DEFECT","items_purchased":["Dark Shackles"],"gold_per_floor":[118,138,152,162,181,181,181,181,181,6,6,6,64,76,76,181,181,201,234,234,234,234,234,251,251,251,261,276,201,215,233,233,233],"floor_reached":33,"campfire_rested":3,"playtime":1525,"current_hp_per_floor":[67,62,61,64,44,44,44,44,44,44,44,44,39,39,61,8,58,53,12,12,12,12,34,31,31,41,47,23,23,14,20,45,0],"items_purged":["Normality"],"gold":233,"score":335,"play_id":"6ce839cd-f366-4f5c-bb61-e329dd0e1360","local_time":"20180517092446","is_prod":false,"is_daily":false,"chose_seed":false,"is_ascension_mode":true,"campfire_upgraded":4,"timestamp":1526563486,"campfire_choices":[{"data":"Darkness","floor":6,"key":"SMITH"},{"data":"Dualcast","floor":8,"key":"SMITH"},{"data":"Steam","floor":11,"key":"SMITH"},{"floor":15,"key":"REST"},{"floor":23,"key":"REST"},{"data":"Electrodynamics","floor":25,"key":"SMITH"},{"floor":32,"key":"REST"}],"path_taken":["M","?","M","M","?","R","?","R","T","$","R","$","?","M","R","BOSS","M","?","?","?","?","R","?","R","T","M","M","?","M","M","R","BOSS"],"build_version":"2018-05-16","seed_source_timestamp":92554909427327,"purchased_purges":2,"victory":false,"master_deck":["Strike_B+1","Strike_B+1","Defend_B+1","Defend_B+1","Defend_B+1","Zap","Dualcast+1","Steam+1","Darkness+1","Self Repair","Turbo","Dark Shackles","Leap","Ball Lightning","Echo Form","Creative AI+1","Thunder Strike+1","Hello World+1","Skim","Beam Cell+1","Electrodynamics+1","Chill","Auto Shields+1","Hologram+1"],"max_hp_per_floor":[75,75,75,75,75,75,75,75,75,75,75,75,75,75,75,75,75,75,75,75,75,75,75,75,75,85,85,85,85,85,85,85,85],"relics":["Cracked Core","Letter Opener","Matryoshka","Shuriken","Astrolabe","Red Mask","Bottled Tornado","Pear"],"card_choices":[{"not_picked":["Stack","Capacitor"],"picked":"Steam","floor":1},{"not_picked":["Cold Snap","Steam"],"picked":"Darkness","floor":2},{"not_picked":["Ball Lightning","FTL"],"picked":"Self Repair","floor":3},{"not_picked":["Genetic Algorithm","Leap"],"picked":"Barrage","floor":4},{"not_picked":["Go for the Eyes","Multi-Cast"],"picked":"Turbo","floor":5},{"not_picked":["Capacitor","Force Field"],"picked":"Leap","floor":13},{"not_picked":["Barrage","Go for the Eyes"],"picked":"Ball Lightning","floor":14},{"not_picked":["Fission","Thunder Strike"],"picked":"Echo Form","floor":16},{"not_picked":["Turbo+1","Ball Lightning+1"],"picked":"Skim","floor":18},{"not_picked":["Steam","Hologram"],"picked":"Beam Cell+1","floor":19},{"not_picked":["Tempest","Axe Kick"],"picked":"Electrodynamics","floor":24},{"not_picked":["Chaos","Cold Snap","Capacitor"],"picked":"SKIP","floor":27},{"not_picked":["Aggregate","Stack"],"picked":"Chill","floor":28},{"not_picked":["Streamline","Go for the Eyes+1"],"picked":"Auto Shields+1","floor":30},{"not_picked":["Coolheaded+1","Ball Lightning"],"picked":"Hologram+1","floor":31}],"player_experience":91459,"potions_floor_usage":[13,16,19,28,30],"damage_taken":[{"damage":1,"enemies":"Cultist","floor":1,"turns":4},{"damage":5,"enemies":"Small Slimes","floor":2,"turns":3},{"damage":1,"enemies":"2 Louse","floor":3,"turns":3},{"damage":4,"enemies":"2 Fungi Beasts","floor":4,"turns":4},{"damage":27,"enemies":"Large Slime","floor":5,"turns":6},{"damage":12,"enemies":"Lagavulin Event","floor":13,"turns":5},{"damage":0,"enemies":"Blue Slaver","floor":14,"turns":3},{"damage":60,"enemies":"The Guardian","floor":16,"turns":9},{"damage":5,"enemies":"Shell Parasite","floor":18,"turns":4},{"damage":48,"enemies":"Masked Bandits","floor":19,"turns":4},{"damage":10,"enemies":"Spheric Guardian","floor":24,"turns":5},{"damage":8,"enemies":"Centurion and Healer","floor":27,"turns":6},{"damage":24,"enemies":"Cultist and Chosen","floor":28,"turns":6},{"damage":16,"enemies":"Snake Plant","floor":30,"turns":4},{"damage":8,"enemies":"Centurion and Healer","floor":31,"turns":9},{"damage":46,"enemies":"Automaton","floor":33,"turns":8}],"relics_obtained":[{"floor":9,"key":"Matryoshka"},{"floor":13,"key":"Shuriken"},{"floor":19,"key":"Red Mask"},{"floor":26,"key":"Bottled Tornado"},{"floor":26,"key":"Pear"}],"event_choices":[{"event_name":"Accursed Blacksmith","player_choice":"Rummage","floor":7,"damage_taken":0},{"event_name":"Dead Adventurer","player_choice":"Searched \u00272\u0027 times","floor":13,"damage_taken":0},{"event_name":"Masked Bandits","player_choice":"Fought over 201 gold","floor":19,"damage_taken":0},{"event_name":"Vampires","player_choice":"Ignored","floor":21,"damage_taken":0},{"event_name":"Back to Basics","player_choice":"Simplicity","floor":22,"damage_taken":0},{"event_name":"Beggar","player_choice":"Gave Gold","floor":29,"damage_taken":0}],"boss_relics":[{"not_picked":["Ectoplasm","Philosopher\u0027s Stone"],"picked":"Astrolabe"}],"potions_floor_spawned":[2,13,14,24,27],"seed_played":"8705588758378807251","killed_by":"Automaton","ascension_level":8,"potions_obtained":[{"floor":2,"key":"EssenceOfSteel"},{"floor":13,"key":"PowerPotion"},{"floor":14,"key":"LiquidBronze"},{"floor":24,"key":"Fire Potion"},{"floor":27,"key":"Ancient Potion"}],"is_trial":false}