{"gold_per_floor":[114,114,114,114,23,53,68,68,118,133,208,208,58,73,73,173,173,188,203,218,163,163,163,178,193,193,208,93,108,138,163,163,263,263,278,1277,1310,78,93,93,123,138,138,138,153,168,168,168,168,168],"floor_reached":51,"playtime":1705,"items_purged":[],"score":1047,"play_id":"2c8c0255-9b43-423b-9319-d873e693085d","local_time":"20180731132356","daily_mods":["Brewmaster","Time Dilation","Hoarder"],"is_ascension_mode":false,"campfire_choices":[{"data":"Flex","floor":8,"key":"SMITH"},{"data":"Flex","floor":12,"key":"SMITH"},{"data":"Havoc","floor":15,"key":"SMITH"},{"data":"Havoc","floor":23,"key":"SMITH"},{"floor":32,"key":"REST"},{"data":"Mind Blast","floor":40,"key":"SMITH"},{"data":"Mind Blast","floor":49,"key":"SMITH"}],"neow_cost":"","seed_source_timestamp":0,"circlet_count":0,"master_deck":["Strike_R","Strike_R","Strike_R","Strike_R","Strike_R","Defend_R","Defend_R","Defend_R","Defend_R","Bash","Venomology","Venomology","Venomology","Venomology","Venomology","Venomology","Venomology","Venomology","Venomology","Venomology","Venomology","Venomology","Venomology","Venomology","Headbutt","Headbutt","Headbutt","Regret","Regret","Regret","Flex+1","Flex","Flex+1","Iron Wave","Iron Wave","Iron Wave","Twin Strike","Twin Strike","Twin Strike","Shockwave","Shockwave","Shockwave","Havoc+1","Havoc","Havoc+1","Flash of Steel","Flash of Steel","Flash of Steel","Spot Weakness","Spot Weakness","Spot Weakness","Offering","Offering","Offering","True Grit+1","True Grit+1","True Grit+1","Seeing Red","Seeing Red","Seeing Red","Flex+1","Flex+1","Flex+1","Fiend Fire","Fiend Fire","Fiend Fire","Rupture+1","Rupture+1","Rupture+1","Double Tap","Double Tap","Double Tap","Perfected Strike+1","Perfected Strike+1","Perfected Strike+1","Normality","Normality","Normality","Normality","Normality","Normality","Mayhem","Mayhem","Mayhem","Flash of Steel","Flash of Steel","Flash of Steel","Bandage Up","Bandage Up","Bandage Up","Chrysalis","Chrysalis","Chrysalis","Mind Blast+1","Mind Blast+1","Mind Blast","Madness","Madness","Madness","Madness","Madness","Madness"],"special_seed":17743,"relics":["Burning Blood","White Beast Statue","Blood Vial","Charon\u0027s Ashes","Turnip","Bag of Marbles","Black Star","Tiny Chest","StoneCalendar","The Courier","Blue Candle","Bottled Flame","Ancient Tea Set","Eternal Feather","Gambling Chip","Strange Spoon","Bag of Preparation","Gremlin Horn","Oddly Smooth Stone","Bronze Scales","Strawberry","Magic Flower"],"potions_floor_usage":[1,1,1,1,6,6,6,6,6,7,7,7,7,7,10,10,16,16,16,16,16,16,19,19,19,20,20,20,20,25,25,25,25,27,27,27,29,29,30,30,30,33,33,33,33,33,33,33,33,35,35,35,37,41],"damage_taken":[{"damage":3,"enemies":"Cultist","floor":1,"turns":5},{"damage":15,"enemies":"3 Sentries","floor":6,"turns":4},{"damage":0,"enemies":"Small Slimes","floor":7,"turns":2},{"damage":0,"enemies":"2 Louse","floor":10,"turns":1},{"damage":7,"enemies":"Blue Slaver","floor":14,"turns":3},{"damage":30,"enemies":"The Guardian","floor":16,"turns":6},{"damage":15,"enemies":"3 Byrds","floor":18,"turns":3},{"damage":17,"enemies":"Chosen","floor":19,"turns":4},{"damage":0,"enemies":"Snake Plant","floor":20,"turns":1},{"damage":13,"enemies":"Centurion and Healer","floor":24,"turns":4},{"damage":12,"enemies":"3 Cultists","floor":25,"turns":3},{"damage":7,"enemies":"Snecko","floor":27,"turns":3},{"damage":9,"enemies":"Sentry and Sphere","floor":29,"turns":3},{"damage":29,"enemies":"Gremlin Leader","floor":30,"turns":4},{"damage":82,"enemies":"Champ","floor":33,"turns":8},{"damage":29,"enemies":"Flame Bruiser 1 Orb","floor":35,"turns":3},{"damage":12,"floor":37,"turns":5},{"damage":0,"enemies":"3 Shapes","floor":39,"turns":2},{"damage":0,"enemies":"Giant Head","floor":41,"turns":1},{"damage":0,"enemies":"Maw","floor":42,"turns":1},{"damage":0,"enemies":"Spire Growth","floor":45,"turns":1},{"damage":12,"enemies":"Transient","floor":46,"turns":5},{"damage":7,"enemies":"Time Eater","floor":50,"turns":1}],"seed_played":"4161929215003559377","potions_obtained":[{"floor":1,"key":"FairyPotion"},{"floor":7,"key":"GamblersBrew"},{"floor":10,"key":"Weak Potion"},{"floor":14,"key":"Energy Potion"},{"floor":16,"key":"FearPotion"},{"floor":19,"key":"Explosive Potion"},{"floor":20,"key":"FearPotion"},{"floor":24,"key":"Swift Potion"},{"floor":25,"key":"Poison Potion"},{"floor":27,"key":"Poison Potion"},{"floor":33,"key":"Strength Potion"},{"floor":35,"key":"Explosive Potion"},{"floor":37,"key":"SpeedPotion"},{"floor":39,"key":"Fire Potion"},{"floor":41,"key":"GamblersBrew"}],"is_trial":false,"path_per_floor":["M","$","?","?","$","E","M","R","T","M","?","R","$","M","R","B",null,"M","M","M","?","?","R","M","M","T","M","$","M","E","T","R","B",null,"M","?","?","$","M","R","E","M","T","$","M","M","?","?","R","B"],"character_chosen":"IRONCLAD","items_purchased":["Flex","Iron Wave","Havoc","Flash of Steel","Fiend Fire","Mayhem","Flash of Steel","Bandage Up","Chrysalis","Mind Blast","Strange Spoon","Bag of Preparation","Gremlin Horn","Oddly Smooth Stone"],"campfire_rested":1,"item_purchase_floors":[5,5,13,13,28,38,38,38,38,38,38,38,38,38],"current_hp_per_floor":[80,80,77,77,77,70,78,78,78,80,69,69,69,70,70,56,80,71,62,70,70,70,70,65,61,61,62,62,61,48,48,72,9,80,57,57,53,53,61,80,87,87,87,87,87,87,87,76,87,87],"gold":168,"neow_bonus":"","is_prod":false,"is_daily":true,"chose_seed":false,"campfire_upgraded":6,"win_rate":0,"timestamp":1533057836,"path_taken":["M","$","?","?","?","E","?","R","T","M","?","R","$","?","R","BOSS","M","M","M","?","?","R","M","M","T","M","$","M","E","?","R","BOSS","M","?","?","$","M","R","E","M","T","$","?","M","?","?","R","BOSS"],"build_version":"2018-07-30","purchased_purges":0,"victory":true,"max_hp_per_floor":[80,80,80,80,80,80,80,80,80,80,80,80,80,80,80,80,80,80,80,80,80,80,80,80,80,80,80,80,80,80,80,80,80,80,80,80,80,80,80,80,87,87,87,87,87,87,87,87,87,87],"card_choices":[{"not_picked":["Shrug It Off","Blood for Blood"],"picked":"Headbutt","floor":1},{"not_picked":["Bloodletting","Headbutt","Warcry"],"picked":"SKIP","floor":6},{"not_picked":["Power Through","Battle Trance"],"picked":"Twin Strike","floor":7},{"not_picked":["Fire Breathing","Thunderclap"],"picked":"Shockwave","floor":10},{"not_picked":["Power Through","Body Slam"],"picked":"Spot Weakness","floor":14},{"not_picked":["Juggernaut","Exhume"],"picked":"Offering","floor":16},{"not_picked":["Searing Blow","Body Slam+1"],"picked":"True Grit+1","floor":18},{"not_picked":["Iron Wave","Heavy Blade"],"picked":"Seeing Red","floor":19},{"not_picked":["Inflame","Warcry+1","Twin Strike"],"picked":"SKIP","floor":20},{"not_picked":["Perfected Strike","Clothesline","Pommel Strike+1"],"picked":"SKIP","floor":24},{"not_picked":["Pommel Strike","True Grit","Flex"],"picked":"SKIP","floor":25},{"not_picked":["Disarm","Iron Wave"],"picked":"Flex+1","floor":27},{"not_picked":["Intimidate+1","Anger"],"picked":"Rupture+1","floor":29},{"not_picked":["Flame Barrier+1","Juggernaut","Entrench"],"picked":"SKIP","floor":30},{"not_picked":["Feed","Barricade"],"picked":"Double Tap","floor":33},{"not_picked":["Anger+1","Armaments+1"],"picked":"Perfected Strike+1","floor":35},{"not_picked":["Clothesline","Headbutt","Heavy Blade+1"],"picked":"SKIP","floor":39},{"not_picked":["Hemokinesis+1","Dropkick+1","Clothesline+1"],"picked":"SKIP","floor":41},{"not_picked":["Headbutt+1","Wild Strike","Iron Wave"],"picked":"SKIP","floor":42},{"not_picked":["Feel No Pain+1","Inflame+1","Twin Strike"],"picked":"SKIP","floor":45},{"not_picked":["Pommel Strike+1","Thunderclap","Wild Strike"],"picked":"SKIP","floor":46}],"player_experience":175628,"relics_obtained":[{"floor":6,"key":"Turnip"},{"floor":9,"key":"Bag of Marbles"},{"floor":26,"key":"The Courier"},{"floor":30,"key":"Blue Candle"},{"floor":30,"key":"Bottled Flame"},{"floor":31,"key":"Ancient Tea Set"},{"floor":37,"key":"Gambling Chip"},{"floor":41,"key":"Bronze Scales"},{"floor":41,"key":"Strawberry"},{"floor":43,"key":"Magic Flower"}],"event_choices":[{"event_name":"Scrap Ooze","player_choice":"success","floor":3,"damage_taken":3},{"event_name":"Big Fish","player_choice":"Box","floor":4,"damage_taken":0},{"event_name":"World of Goop","player_choice":"Gather Gold","floor":11,"damage_taken":0},{"event_name":"Addict","player_choice":"Obtained Relic","floor":21,"damage_taken":0},{"event_name":"WeMeetAgain","player_choice":"Card","floor":22,"damage_taken":0},{"event_name":"MindBloom","player_choice":"Gold","floor":36,"damage_taken":0},{"event_name":"Mysterious Sphere","player_choice":"Fight","floor":37,"damage_taken":0},{"event_name":"SecretPortal","player_choice":"Rejected Portal.","floor":47,"damage_taken":0},{"event_name":"Winding Halls","player_choice":"Embrace Madness","floor":48,"damage_taken":0}],"is_beta":true,"boss_relics":[{"not_picked":["Coffee Dripper","Runic Pyramid"],"picked":"Black Star"},{"not_picked":["Runic Cube","Fusion Hammer"],"picked":"Eternal Feather"}],"items_purged_floors":[],"is_endless":false,"potions_floor_spawned":[1,6,7,10,14,16,18,19,20,24,25,27,29,30,33,35,37,39,41,42,45,46],"ascension_level":0}