{"gold_per_floor":[109,128,141,141,191,222,222,235,235,235,122,122,154,173,173,277,277,290,340,38,51,101,101,117,187,255,289,289,319,338,400,400,495,495,514,584,634,651,753,778,778,795,843,911,940,940,1062,530,530,530],"floor_reached":51,"playtime":1776,"items_purged":["Strike_B","Strike_B","Zap"],"score":1223,"play_id":"100e77fd-9bd2-40aa-911d-069c83c17415","local_time":"20181003152948","is_ascension_mode":true,"campfire_choices":[{"floor":7,"key":"REST"},{"floor":10,"key":"REST"},{"data":"Genetic Algorithm","floor":12,"key":"SMITH"},{"floor":15,"key":"REST"},{"data":"Storm","floor":23,"key":"SMITH"},{"data":"Genetic Algorithm","floor":28,"key":"SMITH"},{"data":"Electrodynamics","floor":32,"key":"SMITH"},{"data":"Rainbow","floor":41,"key":"SMITH"},{"data":"Conserve Battery","floor":46,"key":"SMITH"},{"data":"Enlightenment","floor":49,"key":"SMITH"}],"neow_cost":"PERCENT_DAMAGE","seed_source_timestamp":24029154023904,"circlet_count":0,"master_deck":["Defend_B","Defend_B","Defend_B","Defend_B","Dualcast","Electrodynamics+1","Doom and Gloom","Genetic Algorithm+1","Ball Lightning","Amplify","Glacier","Self Repair","Storm+1","Genetic Algorithm+1","Seek","Capacitor+1","Reinforced Body","Echo Form","Conserve Battery+1","Barrage+1","Rainbow+1","Tempest+1","Panacea","Enlightenment+1","Auto Shields+1","Blizzard+1"],"relics":["Cracked Core","SsserpentHead","FossilizedHelix","Mercury Hourglass","Symbiotic Virus","Nuclear Battery","Runic Capacitor","Mummified Hand","Strawberry","Blood Vial","Coffee Dripper","Unceasing Top","Question Card","Potion Belt","Pear","Bottled Tornado","Toy Ornithopter","Pen Nib"],"potions_floor_usage":[13,16,16,29,36,50,50],"damage_taken":[{"damage":1,"enemies":"Cultist","floor":1,"turns":3},{"damage":0,"enemies":"Small Slimes","floor":2,"turns":2},{"damage":17,"enemies":"Jaw Worm","floor":3,"turns":4},{"damage":22,"enemies":"Lagavulin","floor":6,"turns":5},{"damage":0,"enemies":"Large Slime","floor":8,"turns":3},{"damage":13,"enemies":"3 Sentries","floor":13,"turns":4},{"damage":0,"enemies":"Gremlin Gang","floor":14,"turns":2},{"damage":0,"enemies":"Slime Boss","floor":16,"turns":5},{"damage":15,"enemies":"Chosen","floor":18,"turns":5},{"damage":23,"enemies":"3 Byrds","floor":21,"turns":3},{"damage":0,"enemies":"Snake Plant","floor":24,"turns":3},{"damage":9,"enemies":"Centurion and Healer","floor":25,"turns":3},{"damage":6,"enemies":"Book of Stabbing","floor":27,"turns":5},{"damage":11,"enemies":"Gremlin Leader","floor":29,"turns":5},{"damage":0,"enemies":"3 Cultists","floor":30,"turns":3},{"damage":8,"enemies":"Snake Plant","floor":31,"turns":3},{"damage":0,"enemies":"Champ","floor":33,"turns":8},{"damage":0,"enemies":"Orb Walker","floor":35,"turns":3},{"damage":12,"enemies":"3 Darklings","floor":36,"turns":3},{"damage":0,"enemies":"Transient","floor":38,"turns":5},{"damage":6,"enemies":"Mysterious Sphere","floor":39,"turns":2},{"damage":0,"enemies":"2 Orb Walkers","floor":40,"turns":3},{"damage":25,"enemies":"Spire Growth","floor":42,"turns":4},{"damage":17,"enemies":"Sphere and 2 Shapes","floor":44,"turns":4},{"damage":6,"enemies":"Nemesis","floor":45,"turns":6},{"damage":46,"enemies":"Awakened One","floor":50,"turns":10}],"seed_played":"-7589629958959837937","potions_obtained":[{"floor":2,"key":"Strength Potion"},{"floor":3,"key":"GamblersBrew"},{"floor":6,"key":"FocusPotion"},{"floor":8,"key":"AttackPotion"},{"floor":25,"key":"AttackPotion"},{"floor":29,"key":"Explosive Potion"},{"floor":33,"key":"Block Potion"},{"floor":35,"key":"SkillPotion"},{"floor":36,"key":"Strength Potion"},{"floor":42,"key":"Swift Potion"},{"floor":44,"key":"Swift Potion"}],"is_trial":false,"path_per_floor":["M","M","M","?","?","E","R","M","T","R","$","R","E","M","R","B",null,"M","?","$","M","?","R","M","M","T","E","R","E","M","M","R","B",null,"M","M","?","M","?","E","R","M","T","M","E","R","T","$","R","B"],"character_chosen":"DEFECT","items_purchased":["Self Repair","Runic Capacitor","Toy Ornithopter","Pen Nib","Swift Potion"],"campfire_rested":3,"item_purchase_floors":[11,20,48,48,48],"current_hp_per_floor":[49,49,32,32,32,10,32,32,32,54,54,54,48,48,70,75,75,67,67,67,51,51,51,58,56,56,64,64,60,76,77,77,82,82,82,77,72,82,76,78,78,55,55,47,60,60,60,60,60,33],"gold":530,"neow_bonus":"THREE_RARE_CARDS","is_prod":false,"is_daily":false,"chose_seed":false,"campfire_upgraded":7,"win_rate":0,"timestamp":1538573388,"path_taken":["M","?","M","?","?","E","R","M","T","R","$","R","E","M","R","BOSS","M","?","$","M","?","R","M","?","T","E","R","E","M","?","R","BOSS","M","?","?","M","?","E","R","M","T","?","E","R","?","$","R","BOSS"],"build_version":"2018-10-02","purchased_purges":3,"victory":true,"max_hp_per_floor":[75,75,75,75,75,75,75,75,75,75,75,75,75,75,75,75,75,75,75,75,75,75,75,75,75,75,82,82,82,82,82,82,82,82,82,82,82,82,82,82,82,82,82,82,92,92,92,92,92,92],"card_choices":[{"not_picked":["Machine Learning","Rainbow"],"picked":"Electrodynamics","floor":0},{"not_picked":["Rebound","Force Field"],"picked":"Doom and Gloom","floor":1},{"not_picked":["Go for the Eyes","Rebound"],"picked":"Genetic Algorithm","floor":2},{"not_picked":["Steam Power","Gash"],"picked":"Ball Lightning","floor":3},{"not_picked":["Force Field","Steam"],"picked":"Amplify","floor":6},{"not_picked":["Sweeping Beam","Gash"],"picked":"Glacier","floor":8},{"not_picked":["Barrage","Turbo"],"picked":"Storm","floor":13},{"not_picked":["Conserve Battery","Scrape"],"picked":"Genetic Algorithm","floor":14},{"not_picked":["Hyperbeam","Electrodynamics"],"picked":"Seek","floor":16},{"not_picked":["Ball Lightning","Streamline+1"],"picked":"Capacitor+1","floor":18},{"not_picked":["Aggregate","Stack","Barrage"],"picked":"SKIP","floor":21},{"not_picked":["Rebound","Streamline"],"picked":"Reinforced Body","floor":24},{"not_picked":["Rebound","Skim","Steam"],"picked":"SKIP","floor":25},{"not_picked":["Sweeping Beam","Double Energy"],"picked":"Echo Form","floor":27},{"not_picked":["Leap","Rip and Tear"],"picked":"Conserve Battery","floor":29},{"not_picked":["Blizzard+1","Redo"],"picked":"Barrage+1","floor":30},{"not_picked":["BootSequence","Static Discharge","Gash"],"picked":"SKIP","floor":31},{"not_picked":["Thunder Strike","Machine Learning"],"picked":"Rainbow","floor":33},{"not_picked":["Redo+1","Genetic Algorithm+1"],"picked":"Tempest+1","floor":35},{"not_picked":["Glacier","Capacitor","Static Discharge"],"picked":"SKIP","floor":36},{"not_picked":["Good Instincts","Trip"],"picked":"Panacea","floor":37},{"not_picked":["Madness","Swift Strike"],"picked":"Enlightenment","floor":37},{"not_picked":["Ball Lightning+1","Steam+1","Streamline+1"],"picked":"SKIP","floor":38},{"not_picked":["Conserve Battery","Ball Lightning+1"],"picked":"Auto Shields+1","floor":39},{"not_picked":["Cold Snap","Amplify","Beam Cell+1"],"picked":"SKIP","floor":40},{"not_picked":["Rebound","Turbo+1","Chill"],"picked":"Blizzard+1","floor":42},{"not_picked":["Chaos","Go for the Eyes+1","Steam+1","Force Field"],"picked":"SKIP","floor":44},{"not_picked":["Ball Lightning+1","Hologram+1","All For One","Chaos"],"picked":"SKIP","floor":45}],"player_experience":144005,"relics_obtained":[{"floor":6,"key":"FossilizedHelix"},{"floor":9,"key":"Mercury Hourglass"},{"floor":13,"key":"Symbiotic Virus"},{"floor":26,"key":"Mummified Hand"},{"floor":27,"key":"Strawberry"},{"floor":29,"key":"Blood Vial"},{"floor":39,"key":"Unceasing Top"},{"floor":40,"key":"Question Card"},{"floor":43,"key":"Potion Belt"},{"floor":45,"key":"Pear"},{"floor":47,"key":"Bottled Tornado"}],"event_choices":[{"event_name":"FaceTrader","player_choice":"Trade","floor":4,"damage_taken":0},{"event_name":"Purifier","player_choice":"One Purge","floor":5,"damage_taken":0},{"event_name":"Vampires","player_choice":"Ignored","floor":19,"damage_taken":0},{"event_name":"Back to Basics","player_choice":"Elegance","floor":22,"damage_taken":0},{"event_name":"SensoryStone","player_choice":"Memory 2","floor":37,"damage_taken":0},{"event_name":"Mysterious Sphere","player_choice":"Fight","floor":39,"damage_taken":0}],"is_beta":true,"boss_relics":[{"not_picked":["Tiny House","Busted Crown"],"picked":"Nuclear Battery"},{"not_picked":["Eternal Feather","Astrolabe"],"picked":"Coffee Dripper"}],"items_purged_floors":[11,20,48],"is_endless":false,"potions_floor_spawned":[2,3,6,8,25,29,33,35,36,42,44],"ascension_level":7}