{"gold_per_floor":[114,189,189,206,206,206,222,222,249,249,280,280,280,305,305,425,488,511,532,532,280,280],"floor_reached":22,"playtime":2738,"items_purged":["Defend_B"],"score":282,"play_id":"0031e287-85b2-45fb-bfad-27ddcbb8d4e7","local_time":"20190427144648","is_ascension_mode":true,"campfire_choices":[{"data":"Zap","floor":6.0,"key":"SMITH"},{"data":"Dualcast","floor":8.0,"key":"SMITH"},{"data":"Streamline","floor":10.0,"key":"SMITH"},{"floor":13.0,"key":"REST"},{"floor":15.0,"key":"REST"}],"neow_cost":"NONE","seed_source_timestamp":317994711295500,"circlet_count":0,"master_deck":["AscendersBane","Strike_B+1","Strike_B","Defend_B","Defend_B","Defend_B","Zap+1","Dualcast+1","Streamline+1","BootSequence","Self Repair","Rainbow","Self Repair","Defragment","Hologram","Scrape"],"special_seed":0,"relics":["Cracked Core","Bird Faced Urn","Golden Idol","Orichalcum","Torii","Tiny House","Gremlin Horn"],"potions_floor_usage":[19,19],"damage_taken":[{"damage":3.0,"enemies":"2 Louse","floor":1.0,"turns":3.0},{"damage":6.0,"enemies":"Cultist","floor":4.0,"turns":3.0},{"damage":7.0,"enemies":"Small Slimes","floor":7.0,"turns":3.0},{"damage":10.0,"enemies":"Gremlin Nob","floor":11.0,"turns":3.0},{"damage":0.0,"enemies":"3 Louse","floor":14.0,"turns":2.0},{"damage":47,"enemies":"Slime Boss","floor":16,"turns":9},{"damage":19,"enemies":"2 Thieves","floor":18,"turns":4},{"damage":46,"enemies":"3 Byrds","floor":19,"turns":6},{"damage":40,"enemies":"Sentry and Sphere","floor":22,"turns":5}],"seed_played":"4764015652578499137","potions_obtained":[{"floor":7.0,"key":"Fire Potion"},{"floor":16,"key":"Strength Potion"},{"floor":17,"key":"Strength Potion"}],"is_trial":false,"path_per_floor":["M","?","?","M","?","R","M","R","T","R","E","?","R","M","R","B",null,"M","M","?","$","M"],"character_chosen":"DEFECT","items_purchased":["Defragment","Hologram","Scrape"],"campfire_rested":2,"item_purchase_floors":[21,21,21],"current_hp_per_floor":[65,54,54,48,30,30,23,23,23,23,13,6,28,28,50,12,64,54,26,26,26,0],"gold":280,"neow_bonus":"REMOVE_CARD","is_prod":false,"is_daily":false,"chose_seed":false,"campfire_upgraded":3,"win_rate":0,"timestamp":1556347608,"path_taken":["M","?","?","?","?","R","M","R","T","R","E","?","R","M","R","BOSS","M","M","?","$","M"],"build_version":"2019-01-23","purchased_purges":1,"victory":false,"max_hp_per_floor":[75,75,75,75,75,75,75,75,75,75,75,75,75,75,75,75,80,80,80,80,80,80],"card_choices":[{"not_picked":["Cold Snap","Barrage","Turbo"],"picked":"SKIP","floor":1.0},{"not_picked":["Sweeping Beam","Chaos"],"picked":"Streamline","floor":4.0},{"not_picked":["Reinforced Body","Thunder Strike"],"picked":"Melter","floor":7.0},{"not_picked":["Redo","Conserve Battery"],"picked":"BootSequence","floor":11.0},{"not_picked":["Coolheaded","Redo"],"picked":"Self Repair","floor":14.0},{"not_picked":["Fission","Thunder Strike"],"picked":"Rainbow","floor":16},{"not_picked":["Gash","Heatsinks"],"picked":"Self Repair","floor":18},{"not_picked":["Compile Driver+1","Stack+1","FTL"],"picked":"SKIP","floor":19}],"player_experience":538157,"relics_obtained":[{"floor":3.0,"key":"Bird Faced Urn"},{"floor":9.0,"key":"Orichalcum"},{"floor":11.0,"key":"Torii"}],"event_choices":[{"damage_healed":0.0,"max_hp_gain":0.0,"max_hp_loss":0.0,"gold_gain":75.0,"event_name":"World of Goop","player_choice":"Gather Gold","floor":2.0,"gold_loss":0.0,"damage_taken":11.0},{"damage_healed":0.0,"max_hp_gain":0.0,"max_hp_loss":0.0,"gold_gain":0.0,"event_name":"Wheel of Change","player_choice":"Relic","floor":3.0,"gold_loss":0.0,"damage_taken":0.0},{"damage_healed":0.0,"max_hp_gain":0.0,"max_hp_loss":0.0,"gold_gain":0.0,"event_name":"Golden Idol","player_choice":"Take Damage","floor":5.0,"gold_loss":0.0,"damage_taken":18.0,"relics_obtained":["Golden Idol"]},{"cards_removed":["Strike_B"],"damage_healed":0.0,"max_hp_gain":0.0,"max_hp_loss":0.0,"gold_gain":0.0,"event_name":"Golden Wing","player_choice":"Card Removal","floor":12.0,"gold_loss":0.0,"damage_taken":7.0},{"cards_removed":["Melter"],"damage_healed":0,"gold_gain":0,"player_choice":"Gave Card","damage_taken":0,"relics_obtained":["Gremlin Horn"],"max_hp_gain":0,"max_hp_loss":0,"event_name":"WeMeetAgain","floor":20,"gold_loss":0}],"is_beta":false,"boss_relics":[{"not_picked":["Astrolabe","Black Star"],"picked":"Tiny House"}],"items_purged_floors":[21],"is_endless":false,"potions_floor_spawned":[7,16],"killed_by":"Sentry and Sphere","ascension_level":11}