{"path_per_floor":["M","?","$","M","M","R","M","M","T","M","M","$","M","M","R","B",null,"M","M","$","?","?","?","?","?","T","M","M"],"character_chosen":"DEFECT","items_purchased":["Storm","Compile Driver"],"gold_per_floor":[111,111,2,22,41,41,52,65,119,129,141,18,37,48,48,145,145,156,170,45,45,45,45,45,45,71,83,94,94],"floor_reached":29,"campfire_rested":1,"playtime":1252,"item_purchase_floors":[3,12],"current_hp_per_floor":[67,60,60,52,51,51,51,28,28,17,17,17,9,4,26,5,75,51,10,10,10,35,35,35,35,35,22,8,0],"items_purged":["Defend_B","Strike_B","Defend_B"],"gold":94,"score":265,"play_id":"6008a006-6d52-41d0-91aa-8a67b08f19a1","local_time":"20180609144523","is_prod":false,"is_daily":false,"chose_seed":false,"is_ascension_mode":true,"campfire_upgraded":1,"win_rate":0,"timestamp":1528526723,"campfire_choices":[{"data":"Zap","floor":6,"key":"SMITH"},{"floor":15,"key":"REST"}],"path_taken":["M","?","$","?","M","R","M","M","T","M","M","$","M","M","R","BOSS","M","M","$","?","?","?","?","?","T","?","M","M"],"build_version":"2018-06-07v3","seed_source_timestamp":163099689233330,"purchased_purges":3,"victory":false,"master_deck":["Strike_B","Defend_B","Defend_B","Zap+1","Dualcast","Storm","Genetic Algorithm","Cold Snap","Loop","Compile Driver","Leap","Amplify","Blizzard","Streamline","Bandage Up","Zap"],"max_hp_per_floor":[75,75,75,75,75,75,75,75,75,75,75,75,75,75,75,75,75,75,75,75,75,75,75,75,75,75,75,75,75],"relics":["White Beast Statue","Omamori","Inserter","Bag of Preparation"],"card_choices":[{"not_picked":["Reprogram","BootSequence","Turbo"],"picked":"SKIP","floor":1},{"not_picked":["Rebound","Sweeping Beam","Conserve Battery"],"picked":"SKIP","floor":4},{"not_picked":["Barrage","Melter","Sweeping Beam"],"picked":"SKIP","floor":5},{"not_picked":["Steam","Turbo","Sweeping Beam"],"picked":"SKIP","floor":7},{"not_picked":["Blizzard","Auto Shields"],"picked":"Genetic Algorithm","floor":8},{"not_picked":["Go for the Eyes","Stack"],"picked":"Cold Snap","floor":10},{"not_picked":["Capacitor","Storm"],"picked":"Loop","floor":11},{"not_picked":["Compile Driver","Barrage","All For One"],"picked":"SKIP","floor":13},{"not_picked":["Barrage","Ball Lightning"],"picked":"Leap","floor":14},{"not_picked":["Echo Form","Reboot"],"picked":"Amplify","floor":16},{"not_picked":["Capacitor","Steam"],"picked":"Blizzard","floor":18},{"not_picked":["Turbo","Hologram+1"],"picked":"Streamline","floor":19},{"not_picked":["Scrape","Auto Shields","Ball Lightning+1"],"picked":"SKIP","floor":27},{"not_picked":["Auto Shields","Leap+1","Cold Snap+1"],"picked":"SKIP","floor":28}],"player_experience":242673,"potions_floor_usage":[7,7,8,8,11,14,14,16,18,27,28,29,29],"damage_taken":[{"damage":8,"enemies":"Small Slimes","floor":1,"turns":5},{"damage":8,"enemies":"Jaw Worm","floor":4,"turns":4},{"damage":1,"enemies":"2 Louse","floor":5,"turns":5},{"damage":0,"enemies":"Large Slime","floor":7,"turns":4},{"damage":23,"enemies":"Gremlin Gang","floor":8,"turns":6},{"damage":11,"enemies":"Red Slaver","floor":10,"turns":4},{"damage":0,"enemies":"2 Fungi Beasts","floor":11,"turns":4},{"damage":8,"enemies":"Looter","floor":13,"turns":4},{"damage":5,"enemies":"Exordium Wildlife","floor":14,"turns":4},{"damage":21,"enemies":"The Guardian","floor":16,"turns":14},{"damage":24,"enemies":"Shell Parasite","floor":18,"turns":10},{"damage":41,"enemies":"Spheric Guardian","floor":19,"turns":6},{"damage":17,"enemies":"Snake Plant","floor":27,"turns":4},{"damage":18,"enemies":"Centurion and Healer","floor":28,"turns":9},{"damage":55,"enemies":"Cultist and Chosen","floor":29,"turns":3}],"relics_obtained":[{"floor":9,"key":"Omamori"},{"floor":26,"key":"Bag of Preparation"}],"event_choices":[{"event_name":"Golden Wing","player_choice":"Card Removal","floor":2,"damage_taken":0},{"event_name":"Purifier","player_choice":"One Purge","floor":21,"damage_taken":0},{"event_name":"The Library","player_choice":"Heal","floor":22,"damage_taken":0},{"event_name":"Drug Dealer","player_choice":"Ignored","floor":23,"damage_taken":0},{"event_name":"Vampires","player_choice":"Ignored","floor":24,"damage_taken":0},{"event_name":"Match and Keep!","player_choice":"2 cards matched","floor":25,"damage_taken":0}],"boss_relics":[{"not_picked":["Snecko Eye","Runic Dome"],"picked":"Inserter"}],"items_purged_floors":[3,12,20],"potions_floor_spawned":[1,4,5,7,8,10,11,13,14,16,18,19,27,28],"seed_played":"-7716271653892570237","killed_by":"Cultist and Chosen","ascension_level":4,"potions_obtained":[{"floor":1,"key":"Dexterity Potion"},{"floor":4,"key":"SteroidPotion"},{"floor":5,"key":"GamblersBrew"},{"floor":7,"key":"Dexterity Potion"},{"floor":8,"key":"FairyPotion"},{"floor":10,"key":"SpeedPotion"},{"floor":11,"key":"Dexterity Potion"},{"floor":13,"key":"Strength Potion"},{"floor":14,"key":"Strength Potion"},{"floor":16,"key":"Dexterity Potion"},{"floor":18,"key":"Energy Potion"},{"floor":19,"key":"Explosive Potion"},{"floor":27,"key":"GamblersBrew"},{"floor":28,"key":"Energy Potion"}],"is_trial":false}