{"gold_per_floor":[109,109,184,200,255,285,299,324,324,365,287,304,321,336,336,409,409,424,424,424,444,459,459],"floor_reached":23,"playtime":805,"items_purged":[],"score":452,"play_id":"97ff8e7d-71ee-4d74-af34-579a96f9b734","local_time":"20181115135633","is_ascension_mode":true,"campfire_choices":[{"data":"Noxious Fumes","floor":15.0,"key":"SMITH"}],"neow_cost":"NONE","seed_source_timestamp":0,"circlet_count":0,"master_deck":["AscendersBane","Defend_G","Defend_G","Defend_G","Defend_G","Defend_G","Strike_G","Strike_G","Strike_G","Strike_G","Survivor","Neutralize","Terror","Dodge and Roll","Finisher","Bane","Noxious Fumes","Sucker Punch","Noxious Fumes+1","Phantasmal Killer","Die Die Die","Dagger Spray","Catalyst","Sucker Punch+1","Adrenaline"],"special_seed":0,"relics":["Ring of the Snake","NeowsBlessing","Strawberry","Snake Skull","Mercury Hourglass","Meat on the Bone","MawBank","Lantern","Empty Cage"],"potions_floor_usage":[21,22],"damage_taken":[{"damage":0.0,"enemies":"Cultist","floor":1.0,"turns":1.0},{"damage":0.0,"enemies":"Jaw Worm","floor":4.0,"turns":1.0},{"damage":0.0,"enemies":"Gremlin Nob","floor":6.0,"turns":1.0},{"damage":1.0,"enemies":"Small Slimes","floor":7.0,"turns":4.0},{"damage":19.0,"enemies":"3 Sentries","floor":8.0,"turns":7.0},{"damage":10.0,"enemies":"Gremlin Nob","floor":10.0,"turns":3.0},{"damage":1.0,"enemies":"2 Fungi Beasts","floor":12.0,"turns":3.0},{"damage":14.0,"enemies":"Exordium Wildlife","floor":13.0,"turns":5.0},{"damage":5.0,"enemies":"Looter","floor":14.0,"turns":2.0},{"damage":28.0,"enemies":"Hexaghost","floor":16.0,"turns":8.0},{"damage":4.0,"enemies":"Chosen","floor":18.0,"turns":4.0},{"damage":27.0,"enemies":"Colosseum Slavers","floor":20.0,"turns":4.0},{"damage":22,"enemies":"Shell Parasite","floor":21,"turns":6},{"damage":35,"enemies":"Snake Plant","floor":22,"turns":5},{"damage":42,"enemies":"Gremlin Leader","floor":23,"turns":4}],"seed_played":"1839524988680083303","potions_obtained":[{"floor":1.0,"key":"Block Potion"},{"floor":4.0,"key":"Swift Potion"},{"floor":12.0,"key":"Regen Potion"},{"floor":14.0,"key":"Fire Potion"},{"floor":21,"key":"Regen Potion"}],"is_trial":false,"path_per_floor":["M","?","?","M","T","E","M","E","T","E","$","M","M","M","R","B",null,"M","?","?","M","M","E"],"character_chosen":"THE_SILENT","items_purchased":["Noxious Fumes"],"campfire_rested":0,"item_purchase_floors":[11],"current_hp_per_floor":[59,66,55,55,55,55,54,35,35,37,37,48,46,41,41,25,61,57,57,42,47,38,0],"gold":459,"neow_bonus":"THREE_ENEMY_KILL","is_prod":false,"is_daily":false,"chose_seed":false,"campfire_upgraded":1,"win_rate":0,"timestamp":1542308193,"path_taken":["M","?","?","M","?","E","M","E","T","E","$","M","?","M","R","BOSS","M","?","?","M","M","E"],"build_version":"2018-11-08","purchased_purges":0,"victory":false,"max_hp_per_floor":[66,73,73,73,73,73,73,73,73,73,73,73,73,73,73,73,73,73,73,73,73,73,73],"card_choices":[{"not_picked":["Caltrops","Dagger Throw"],"picked":"Terror","floor":1.0},{"not_picked":["Quick Slash","Slice"],"picked":"Dodge and Roll","floor":4.0},{"not_picked":["Deflect","Cloak And Dagger"],"picked":"Finisher","floor":6.0},{"not_picked":["Caltrops","PiercingWail"],"picked":"Bane","floor":7.0},{"not_picked":["Blur","Quick Slash"],"picked":"Noxious Fumes","floor":8.0},{"not_picked":["Finisher","Terror"],"picked":"Sucker Punch","floor":10.0},{"not_picked":["Reflex","Quick Slash","Outmaneuver"],"picked":"SKIP","floor":12.0},{"not_picked":["Poisoned Stab","Predator","Underhanded Strike"],"picked":"SKIP","floor":13.0},{"not_picked":["Bane","Endless Agony"],"picked":"Phantasmal Killer","floor":14.0},{"not_picked":["Tools of the Trade","Phantasmal Killer"],"picked":"Die Die Die","floor":16.0},{"not_picked":["Quick Slash","Predator"],"picked":"Dagger Spray","floor":18.0},{"not_picked":["Leg Sweep","Dodge and Roll"],"picked":"Sucker Punch+1","floor":21},{"not_picked":["Expertise","Quick Slash"],"picked":"Adrenaline","floor":22}],"player_experience":721455,"relics_obtained":[{"floor":5.0,"key":"Snake Skull"},{"floor":6.0,"key":"Mercury Hourglass"},{"floor":8.0,"key":"Meat on the Bone"},{"floor":9.0,"key":"MawBank"},{"floor":10.0,"key":"Lantern"}],"event_choices":[{"damage_healed":0.0,"max_hp_gain":0.0,"max_hp_loss":0.0,"gold_gain":0.0,"event_name":"Big Fish","player_choice":"Box","floor":2.0,"gold_loss":0.0,"damage_taken":0.0,"relics_obtained":["Strawberry"],"cards_obtained":["Regret"]},{"damage_healed":0.0,"max_hp_gain":0.0,"max_hp_loss":0.0,"gold_gain":75.0,"event_name":"World of Goop","player_choice":"Gather Gold","floor":3.0,"gold_loss":0.0,"damage_taken":11.0},{"damage_healed":0.0,"max_hp_gain":0.0,"max_hp_loss":0.0,"gold_gain":0.0,"event_name":"The Library","player_choice":"Read","floor":19.0,"gold_loss":0.0,"damage_taken":0.0,"cards_obtained":["Catalyst"]},{"damage_healed":0.0,"max_hp_gain":0.0,"max_hp_loss":0.0,"gold_gain":0.0,"event_name":"Colosseum","player_choice":"Fight","floor":20.0,"gold_loss":0.0,"damage_taken":0.0},{"damage_healed":0.0,"max_hp_gain":0.0,"max_hp_loss":0.0,"gold_gain":0.0,"event_name":"Colosseum","player_choice":"Fled From Nobs","floor":20.0,"gold_loss":0.0,"damage_taken":0.0}],"is_beta":false,"boss_relics":[{"not_picked":["Fusion Hammer","Busted Crown"],"picked":"Empty Cage"}],"items_purged_floors":[],"is_endless":false,"potions_floor_spawned":[1,4,12,14,16,21],"killed_by":"Gremlin Leader","ascension_level":18}