{"path_per_floor":["M","?","?","?","M","R","$","R","T","E","M","$","R","M","R"],"character_chosen":"THE_SILENT","items_purchased":["Underhanded Strike"],"gold_per_floor":[119,79,79,79,99,99,24,24,24,55,69,46,46,65,65,65],"floor_reached":16,"campfire_rested":1,"playtime":658,"current_hp_per_floor":[35,35,35,35,34,34,34,34,34,27,27,27,27,24,45,0],"items_purged":["Strike_G"],"gold":65,"score":113,"play_id":"7d545656-495d-4add-8272-f9f4ab66e91e","local_time":"20180523230521","is_prod":false,"is_daily":false,"chose_seed":false,"is_ascension_mode":true,"campfire_upgraded":0,"timestamp":1527087921,"campfire_choices":[{"data":"Defend_G","floor":6,"key":"PURGE"},{"data":"Defend_G","floor":8,"key":"PURGE"},{"data":"Strike_G","floor":13,"key":"PURGE"},{"floor":15,"key":"REST"}],"path_taken":["M","?","?","?","?","R","?","R","T","E","M","$","R","M","R","BOSS"],"build_version":"2018-05-17","seed_source_timestamp":739871022731067,"purchased_purges":1,"victory":false,"master_deck":["Defend_G","Defend_G","Defend_G","Strike_G","Strike_G","Survivor","Neutralize","Underhanded Strike","Cloak And Dagger","Heel Hook","Flechettes","Setup","Underhanded Strike","Acrobatics"],"max_hp_per_floor":[70,70,70,70,70,70,70,70,70,70,70,70,70,70,70,70],"relics":["Ring of the Snake","Peace Pipe","Sundial","Calipers","Potion Belt"],"card_choices":[{"not_picked":["Quick Slash","Distraction"],"picked":"Underhanded Strike","floor":1},{"not_picked":["Flying Knee","Well Laid Plans"],"picked":"Heel Hook","floor":5},{"not_picked":["Sucker Punch","Storm of Steel"],"picked":"Flechettes","floor":10},{"not_picked":["Poisoned Stab","Bane"],"picked":"Setup","floor":11},{"not_picked":["Bane","Concentrate"],"picked":"Acrobatics","floor":14}],"player_experience":183668,"potions_floor_usage":[5,10,10,10,14,16],"damage_taken":[{"damage":0,"enemies":"2 Louse","floor":1,"turns":4},{"damage":1,"enemies":"Cultist","floor":5,"turns":4},{"damage":7,"enemies":"Gremlin Nob","floor":10,"turns":5},{"damage":0,"enemies":"Small Slimes","floor":11,"turns":3},{"damage":3,"enemies":"Gremlin Gang","floor":14,"turns":4},{"damage":46,"enemies":"The Guardian","floor":16,"turns":12}],"relics_obtained":[{"floor":9,"key":"Calipers"},{"floor":10,"key":"Potion Belt"}],"event_choices":[{"event_name":"The Woman in Blue","player_choice":"Bought 3 Potions","floor":2,"damage_taken":0},{"event_name":"Wheel of Change","player_choice":"Relic","floor":3,"damage_taken":0},{"event_name":"Transmorgrifier","player_choice":"Transform","floor":4,"damage_taken":0}],"boss_relics":[],"potions_floor_spawned":[5,11,14],"seed_played":"7778044692086385609","killed_by":"The Guardian","ascension_level":3,"potions_obtained":[{"floor":2,"key":"Block Potion"},{"floor":2,"key":"PowerPotion"},{"floor":2,"key":"Ancient Potion"},{"floor":5,"key":"GhostInAJar"},{"floor":11,"key":"Swift Potion"},{"floor":14,"key":"GhostInAJar"}],"is_trial":false}