{"gold_per_floor":[118,193,193,193,263,274,274,274,299,25,43,68,86,102,102,200,200,220,220],"floor_reached":19,"playtime":835,"items_purged":[],"score":167,"play_id":"119618d1-81f4-46f1-be12-b5c5c58d6f73","local_time":"20190406141529","is_ascension_mode":false,"campfire_choices":[{"floor":7,"key":"REST"},{"floor":15,"key":"REST"}],"neow_cost":"NONE","seed_source_timestamp":248337353819891,"circlet_count":0,"master_deck":["Strike_B","Strike_B","Strike_B","Strike_B","Defend_B","Defend_B","Defend_B","Defend_B","Zap+1","Dualcast","Core Surge+1","Streamline","Regret","Seek","Defragment","Turbo","Conserve Battery","Darkness","Chaos","Heatsinks","Rainbow","Ball Lightning+1"],"relics":["Cracked Core","Mercury Hourglass","Juzu Bracelet","Darkstone Periapt","Nuclear Battery"],"potions_floor_usage":[19],"damage_taken":[{"damage":1,"enemies":"2 Louse","floor":1,"turns":3},{"damage":8,"enemies":"Jaw Worm","floor":6,"turns":2},{"damage":3,"enemies":"Small Slimes","floor":11,"turns":2},{"damage":26,"enemies":"Gremlin Nob","floor":12,"turns":4},{"damage":0,"enemies":"3 Louse","floor":13,"turns":2},{"damage":0,"enemies":"Looter","floor":14,"turns":3},{"damage":40,"enemies":"Hexaghost","floor":16,"turns":9},{"damage":10,"enemies":"3 Byrds","floor":18,"turns":3},{"damage":21,"enemies":"Colosseum Slavers","floor":19,"turns":4},{"damage":46,"enemies":"Colosseum Nobs","floor":19,"turns":3}],"seed_played":"-6178803189188162823","potions_obtained":[{"floor":11,"key":"FearPotion"},{"floor":12,"key":"Weak Potion"},{"floor":16,"key":"Strength Potion"}],"is_trial":false,"path_per_floor":["M","?","?","?","?","M","R","$","T","$","M","E","M","M","R","B",null,"M","?"],"character_chosen":"DEFECT","items_purchased":["Juzu Bracelet","Defragment","Turbo"],"campfire_rested":2,"item_purchase_floors":[10,10,10],"current_hp_per_floor":[74,63,63,48,48,40,62,62,62,62,59,33,33,33,55,15,75,65,0],"gold":220,"neow_bonus":"ONE_RANDOM_RARE_CARD","is_prod":false,"is_daily":false,"chose_seed":false,"campfire_upgraded":0,"win_rate":0,"timestamp":1554585329,"path_taken":["M","?","?","?","?","M","R","?","T","$","M","E","M","M","R","BOSS","M","?"],"build_version":"2019-01-23","purchased_purges":0,"victory":false,"max_hp_per_floor":[75,75,75,75,75,75,75,75,75,75,75,75,75,75,75,75,75,75,75],"card_choices":[{"not_picked":["Ball Lightning","Cold Snap"],"picked":"Streamline","floor":1},{"not_picked":["Streamline","Rebound"],"picked":"Seek","floor":6},{"not_picked":["Reprogram","Stack"],"picked":"Conserve Battery","floor":11},{"not_picked":["Heatsinks","Core Surge"],"picked":"Darkness","floor":12},{"not_picked":["Leap","Beam Cell"],"picked":"Chaos","floor":13},{"not_picked":["Turbo","Reinforced Body"],"picked":"Heatsinks","floor":14},{"not_picked":["Echo Form","Seek"],"picked":"Rainbow","floor":16},{"not_picked":["Turbo+1","Rip and Tear+1"],"picked":"Ball Lightning+1","floor":18}],"player_experience":494062,"relics_obtained":[{"floor":12,"key":"Darkstone Periapt"}],"event_choices":[{"damage_healed":0,"gold_gain":75,"player_choice":"Gather Gold","damage_taken":11,"max_hp_gain":0,"max_hp_loss":0,"event_name":"World of Goop","floor":2,"gold_loss":0},{"damage_healed":0,"gold_gain":0,"player_choice":"Box","damage_taken":0,"relics_obtained":["Mercury Hourglass"],"max_hp_gain":0,"max_hp_loss":0,"event_name":"Big Fish","floor":3,"gold_loss":0,"cards_obtained":["Regret"]},{"damage_healed":0,"gold_gain":0,"player_choice":"Entered Light","damage_taken":15,"max_hp_gain":0,"max_hp_loss":0,"event_name":"Shining Light","floor":4,"gold_loss":0,"cards_upgraded":["Zap","Core Surge"]},{"damage_healed":0,"gold_gain":70,"player_choice":"Gained Gold","damage_taken":0,"max_hp_gain":0,"max_hp_loss":0,"event_name":"Golden Wing","floor":5,"gold_loss":0},{"damage_healed":0,"gold_gain":0,"player_choice":"Fight","damage_taken":0,"max_hp_gain":0,"max_hp_loss":0,"event_name":"Colosseum","floor":19,"gold_loss":0},{"damage_healed":0,"gold_gain":0,"player_choice":"Fought Nobs","damage_taken":0,"max_hp_gain":0,"max_hp_loss":0,"event_name":"Colosseum","floor":19,"gold_loss":0}],"is_beta":false,"boss_relics":[{"not_picked":["Orrery","Cursed Key"],"picked":"Nuclear Battery"}],"items_purged_floors":[],"is_endless":false,"potions_floor_spawned":[11,12,16],"killed_by":"Colosseum Nobs","ascension_level":0}