{"gold_per_floor":[113,113,288,298,298,298,330,280,280,305,305,321,321,42,42,143,143,157,72,58,71,271,271,288,321,347,23,37,49,75,94,94,195,195,215,215,215,215,215,215,242,252,252,280,39,49,49,62,62,62],"floor_reached":51,"playtime":3797,"items_purged":["Strike_B"],"score":912,"play_id":"53f11837-dc62-49e0-8117-78ee0077cc60","local_time":"20180812234539","is_ascension_mode":true,"campfire_choices":[{"floor":6,"key":"REST"},{"floor":11,"key":"REST"},{"data":"Creative AI","floor":13,"key":"SMITH"},{"data":"Dualcast","floor":15,"key":"SMITH"},{"data":"Recycle","floor":23,"key":"SMITH"},{"floor":32,"key":"REST"},{"data":"Multi-Cast","floor":40,"key":"SMITH"},{"floor":47,"key":"REST"},{"floor":49,"key":"REST"}],"neow_cost":"","seed_source_timestamp":88082969719370,"circlet_count":0,"master_deck":["Strike_B","Defend_B","Defend_B","Defend_B","Defend_B","Zap","Dualcast+1","Glacier","Doom and Gloom","Conserve Battery","Creative AI+1","Reinforced Body","Amplify","Recycle+1","White Noise+1","Doom and Gloom+1","Reinforced Body+1","Multi-Cast+1","Loop","Reboot","Madness","Madness","Skim+1","Loop+1","Fission"],"relics":["FrozenCore","StoneCalendar","Bird Faced Urn","Strawberry","Gremlin Horn","Chemical X","Dream Catcher","Bronze Scales","Centennial Puzzle","Cables","Ancient Tea Set","Inserter","Vajra","Mango","DataDisk","Pear"],"potions_floor_usage":[7,16,20,20,25,33,46,50,50],"damage_taken":[{"damage":4,"enemies":"Small Slimes","floor":1,"turns":3},{"damage":13,"enemies":"2 Louse","floor":4,"turns":3},{"damage":15,"enemies":"3 Sentries","floor":7,"turns":3},{"damage":17,"enemies":"Lagavulin","floor":10,"turns":7},{"damage":0,"enemies":"Cultist","floor":12,"turns":3},{"damage":12,"enemies":"Slime Boss","floor":16,"turns":7},{"damage":21,"enemies":"Shell Parasite","floor":18,"turns":6},{"damage":13,"enemies":"2 Thieves","floor":20,"turns":4},{"damage":24,"enemies":"Snake Plant","floor":21,"turns":7},{"damage":39,"enemies":"3 Cultists","floor":24,"turns":7},{"damage":16,"enemies":"Book of Stabbing","floor":25,"turns":7},{"damage":0,"enemies":"Snecko","floor":28,"turns":6},{"damage":0,"enemies":"Snake Plant","floor":29,"turns":5},{"damage":5,"enemies":"Gremlin Leader","floor":30,"turns":4},{"damage":19,"enemies":"Centurion and Healer","floor":31,"turns":5},{"damage":16,"enemies":"Champ","floor":33,"turns":11},{"damage":12,"enemies":"Flame Bruiser 1 Orb","floor":35,"turns":6},{"damage":31,"enemies":"Nemesis","floor":41,"turns":5},{"damage":18,"enemies":"3 Darklings","floor":42,"turns":5},{"damage":51,"enemies":"2 Orb Walkers","floor":44,"turns":6},{"damage":8,"enemies":"4 Shapes","floor":46,"turns":6},{"damage":25,"enemies":"Spire Growth","floor":48,"turns":10},{"damage":49,"enemies":"Awakened One","floor":50,"turns":13}],"seed_played":"-6931367441579012273","potions_obtained":[{"floor":1,"key":"Explosive Potion"},{"floor":4,"key":"Energy Potion"},{"floor":10,"key":"Dexterity Potion"},{"floor":12,"key":"SteroidPotion"},{"floor":18,"key":"LiquidBronze"},{"floor":24,"key":"AttackPotion"},{"floor":25,"key":"FearPotion"},{"floor":29,"key":"LiquidBronze"},{"floor":41,"key":"Fire Potion"},{"floor":46,"key":"Block Potion"},{"floor":48,"key":"Explosive Potion"}],"is_trial":false,"path_per_floor":["M","?","?","M","?","R","E","?","T","E","R","M","R","$","R","B",null,"M","?","M","M","?","R","M","E","T","$","M","M","E","M","R","B",null,"M","?","?","?","$","R","E","M","T","E","$","M","R","M","R","B"],"character_chosen":"DEFECT","items_purchased":["Chemical X","Multi-Cast","Cables","Pear"],"campfire_rested":5,"item_purchase_floors":[14,27,27,45],"current_hp_per_floor":[71,59,59,46,46,68,53,53,60,43,67,67,67,67,67,67,82,75,75,64,60,60,60,31,27,27,27,37,49,50,41,65,72,82,82,72,72,72,72,72,47,41,55,22,32,32,63,58,89,86],"gold":62,"neow_bonus":"","is_prod":false,"is_daily":false,"chose_seed":false,"campfire_upgraded":4,"win_rate":0,"timestamp":1534110339,"path_taken":["M","?","?","M","?","R","E","?","T","E","R","M","R","?","R","BOSS","M","?","M","M","?","R","M","E","T","$","?","M","E","M","R","BOSS","M","?","?","?","?","R","E","?","T","E","$","M","R","M","R","BOSS"],"build_version":"2018-08-08","purchased_purges":1,"victory":true,"max_hp_per_floor":[75,75,75,75,75,75,75,75,82,82,82,82,82,82,82,82,82,82,82,82,82,82,82,82,82,82,82,82,82,82,82,82,82,82,82,82,82,82,82,82,82,82,96,96,106,106,106,106,106,106],"card_choices":[{"not_picked":["Hologram","Sweeping Beam"],"picked":"Glacier","floor":1},{"not_picked":["Stack","Aggregate"],"picked":"Doom and Gloom","floor":4},{"not_picked":["Redo","Sweeping Beam"],"picked":"Conserve Battery","floor":7},{"not_picked":["Recycle","Rainbow"],"picked":"Creative AI","floor":10},{"not_picked":["Rebound","Go for the Eyes"],"picked":"Reinforced Body","floor":12},{"not_picked":["Buffer","Electrodynamics"],"picked":"Amplify","floor":16},{"not_picked":["Go for the Eyes+1","Hologram"],"picked":"Recycle","floor":18},{"not_picked":["Barrage","Turbo+1","Rip and Tear"],"picked":"SKIP","floor":20},{"not_picked":["Gash","Glacier+1"],"picked":"White Noise+1","floor":21},{"not_picked":["Go for the Eyes","Cold Snap"],"picked":"Doom and Gloom+1","floor":24},{"not_picked":["Biased Cognition","BootSequence+1"],"picked":"Reinforced Body+1","floor":25},{"not_picked":["Barrage","Hologram+1","Go for the Eyes+1"],"picked":"SKIP","floor":28},{"not_picked":["Steam","Doom and Gloom"],"picked":"Loop","floor":29},{"not_picked":["Hologram+1","Aggregate","Chaos"],"picked":"SKIP","floor":30},{"not_picked":["Steam","Go for the Eyes+1","Beam Cell"],"picked":"SKIP","floor":31},{"not_picked":["Rainbow","Seek"],"picked":"Reboot","floor":33},{"not_picked":["Barrage+1","Steam Power+1","Conserve Battery"],"picked":"SKIP","floor":35},{"not_picked":["Electrodynamics","Rebound","Blizzard+1"],"picked":"SKIP","floor":41},{"not_picked":["Hologram","Chill+1"],"picked":"Skim+1","floor":42},{"not_picked":["Coolheaded+1","Hello World+1","Hologram"],"picked":"SKIP","floor":44},{"not_picked":["Leap","Coolheaded+1","Beam Cell+1"],"picked":"SKIP","floor":46},{"not_picked":["Cold Snap","Static Discharge"],"picked":"Loop+1","floor":47},{"not_picked":["Barrage","Stack+1"],"picked":"Fission","floor":48}],"player_experience":60827,"relics_obtained":[{"floor":7,"key":"Bird Faced Urn"},{"floor":9,"key":"Strawberry"},{"floor":10,"key":"Gremlin Horn"},{"floor":25,"key":"Bronze Scales"},{"floor":26,"key":"Centennial Puzzle"},{"floor":30,"key":"Ancient Tea Set"},{"floor":41,"key":"Vajra"},{"floor":43,"key":"Mango"},{"floor":44,"key":"DataDisk"}],"event_choices":[{"event_name":"Scrap Ooze","player_choice":"success","floor":2,"damage_taken":12},{"event_name":"Liars Game","player_choice":"agreed","floor":3,"damage_taken":0},{"event_name":"Fountain of Cleansing","player_choice":"Removed Curse","floor":5,"damage_taken":0},{"event_name":"The Cleric","player_choice":"Card Removal","floor":8,"damage_taken":0},{"event_name":"Addict","player_choice":"Obtained Relic","floor":19,"damage_taken":0},{"event_name":"The Joust","player_choice":"Bet on Owner","floor":22,"damage_taken":0},{"event_name":"Winding Halls","player_choice":"Embrace Madness","floor":36,"damage_taken":0},{"event_name":"Falling","player_choice":"Removed Attack","floor":37,"damage_taken":0},{"event_name":"Tomb of Lord Red Mask","player_choice":"Ignored","floor":38,"damage_taken":0}],"is_beta":true,"boss_relics":[{"not_picked":["Ectoplasm","Snecko Eye"],"picked":"FrozenCore"},{"not_picked":["Sozu","Busted Crown"],"picked":"Inserter"}],"items_purged_floors":[14],"is_endless":false,"potions_floor_spawned":[1,4,10,12,18,24,25,29,41,46,48],"ascension_level":3}