{"gold_per_floor":[118,128,203,22,36,68,68,68,68,78,78,109,109],"floor_reached":13,"playtime":404,"items_purged":[],"score":186,"play_id":"80cbb6a1-7a83-43c4-84cd-28fbdcff65de","local_time":"20190417092536","is_ascension_mode":true,"campfire_choices":[{"data":"A Thousand Cuts","floor":7,"key":"SMITH"},{"floor":11,"key":"REST"}],"neow_cost":"NONE","seed_source_timestamp":575091285858742,"circlet_count":0,"master_deck":["AscendersBane","Survivor","Neutralize","A Thousand Cuts+1","Caltrops","Tactician","Die Die Die","Venomology","Escape Plan","Well Laid Plans","Deadly Poison","Backstab","Deflect","Bane","Bouncing Flask","Noxious Fumes","Swift Strike","Bullet Time","Noxious Fumes","Deflect+1"],"relics":["Pandora\u0027s Box","Torii","Question Card","Toxic Egg 2"],"potions_floor_usage":[6,10,12,12,13,13],"damage_taken":[{"damage":0,"enemies":"2 Louse","floor":1,"turns":3},{"damage":9,"enemies":"Jaw Worm","floor":2,"turns":2},{"damage":0,"enemies":"Cultist","floor":5,"turns":3},{"damage":10,"enemies":"3 Sentries","floor":6,"turns":5},{"damage":18,"enemies":"Looter","floor":10,"turns":3},{"damage":26,"enemies":"Lagavulin","floor":12,"turns":5},{"damage":13,"enemies":"Blue Slaver","floor":13,"turns":1}],"seed_played":"-770055340505941128","potions_obtained":[{"floor":10,"key":"PowerPotion"},{"floor":12,"key":"Dexterity Potion"}],"is_trial":false,"path_per_floor":["M","M","?","$","M","E","R","?","T","M","R","E","M"],"character_chosen":"THE_SILENT","items_purchased":["Noxious Fumes","Swift Strike"],"campfire_rested":1,"item_purchase_floors":[4,4],"current_hp_per_floor":[59,50,39,39,39,29,29,29,29,11,30,4,0],"gold":109,"neow_bonus":"BOSS_RELIC","is_prod":false,"is_daily":false,"chose_seed":false,"campfire_upgraded":1,"win_rate":0,"timestamp":1555507536,"path_taken":["M","M","?","$","M","E","R","?","T","?","R","E","M"],"build_version":"2019-01-23","purchased_purges":0,"victory":false,"max_hp_per_floor":[66,66,66,66,66,66,66,66,66,66,66,66,66],"card_choices":[{"not_picked":["Skewer","Quick Slash"],"picked":"Bane","floor":1},{"not_picked":["Slice","Outmaneuver"],"picked":"Bouncing Flask","floor":2},{"not_picked":["Dodge and Roll","Underhanded Strike","Outmaneuver"],"picked":"SKIP","floor":5},{"not_picked":["Sucker Punch","Eviscerate"],"picked":"Bullet Time","floor":6},{"not_picked":["Backflip","Bane","Flechettes"],"picked":"Noxious Fumes","floor":10},{"not_picked":["Burst","Noxious Fumes","Riddle With Holes"],"picked":"Deflect","floor":12}],"player_experience":903572,"relics_obtained":[{"floor":6,"key":"Torii"},{"floor":9,"key":"Question Card"},{"floor":12,"key":"Toxic Egg 2"}],"event_choices":[{"damage_healed":0,"gold_gain":75,"player_choice":"Gather Gold","damage_taken":11,"max_hp_gain":0,"max_hp_loss":0,"event_name":"World of Goop","floor":3,"gold_loss":0},{"damage_healed":0,"gold_gain":0,"player_choice":"Fled","damage_taken":0,"max_hp_gain":0,"max_hp_loss":0,"event_name":"Scrap Ooze","floor":8,"gold_loss":0}],"is_beta":false,"boss_relics":[],"items_purged_floors":[],"is_endless":false,"potions_floor_spawned":[2,10,12],"killed_by":"Blue Slaver","ascension_level":20}