{"gold_per_floor":[114,130,55,55,55,55,74,74,74,91,91,91,101,114,114,215,215,235,254,264,264,264,264,276,276,300,54,64,78,3,19,19,120,120,139,139,159,207,117,137,137,147,147,147],"floor_reached":44,"playtime":1833,"items_purged":["Strike_B","Strike_B"],"score":651,"play_id":"743043f7-b297-443a-8270-5cb5e5ee2290","local_time":"20190425234051","is_ascension_mode":true,"campfire_choices":[{"data":"Dualcast","floor":6,"key":"SMITH"},{"data":"Loop","floor":12,"key":"SMITH"},{"floor":15,"key":"REST"},{"floor":23,"key":"REST"},{"floor":32,"key":"REST"},{"floor":41,"key":"REST"}],"neow_cost":"NONE","seed_source_timestamp":178172500367100,"circlet_count":0,"master_deck":["AscendersBane","Defend_B+1","Defend_B","Defend_B","Zap+1","Dualcast+1","Electrodynamics","Ball Lightning+1","Loop+1","Go for the Eyes","Glacier","Storm","Loop","Hologram","Leap+1","Force Field","Loop+1","Force Field+1","Loop+1","Buffer","Heatsinks+1","Defragment+1","Storm+1"],"relics":["Cracked Core","Letter Opener","Du-Vu Doll","Orrery","Happy Flower","Regal Pillow","Inserter","Bird Faced Urn","Meat on the Bone"],"potions_floor_usage":[13,14,14,28,29,40,44],"damage_taken":[{"damage":6,"enemies":"2 Louse","floor":1,"turns":2},{"damage":7,"enemies":"Jaw Worm","floor":2,"turns":2},{"damage":7,"enemies":"Small Slimes","floor":7,"turns":2},{"damage":6,"enemies":"Looter","floor":10,"turns":2},{"damage":12,"enemies":"Exordium Thugs","floor":13,"turns":3},{"damage":0,"enemies":"Blue Slaver","floor":14,"turns":3},{"damage":22,"enemies":"The Guardian","floor":16,"turns":9},{"damage":17,"enemies":"Shell Parasite","floor":18,"turns":6},{"damage":10,"enemies":"Spheric Guardian","floor":19,"turns":5},{"damage":8,"enemies":"Centurion and Healer","floor":20,"turns":4},{"damage":6,"enemies":"3 Cultists","floor":24,"turns":3},{"damage":5,"enemies":"Snake Plant","floor":28,"turns":5},{"damage":17,"enemies":"Shelled Parasite and Fungi","floor":29,"turns":6},{"damage":4,"enemies":"3 Cultists","floor":31,"turns":5},{"damage":32,"enemies":"Champ","floor":33,"turns":17},{"damage":3,"enemies":"3 Shapes","floor":35,"turns":4},{"damage":0,"enemies":"Orb Walker","floor":37,"turns":4},{"damage":42,"enemies":"2 Orb Walkers","floor":38,"turns":4},{"damage":19,"enemies":"Spire Growth","floor":40,"turns":6},{"damage":50,"enemies":"Writhing Mass","floor":42,"turns":5},{"damage":52,"enemies":"Reptomancer","floor":44,"turns":2}],"seed_played":"-2480845725869219923","potions_obtained":[{"floor":7,"key":"EssenceOfSteel"},{"floor":10,"key":"PowerPotion"},{"floor":13,"key":"Weak Potion"},{"floor":19,"key":"Block Potion"},{"floor":20,"key":"FearPotion"},{"floor":28,"key":"Regen Potion"},{"floor":37,"key":"LiquidBronze"}],"is_trial":false,"path_per_floor":["M","M","$","?","?","R","M","$","T","M","?","R","M","M","R","B",null,"M","M","M","?","?","R","M","?","T","$","M","M","?","M","R","B",null,"M","?","M","?","?","M","R","M","T","E"],"character_chosen":"DEFECT","items_purchased":["Regal Pillow"],"campfire_rested":4,"item_purchase_floors":[27],"current_hp_per_floor":[62,55,55,48,33,33,26,26,26,20,13,13,1,1,23,1,57,40,30,22,8,8,32,26,26,26,26,21,18,18,14,53,21,65,62,62,62,20,20,17,54,20,20,0],"gold":147,"neow_bonus":"ONE_RANDOM_RARE_CARD","is_prod":false,"is_daily":false,"chose_seed":false,"campfire_upgraded":2,"win_rate":0,"timestamp":1556206851,"path_taken":["M","M","$","?","?","R","M","?","T","?","?","R","M","M","R","BOSS","M","M","M","?","?","R","M","?","T","$","M","?","?","M","R","BOSS","M","?","M","?","?","M","R","M","T","E"],"build_version":"2019-01-23","purchased_purges":2,"victory":false,"max_hp_per_floor":[75,75,75,75,75,75,75,75,75,75,75,75,75,75,75,75,75,75,75,75,80,80,80,80,80,80,80,80,80,80,80,80,80,80,80,76,76,76,76,76,76,76,76,76],"card_choices":[{"not_picked":["Go for the Eyes","Steam"],"picked":"Ball Lightning","floor":1},{"not_picked":["Ball Lightning","Sweeping Beam","Rip and Tear"],"picked":"SKIP","floor":2},{"not_picked":["Hello World","Redo","Ball Lightning"],"picked":"SKIP","floor":7},{"not_picked":["Lockon","Rebound"],"picked":"Loop","floor":10},{"not_picked":["Streamline","Beam Cell"],"picked":"Go for the Eyes","floor":13},{"not_picked":["Go for the Eyes","Blizzard","Stack"],"picked":"SKIP","floor":14},{"not_picked":["Doom and Gloom","Gash"],"picked":"Glacier","floor":17},{"not_picked":["Reinforced Body","Steam"],"picked":"Storm","floor":17},{"not_picked":["Leap","Compile Driver"],"picked":"Loop","floor":17},{"not_picked":["Conserve Battery","Compile Driver"],"picked":"Hologram","floor":17},{"not_picked":["Consume","All For One","Tempest"],"picked":"SKIP","floor":18},{"not_picked":["Melter","Turbo","Darkness"],"picked":"SKIP","floor":19},{"not_picked":["Ball Lightning+1","Conserve Battery+1"],"picked":"Leap+1","floor":20},{"not_picked":["Streamline","Gash"],"picked":"Force Field","floor":24},{"not_picked":["Hello World+1","Leap"],"picked":"Force Field+1","floor":28},{"not_picked":["Conserve Battery+1","Double Energy","Streamline"],"picked":"SKIP","floor":29},{"not_picked":["Steam Power","Redo"],"picked":"Loop+1","floor":31},{"not_picked":["Amplify","Biased Cognition"],"picked":"Buffer","floor":33},{"not_picked":["Stack+1","Redo+1"],"picked":"Heatsinks+1","floor":35},{"not_picked":["Rebound","Redo+1","Beam Cell+1"],"picked":"SKIP","floor":37},{"not_picked":["Turbo+1","Static Discharge"],"picked":"Defragment+1","floor":40},{"not_picked":["Sweeping Beam+1","Conserve Battery+1"],"picked":"Storm+1","floor":42}],"player_experience":533410,"relics_obtained":[{"floor":9,"key":"Letter Opener"},{"floor":26,"key":"Happy Flower"},{"floor":38,"key":"Bird Faced Urn"},{"floor":43,"key":"Meat on the Bone"}],"event_choices":[{"cards_removed":["Strike_B"],"damage_healed":0,"gold_gain":0,"player_choice":"Card Removal","damage_taken":7,"max_hp_gain":0,"max_hp_loss":0,"event_name":"Golden Wing","floor":4,"gold_loss":0},{"damage_healed":0,"gold_gain":0,"player_choice":"Entered Light","damage_taken":15,"max_hp_gain":0,"max_hp_loss":0,"event_name":"Shining Light","floor":5,"gold_loss":0,"cards_upgraded":["Zap","Ball Lightning"]},{"damage_healed":0,"gold_gain":0,"player_choice":"Success","damage_taken":7,"relics_obtained":["Du-Vu Doll"],"max_hp_gain":0,"max_hp_loss":0,"event_name":"Scrap Ooze","floor":11,"gold_loss":0},{"damage_healed":0,"gold_gain":0,"player_choice":"Shed Blood","damage_taken":19,"max_hp_gain":5,"max_hp_loss":0,"event_name":"Forgotten Altar","floor":21,"gold_loss":0},{"damage_healed":0,"gold_gain":0,"player_choice":"Ignored","damage_taken":0,"max_hp_gain":0,"max_hp_loss":0,"event_name":"Cursed Tome","floor":22,"gold_loss":0},{"damage_healed":0,"gold_gain":0,"player_choice":"Copied","damage_taken":0,"max_hp_gain":0,"max_hp_loss":0,"event_name":"Duplicator","floor":25,"gold_loss":0,"cards_obtained":["Loop"]},{"cards_removed":["Defend_B"],"damage_healed":0,"gold_gain":0,"player_choice":"Gave Gold","damage_taken":0,"max_hp_gain":0,"max_hp_loss":0,"event_name":"Beggar","floor":30,"gold_loss":75},{"damage_healed":0,"gold_gain":0,"player_choice":"Max HP","damage_taken":0,"max_hp_gain":0,"max_hp_loss":4,"event_name":"Winding Halls","floor":36,"gold_loss":0},{"damage_healed":0,"gold_gain":0,"player_choice":"Fight","damage_taken":0,"max_hp_gain":0,"max_hp_loss":0,"event_name":"Mysterious Sphere","floor":38,"gold_loss":0},{"cards_removed":["Strike_B"],"damage_healed":0,"gold_gain":0,"player_choice":"Upgrade and Remove","damage_taken":0,"max_hp_gain":0,"max_hp_loss":0,"event_name":"Designer","floor":39,"gold_loss":90,"cards_upgraded":["Defend_B"]}],"is_beta":false,"boss_relics":[{"not_picked":["Coffee Dripper","Lizard Tail"],"picked":"Orrery"},{"not_picked":["Calling Bell","Snecko Eye"],"picked":"Inserter"}],"items_purged_floors":[3,27],"is_endless":false,"potions_floor_spawned":[7,10,13,19,20,28,37],"killed_by":"Reptomancer","ascension_level":11}