{"gold_per_floor":[417,349,359,370,155,155,105,180,180,44,44,44,58,75,75,178,178,196,142,172,184,184,184,197,230,230,230,230,246,258,271,271,367,417,430,62,284,284,52,52,65,165,189,189,223,243,23,23,23,23],"floor_reached":50,"playtime":2739,"items_purged":["Injury","Defend_G","Strike_G"],"score":528,"play_id":"4edfaa15-bf49-40bc-b784-533a0ebcabd0","local_time":"20190426042614","is_ascension_mode":false,"campfire_choices":[{"data":"Bouncing Flask","floor":6.0,"key":"SMITH"},{"data":"Bouncing Flask","floor":12.0,"key":"SMITH"},{"data":"Adrenaline","floor":15.0,"key":"SMITH"},{"data":"Cloak And Dagger","floor":23.0,"key":"SMITH"},{"data":"Adrenaline","floor":28.0,"key":"SMITH"},{"floor":32,"key":"REST"},{"data":"Burst","floor":40,"key":"SMITH"},{"data":"Impatience","floor":44,"key":"SMITH"},{"floor":49,"key":"REST"}],"neow_cost":"CURSE","seed_source_timestamp":929434686440700,"circlet_count":0,"master_deck":["Defend_G","Defend_G","Defend_G","Strike_G+1","Strike_G","Strike_G+1","Survivor","Neutralize","Well Laid Plans","Bouncing Flask+1","Bouncing Flask+1","Adrenaline+1","Footwork","Slice","Adrenaline+1","Terror","Cloak And Dagger+1","Footwork","J.A.X.","Blade Dance","Die Die Die","Backflip+1","Dagger Spray","Impatience+1","Burst+1","Quick Slash","Adrenaline","Infinite Blades+1"],"special_seed":0,"relics":["Ring of the Snake","Old Coin","Darkstone Periapt","Shuriken","Sozu","Red Mask","Strawberry","Singing Bowl","Tiny House","Bag of Marbles","Frozen Egg 2","Whetstone","Peace Pipe","Lantern","Gremlin Horn","Bag of Preparation"],"potions_floor_usage":[50],"damage_taken":[{"damage":2.0,"enemies":"Jaw Worm","floor":1.0,"turns":5.0},{"damage":0.0,"enemies":"2 Louse","floor":3.0,"turns":4.0},{"damage":0.0,"enemies":"Cultist","floor":4.0,"turns":4.0},{"damage":0.0,"enemies":"Exordium Wildlife","floor":13.0,"turns":4.0},{"damage":4.0,"enemies":"3 Louse","floor":14.0,"turns":5.0},{"damage":27.0,"enemies":"Hexaghost","floor":16.0,"turns":8.0},{"damage":0.0,"enemies":"3 Byrds","floor":18.0,"turns":5.0},{"damage":19.0,"enemies":"Masked Bandits","floor":20.0,"turns":4.0},{"damage":0.0,"enemies":"2 Thieves","floor":21.0,"turns":4.0},{"damage":5.0,"enemies":"Centurion and Healer","floor":24.0,"turns":6.0},{"damage":34.0,"enemies":"Slavers","floor":25.0,"turns":5.0},{"damage":7.0,"enemies":"3 Cultists","floor":29.0,"turns":3.0},{"damage":0,"enemies":"Snecko","floor":30,"turns":3},{"damage":0,"enemies":"Chosen and Byrds","floor":31,"turns":4},{"damage":34,"enemies":"Automaton","floor":33,"turns":8},{"damage":3,"enemies":"Orb Walker","floor":35,"turns":3},{"damage":10,"enemies":"3 Shapes","floor":41,"turns":4},{"damage":17,"enemies":"Mind Bloom Boss Battle","floor":42,"turns":5},{"damage":39,"enemies":"Nemesis","floor":45,"turns":7},{"damage":0,"enemies":"Sphere and 2 Shapes","floor":46,"turns":3},{"damage":56,"enemies":"Time Eater","floor":50,"turns":3}],"seed_played":"-6933698811966963107","potions_obtained":[{"floor":13.0,"key":"Strength Potion"},{"floor":14.0,"key":"GhostInAJar"}],"is_trial":false,"path_per_floor":["M","$","M","M","$","R","?","?","T","$","?","R","M","M","R","B",null,"M","$","?","M","?","R","M","E","T","?","R","M","M","M","R","B",null,"M","$","?","T","$","R","M","?","T","R","E","M","$","?","R","B"],"character_chosen":"THE_SILENT","items_purchased":["Well Laid Plans","Adrenaline","Footwork","Cloak And Dagger","Bag of Marbles","Impatience","Burst","Whetstone","Infinite Blades+1","Bag of Preparation"],"campfire_rested":2,"item_purchase_floors":[2,5,10,19,36,36,39,39,47,47],"current_hp_per_floor":[68,68,68,68,68,68,68,57,57,57,57,57,57,53,53,26,70,70,70,51,51,51,51,46,19,19,44,44,39,39,41,65,33,90,87,87,87,87,87,87,77,62,62,62,23,25,25,25,53,0],"gold":23,"neow_bonus":"ONE_RARE_RELIC","is_prod":false,"is_daily":false,"chose_seed":false,"campfire_upgraded":7,"win_rate":0,"timestamp":1556267174,"path_taken":["M","$","M","M","$","R","?","?","T","?","?","R","M","?","R","BOSS","M","$","?","M","?","R","?","E","T","?","R","M","M","M","R","BOSS","M","$","?","?","$","R","M","?","T","R","E","M","$","?","R","BOSS"],"build_version":"2019-04-23","purchased_purges":3,"victory":false,"max_hp_per_floor":[70,70,70,70,70,70,70,70,70,70,70,70,70,70,70,70,70,70,70,70,70,70,70,70,77,77,77,77,79,79,81,81,83,90,90,90,90,90,90,90,90,92,92,92,92,94,94,94,94,94],"card_choices":[{"not_picked":["Acrobatics","Prepared"],"picked":"PiercingWail","floor":1.0},{"not_picked":["Predator","Cloak And Dagger"],"picked":"Bouncing Flask","floor":3.0},{"not_picked":["Dagger Throw","Distraction"],"picked":"Bouncing Flask","floor":4.0},{"not_picked":["PiercingWail","Backflip","Bouncing Flask"],"picked":"SKIP","floor":13.0},{"not_picked":["Expertise","Backflip"],"picked":"Slice","floor":14.0},{"not_picked":["Storm of Steel","After Image"],"picked":"Adrenaline","floor":16.0},{"not_picked":["Slice","Poisoned Stab+1"],"picked":"Terror","floor":18.0},{"not_picked":["Bane+1","Sucker Punch"],"picked":"Footwork","floor":21.0},{"not_picked":["Slice+1","Bane+1"],"picked":"Blade Dance","floor":24.0},{"not_picked":["Accuracy","Dodge and Roll"],"picked":"Die Die Die","floor":25.0},{"not_picked":["Deflect","Slice","Underhanded Strike"],"picked":"Singing Bowl","floor":29.0},{"not_picked":["Dodge and Roll","Sucker Punch"],"picked":"Backflip+1","floor":30},{"not_picked":["Noxious Fumes","Outmaneuver","PiercingWail"],"picked":"Singing Bowl","floor":31},{"not_picked":["Bullet Time","Grand Finale","Storm of Steel"],"picked":"Singing Bowl","floor":33},{"not_picked":["Underhanded Strike","Prepared","Concentrate+1"],"picked":"Singing Bowl","floor":34},{"not_picked":["Sucker Punch+1","Tactician+1"],"picked":"Dagger Spray","floor":35},{"not_picked":["Slice+1","Grand Finale"],"picked":"Quick Slash","floor":41},{"not_picked":["Dodge and Roll+1","Cloak And Dagger","Caltrops+1"],"picked":"Singing Bowl","floor":42},{"not_picked":["Dash","Finisher+1"],"picked":"Adrenaline","floor":45},{"not_picked":["Dodge and Roll+1","Dagger Throw","Dagger Spray+1"],"picked":"Singing Bowl","floor":46}],"player_experience":1377726,"relics_obtained":[{"floor":9.0,"key":"Darkstone Periapt"},{"floor":20.0,"key":"Red Mask"},{"floor":25.0,"key":"Strawberry"},{"floor":26.0,"key":"Singing Bowl"},{"floor":38,"key":"Frozen Egg 2"},{"floor":42,"key":"Peace Pipe"},{"floor":43,"key":"Lantern"},{"floor":45,"key":"Gremlin Horn"}],"event_choices":[{"cards_removed":["Strike_G"],"damage_healed":0.0,"max_hp_gain":0.0,"max_hp_loss":0.0,"gold_gain":0.0,"event_name":"The Cleric","player_choice":"Card Removal","floor":7.0,"gold_loss":50.0,"damage_taken":0.0},{"damage_healed":0.0,"max_hp_gain":0.0,"max_hp_loss":0.0,"gold_gain":75.0,"event_name":"World of Goop","player_choice":"Gather Gold","floor":8.0,"gold_loss":0.0,"damage_taken":11.0},{"cards_removed":["PiercingWail"],"damage_healed":0.0,"max_hp_gain":0.0,"max_hp_loss":0.0,"gold_gain":0.0,"event_name":"WeMeetAgain","player_choice":"Gave Card","floor":11.0,"gold_loss":0.0,"damage_taken":0.0,"relics_obtained":["Shuriken"]},{"damage_healed":0.0,"max_hp_gain":0.0,"max_hp_loss":0.0,"gold_gain":0.0,"event_name":"Masked Bandits","player_choice":"Fought Bandits","floor":20.0,"gold_loss":0.0,"damage_taken":0.0},{"damage_healed":0.0,"max_hp_gain":0.0,"max_hp_loss":0.0,"gold_gain":0.0,"event_name":"Drug Dealer","player_choice":"Obtain J.A.X.","floor":22.0,"gold_loss":0.0,"damage_taken":0.0,"cards_obtained":["J.A.X."]},{"damage_healed":25.0,"max_hp_gain":0.0,"max_hp_loss":0.0,"gold_gain":0.0,"event_name":"The Library","player_choice":"Heal","floor":27.0,"gold_loss":0.0,"damage_taken":0.0},{"damage_healed":0,"gold_gain":222,"player_choice":"Wore Mask","damage_taken":0,"max_hp_gain":0,"max_hp_loss":0,"event_name":"Tomb of Lord Red Mask","floor":37,"gold_loss":0},{"damage_healed":0,"gold_gain":0,"player_choice":"Fight","damage_taken":0,"max_hp_gain":0,"max_hp_loss":0,"event_name":"MindBloom","floor":42,"gold_loss":0},{"cards_removed":["Defend_G"],"damage_healed":0,"gold_gain":0,"player_choice":"Removed Skill","damage_taken":0,"max_hp_gain":0,"max_hp_loss":0,"event_name":"Falling","floor":48,"gold_loss":0}],"is_beta":true,"boss_relics":[{"not_picked":["HoveringKite","Runic Dome"],"picked":"Sozu"},{"not_picked":["Eternal Feather","Lizard Tail"],"picked":"Tiny House"}],"items_purged_floors":[5,10,36],"is_endless":false,"potions_floor_spawned":[13,14,18,24,31,33,35,42,45],"killed_by":"Time Eater","ascension_level":0}