{"gold_per_floor":[109,127,142,92,106,140,140,167,167,179,239,304,335,350,350,452,452,466,466,466,482,497,497],"floor_reached":23,"playtime":1326,"items_purged":[],"score":224,"play_id":"4bec989c-338b-45d6-b307-c959e9693b21","local_time":"20190331172531","is_ascension_mode":true,"campfire_choices":[{"data":"Blood for Blood","floor":7,"key":"SMITH"},{"floor":15,"key":"RECALL"}],"neow_cost":"NONE","seed_source_timestamp":1623796969720014,"circlet_count":0,"master_deck":["Strike_R","Strike_R","Strike_R","Strike_R","Strike_R","Defend_R","Defend_R","Defend_R","Bash","Iron Wave","Metallicize","Perfected Strike","Blood for Blood+1","Perfected Strike","Twin Strike+1","Flex","Cleave+1","Hemokinesis+1","Reaper+1","Demon Form","Anger+1","Decay","Pummel+1"],"relics":["Burning Blood","Lantern","Molten Egg 2","Bottled Flame","Oddly Smooth Stone","Fusion Hammer"],"potions_floor_usage":[5,11,11,21,23],"damage_taken":[{"damage":0,"enemies":"2 Louse","floor":1,"turns":2},{"damage":3,"enemies":"Jaw Worm","floor":2,"turns":4},{"damage":5,"enemies":"Small Slimes","floor":3,"turns":4},{"damage":5,"enemies":"Looter","floor":5,"turns":2},{"damage":12,"enemies":"Gremlin Nob","floor":6,"turns":4},{"damage":30,"enemies":"Lagavulin","floor":8,"turns":6},{"damage":0,"enemies":"Gremlin Gang","floor":10,"turns":3},{"damage":13,"enemies":"3 Sentries","floor":11,"turns":4},{"damage":1,"enemies":"Gremlin Nob","floor":13,"turns":3},{"damage":0,"enemies":"2 Fungi Beasts","floor":14,"turns":2},{"damage":29,"enemies":"Slime Boss","floor":16,"turns":8},{"damage":14,"enemies":"Chosen","floor":18,"turns":4},{"damage":28,"enemies":"Shell Parasite","floor":21,"turns":3},{"damage":27,"enemies":"Centurion and Healer","floor":22,"turns":5},{"damage":72,"enemies":"Gremlin Leader","floor":23,"turns":5}],"seed_played":"-1500107612007300807","potions_obtained":[{"floor":2,"key":"SkillPotion"},{"floor":3,"key":"SteroidPotion"},{"floor":6,"key":"LiquidBronze"},{"floor":14,"key":"SpeedPotion"},{"floor":16,"key":"Fire Potion"}],"is_trial":false,"path_per_floor":["M","M","M","?","M","E","R","E","T","M","?","?","E","M","R","B",null,"M","?","?","M","M","E"],"character_chosen":"IRONCLAD","items_purchased":[],"campfire_rested":0,"item_purchase_floors":[],"current_hp_per_floor":[88,88,88,88,88,82,82,58,58,64,57,57,62,68,68,45,88,87,87,87,72,61,0],"gold":497,"neow_bonus":"TEN_PERCENT_HP_BONUS","is_prod":false,"is_daily":false,"chose_seed":false,"campfire_upgraded":1,"win_rate":0,"timestamp":1554071131,"path_taken":["M","M","M","?","M","E","R","E","T","M","?","?","E","M","R","BOSS","M","?","?","M","M","E"],"build_version":"2019-01-23","purchased_purges":0,"victory":false,"max_hp_per_floor":[88,88,88,88,88,88,88,88,88,88,88,88,88,88,88,88,88,88,88,88,88,88,88],"card_choices":[{"not_picked":["Dual Wield","Hemokinesis"],"picked":"Iron Wave","floor":1},{"not_picked":["Cleave","Wild Strike"],"picked":"Metallicize","floor":2},{"not_picked":["Clash","Searing Blow"],"picked":"Perfected Strike","floor":3},{"not_picked":["Clothesline","Sword Boomerang"],"picked":"Blood for Blood","floor":5},{"not_picked":["Iron Wave","Power Through"],"picked":"Perfected Strike","floor":6},{"not_picked":["Searing Blow","Shrug It Off"],"picked":"Twin Strike","floor":8},{"not_picked":["Searing Blow+1","Brutality"],"picked":"Flex","floor":10},{"not_picked":["Wild Strike+1","Clothesline+1"],"picked":"Cleave+1","floor":11},{"not_picked":["Second Wind","Dual Wield"],"picked":"Hemokinesis+1","floor":13},{"not_picked":["Sword Boomerang+1","Seeing Red"],"picked":"Reaper+1","floor":14},{"not_picked":["Impervious","Fiend Fire+1"],"picked":"Demon Form","floor":16},{"not_picked":["Clothesline+1","True Grit"],"picked":"Anger+1","floor":18},{"not_picked":["Warcry+1","Bludgeon+1"],"picked":"Pummel+1","floor":21},{"not_picked":["Spot Weakness+1","Dual Wield","Body Slam+1"],"picked":"SKIP","floor":22}],"player_experience":132820,"relics_obtained":[{"floor":6,"key":"Lantern"},{"floor":8,"key":"Molten Egg 2"},{"floor":11,"key":"Bottled Flame"},{"floor":13,"key":"Oddly Smooth Stone"}],"event_choices":[{"cards_removed":["Defend_R"],"damage_healed":0,"gold_gain":0,"player_choice":"Card Removal","damage_taken":0,"max_hp_gain":0,"max_hp_loss":0,"event_name":"The Cleric","floor":4,"gold_loss":50},{"damage_healed":0,"gold_gain":30,"player_choice":"Searched \u00272\u0027 times","damage_taken":0,"max_hp_gain":0,"max_hp_loss":0,"event_name":"Dead Adventurer","floor":11,"gold_loss":0},{"damage_healed":0,"gold_gain":65,"player_choice":"Gained Gold","damage_taken":0,"max_hp_gain":0,"max_hp_loss":0,"event_name":"Golden Wing","floor":12,"gold_loss":0},{"damage_healed":0,"gold_gain":0,"player_choice":"Ignored","damage_taken":0,"max_hp_gain":0,"max_hp_loss":0,"event_name":"Beggar","floor":19,"gold_loss":0},{"damage_healed":0,"gold_gain":0,"player_choice":"Cursed","damage_taken":0,"max_hp_gain":0,"max_hp_loss":0,"event_name":"Wheel of Change","floor":20,"gold_loss":0,"cards_obtained":["Decay"]}],"is_beta":false,"boss_relics":[{"not_picked":["Coffee Dripper","Empty Cage"],"picked":"Fusion Hammer"}],"items_purged_floors":[],"is_endless":false,"potions_floor_spawned":[2,3,6,14,16],"killed_by":"Gremlin Leader","ascension_level":1}