{"gold_per_floor":[118,134,134,146,164,197,218,218,270,281,206,206,174,193,193,293,293,218,218,143,143,143,143,143,143,143,143,143,143,143,143,143,143,143,143,143,143,143,143,143,143,143,143,143,143,43,43,43,43,43,43,43,43,43,43],"floor_reached":55,"playtime":2199,"items_purged":["Strike_B","Defend_B"],"score":673,"play_id":"8916ee97-6205-4e32-bb42-c1269da39bb0","local_time":"20190411215126","is_ascension_mode":false,"campfire_choices":[{"floor":8,"key":"REST"},{"floor":12,"key":"RECALL"},{"floor":15,"key":"REST"},{"data":"Coolheaded","floor":23,"key":"SMITH"},{"floor":27,"key":"REST"},{"data":"Gash","floor":32,"key":"SMITH"},{"data":"Coolheaded","floor":42,"key":"SMITH"},{"floor":49,"key":"REST"},{"data":"Dualcast","floor":52,"key":"SMITH"}],"neow_cost":"NONE","seed_source_timestamp":46789619739400,"circlet_count":0,"master_deck":["Defend_B","Zap+1","Dualcast+1","Coolheaded+1","Gash+1","Gash","Machine Learning","Seek","Coolheaded+1","Machine Learning","Reboot","PanicButton","Defragment+1","Skim+1","Gash+1"],"relics":["Cracked Core","Gremlin Horn","Odd Mushroom","Whetstone","Ectoplasm","Oddly Smooth Stone","Empty Cage","Nunchaku","Darkstone Periapt","Juzu Bracelet","Art of War"],"potions_floor_usage":[7,7,16,16,24,24,33,33,50,50,55],"damage_taken":[{"damage":1,"enemies":"2 Louse","floor":1,"turns":2},{"damage":1,"enemies":"Cultist","floor":2,"turns":3},{"damage":1,"enemies":"Jaw Worm","floor":4,"turns":3},{"damage":8,"enemies":"2 Fungi Beasts","floor":5,"turns":4},{"damage":37,"enemies":"Lagavulin","floor":6,"turns":7},{"damage":11,"enemies":"The Mushroom Lair","floor":7,"turns":4},{"damage":2,"enemies":"Blue Slaver","floor":10,"turns":2},{"damage":3,"enemies":"Large Slime","floor":14,"turns":4},{"damage":7,"enemies":"Slime Boss","floor":16,"turns":7},{"damage":23,"enemies":"2 Thieves","floor":18,"turns":4},{"damage":0,"enemies":"Chosen","floor":19,"turns":5},{"damage":25,"enemies":"Centurion and Healer","floor":21,"turns":6},{"damage":10,"enemies":"Book of Stabbing","floor":24,"turns":4},{"damage":5,"enemies":"Snecko","floor":25,"turns":5},{"damage":11,"enemies":"Shelled Parasite and Fungi","floor":30,"turns":4},{"damage":4,"enemies":"Centurion and Healer","floor":31,"turns":5},{"damage":15,"enemies":"Collector","floor":33,"turns":10},{"damage":13,"enemies":"Orb Walker","floor":35,"turns":2},{"damage":7,"enemies":"3 Darklings","floor":38,"turns":4},{"damage":0,"enemies":"Transient","floor":39,"turns":5},{"damage":19,"enemies":"Reptomancer","floor":40,"turns":5},{"damage":6,"enemies":"Writhing Mass","floor":41,"turns":6},{"damage":5,"enemies":"4 Shapes","floor":45,"turns":5},{"damage":0,"enemies":"3 Darklings","floor":47,"turns":3},{"damage":0,"enemies":"Writhing Mass","floor":48,"turns":3},{"damage":18,"enemies":"Donu and Deca","floor":50,"turns":5},{"damage":24,"enemies":"Shield and Spear","floor":54,"turns":4},{"damage":51,"enemies":"The Heart","floor":55,"turns":3}],"seed_played":"-8697648114948245018","potions_obtained":[{"floor":2,"key":"EssenceOfSteel"},{"floor":5,"key":"FocusPotion"},{"floor":7,"key":"FearPotion"},{"floor":14,"key":"GamblersBrew"},{"floor":16,"key":"Poison Potion"},{"floor":21,"key":"FearPotion"},{"floor":24,"key":"FocusPotion"},{"floor":30,"key":"GamblersBrew"},{"floor":33,"key":"Weak Potion"},{"floor":38,"key":"FocusPotion"},{"floor":40,"key":"Explosive Potion"},{"floor":47,"key":"Dexterity Potion"}],"is_trial":false,"path_per_floor":["M","M","?","M","M","E","?","R","T","M","$","R","?","M","R","B",null,"M","M","?","M","?","R","E","M","T","R","?","?","M","M","R","B",null,"M","T","?","M","M","E","M","R","T","?","M","$","M","M","R","B",null,"R","$","E","B"],"character_chosen":"DEFECT","items_purchased":[],"campfire_rested":4,"item_purchase_floors":[],"current_hp_per_floor":[74,73,73,72,64,27,16,38,38,36,36,36,36,33,55,48,75,52,52,52,27,27,27,17,12,12,34,59,52,41,37,37,22,75,62,62,62,55,55,36,30,30,30,30,25,25,25,25,47,29,75,75,75,51,0],"gold":43,"neow_bonus":"UPGRADE_CARD","is_prod":false,"is_daily":false,"chose_seed":false,"campfire_upgraded":4,"win_rate":0,"timestamp":1554990686,"path_taken":["M","M","?","M","?","E","?","R","T","M","?","R","?","M","R","BOSS","M","M","?","M","?","R","E","M","T","R","?","?","M","M","R","BOSS","M","?","?","M","M","E","M","R","T","?","M","$","M","M","R","BOSS","R","$","E","BOSS"],"build_version":"2019-01-23","purchased_purges":2,"victory":false,"max_hp_per_floor":[75,75,75,75,75,75,75,75,75,75,75,75,75,75,75,75,75,75,75,75,75,75,75,75,75,75,75,75,75,75,75,75,75,75,75,75,75,75,75,75,75,75,75,75,75,75,75,75,75,75,75,75,75,75,75],"card_choices":[{"not_picked":["Conserve Battery","Turbo","Doom and Gloom"],"picked":"SKIP","floor":1},{"not_picked":["Sweeping Beam","Leap"],"picked":"Coolheaded","floor":2},{"not_picked":["Undo","Beam Cell"],"picked":"Gash","floor":4},{"not_picked":["Stack","Storm"],"picked":"Gash","floor":5},{"not_picked":["Turbo","Fusion","Ball Lightning"],"picked":"SKIP","floor":6},{"not_picked":["Coolheaded","Auto Shields"],"picked":"Machine Learning","floor":10},{"not_picked":["Stack","Undo","Streamline"],"picked":"SKIP","floor":14},{"not_picked":["Creative AI","Meteor Strike"],"picked":"Seek","floor":16},{"not_picked":["Barrage","Sweeping Beam","Storm"],"picked":"SKIP","floor":18},{"not_picked":["Undo","Streamline","Conserve Battery"],"picked":"SKIP","floor":19},{"not_picked":["Leap","Auto Shields"],"picked":"Coolheaded","floor":21},{"not_picked":["Auto Shields","Leap","Fusion"],"picked":"SKIP","floor":24},{"not_picked":["Coolheaded","Sweeping Beam","Gash+1"],"picked":"SKIP","floor":25},{"not_picked":["Consume","BootSequence","Compile Driver+1"],"picked":"SKIP","floor":30},{"not_picked":["Genetic Algorithm","Rebound"],"picked":"Machine Learning","floor":31},{"not_picked":["Biased Cognition","Creative AI"],"picked":"Reboot","floor":33},{"not_picked":["Redo","Streamline+1","Cold Snap+1"],"picked":"SKIP","floor":35},{"not_picked":["Thinking Ahead","Violence"],"picked":"PanicButton","floor":37},{"not_picked":["Ball Lightning+1","Streamline+1"],"picked":"Defragment+1","floor":38},{"not_picked":["Compile Driver","Doom and Gloom","Sweeping Beam+1"],"picked":"SKIP","floor":39},{"not_picked":["Barrage","Turbo+1","Auto Shields"],"picked":"SKIP","floor":40},{"not_picked":["White Noise","Hello World+1","Gash"],"picked":"SKIP","floor":41},{"not_picked":["Leap+1","Glacier+1"],"picked":"Skim+1","floor":45},{"not_picked":["Conserve Battery+1","Sweeping Beam"],"picked":"Gash+1","floor":47},{"not_picked":["Compile Driver+1","Streamline+1","Recycle"],"picked":"SKIP","floor":48},{"not_picked":["Chill","Streamline","Darkness+1"],"picked":"SKIP","floor":54}],"player_experience":466432,"relics_obtained":[{"floor":6,"key":"Gremlin Horn"},{"floor":7,"key":"Odd Mushroom"},{"floor":9,"key":"Whetstone"},{"floor":24,"key":"Oddly Smooth Stone"},{"floor":36,"key":"Nunchaku"},{"floor":40,"key":"Darkstone Periapt"},{"floor":43,"key":"Juzu Bracelet"},{"floor":54,"key":"Art of War"}],"event_choices":[{"cards_removed":["Strike_B"],"damage_healed":0,"gold_gain":0,"player_choice":"Purged","damage_taken":0,"max_hp_gain":0,"max_hp_loss":0,"event_name":"Purifier","floor":3,"gold_loss":0},{"damage_healed":0,"gold_gain":0,"player_choice":"Fought Mushrooms","damage_taken":0,"max_hp_gain":0,"max_hp_loss":0,"event_name":"Mushrooms","floor":7,"gold_loss":0},{"damage_healed":0,"gold_gain":0,"player_choice":"Left Gold","damage_taken":0,"max_hp_gain":0,"max_hp_loss":0,"event_name":"World of Goop","floor":13,"gold_loss":32},{"cards_removed":["Defend_B"],"damage_healed":0,"gold_gain":0,"player_choice":"Gave Gold","damage_taken":0,"max_hp_gain":0,"max_hp_loss":0,"event_name":"Beggar","floor":20,"gold_loss":75},{"damage_healed":0,"gold_gain":0,"player_choice":"Ignored","damage_taken":0,"max_hp_gain":0,"max_hp_loss":0,"event_name":"Vampires","floor":22,"gold_loss":0},{"damage_healed":25,"gold_gain":0,"player_choice":"Heal","damage_taken":0,"max_hp_gain":0,"max_hp_loss":0,"event_name":"The Library","floor":28,"gold_loss":0},{"damage_healed":0,"gold_gain":0,"player_choice":"","damage_taken":7,"max_hp_gain":0,"max_hp_loss":0,"event_name":"Knowing Skull","floor":29,"potions_obtained":[],"gold_loss":0,"cards_obtained":[]},{"damage_healed":0,"gold_gain":0,"player_choice":"Memory 1","damage_taken":0,"max_hp_gain":0,"max_hp_loss":0,"event_name":"SensoryStone","floor":37,"gold_loss":0},{"cards_removed":["Strike_B"],"damage_healed":0,"gold_gain":0,"player_choice":"Removed Attack","damage_taken":0,"max_hp_gain":0,"max_hp_loss":0,"event_name":"Falling","floor":44,"gold_loss":0}],"is_beta":false,"boss_relics":[{"not_picked":["Velvet Choker","White Beast Statue"],"picked":"Ectoplasm"},{"not_picked":["Fusion Hammer","Inserter"],"picked":"Empty Cage"}],"items_purged_floors":[11,46],"is_endless":false,"potions_floor_spawned":[2,5,7,14,16,21,24,30,33,38,40,47],"killed_by":"The Heart","ascension_level":0}