{"gold_per_floor":[114,27,27,43,0,0,13,32,32,32,32,71,71,92,92,181,181,162,177,177],"floor_reached":20,"playtime":417,"items_purged":[],"score":348,"play_id":"17d7d5bc-030e-484d-8d70-385cb7745c9d","local_time":"20190207114751","is_ascension_mode":true,"campfire_choices":[{"data":"Accuracy","floor":6,"key":"SMITH"},{"data":"Blade Dance","floor":11,"key":"SMITH"},{"data":"Phantasmal Killer","floor":13,"key":"SMITH"},{"data":"Dodge and Roll","floor":15,"key":"SMITH"}],"neow_cost":"NONE","seed_source_timestamp":233311525615130,"circlet_count":0,"master_deck":["AscendersBane","Defend_G","Defend_G","Defend_G","Defend_G","Defend_G","Strike_G","Strike_G","Strike_G","Strike_G","Strike_G","Survivor","Neutralize","Slice","Slice","Dodge and Roll+1","Injury","Blade Dance+1","Accuracy+1","Finisher","Regret","Phantasmal Killer+1","Dagger Throw","Burst","Dodge and Roll","Footwork"],"relics":["Ring of the Snake","NeowsBlessing","Golden Idol","Bottled Lightning","Darkstone Periapt","Snake Skull","WristBlade"],"potions_floor_usage":[12,16,16,20],"damage_taken":[{"damage":0,"enemies":"2 Louse","floor":1,"turns":1},{"damage":0,"enemies":"Small Slimes","floor":4,"turns":1},{"damage":0,"enemies":"Jaw Worm","floor":7,"turns":1},{"damage":6,"enemies":"Looter","floor":8,"turns":4},{"damage":9,"enemies":"Gremlin Nob","floor":12,"turns":3},{"damage":4,"enemies":"2 Fungi Beasts","floor":14,"turns":2},{"damage":44,"enemies":"The Guardian","floor":16,"turns":9},{"damage":6,"enemies":"2 Thieves","floor":18,"turns":4},{"damage":47,"enemies":"Shell Parasite","floor":19,"turns":6},{"damage":7,"enemies":"Chosen and Byrds","floor":20,"turns":3}],"seed_played":"-4128899913201185240","potions_obtained":[{"floor":7,"key":"SteroidPotion"},{"floor":8,"key":"Block Potion"},{"floor":12,"key":"LiquidBronze"},{"floor":19,"key":"FearPotion"}],"is_trial":false,"path_per_floor":["M","$","?","M","$","R","M","M","T","?","R","E","R","M","R","B",null,"M","M","M"],"character_chosen":"THE_SILENT","items_purchased":["Slice","Dodge and Roll","Accuracy"],"campfire_rested":0,"item_purchase_floors":[2,2,5],"current_hp_per_floor":[59,59,59,59,59,59,59,53,53,59,59,50,50,46,46,2,55,49,2,0],"gold":177,"neow_bonus":"THREE_ENEMY_KILL","is_prod":false,"is_daily":false,"chose_seed":false,"campfire_upgraded":4,"win_rate":0,"timestamp":1549558071,"path_taken":["M","$","?","M","$","R","M","M","T","?","R","E","R","M","R","BOSS","M","M","M"],"build_version":"2019-01-23","purchased_purges":0,"victory":false,"max_hp_per_floor":[66,66,66,66,66,66,66,66,66,72,72,72,72,72,72,72,72,72,72,72],"card_choices":[{"not_picked":["PiercingWail","Quick Slash"],"picked":"Slice","floor":1},{"not_picked":["Choke","All Out Attack"],"picked":"Blade Dance","floor":4},{"not_picked":["Bane","Flechettes","Well Laid Plans"],"picked":"SKIP","floor":7},{"not_picked":["Dash","Predator"],"picked":"Finisher","floor":8},{"not_picked":["Poisoned Stab","Catalyst"],"picked":"Phantasmal Killer","floor":12},{"not_picked":["Skewer","Underhanded Strike"],"picked":"Dagger Throw","floor":14},{"not_picked":["Storm of Steel","Bullet Time"],"picked":"Burst","floor":16},{"not_picked":["Bane+1","Quick Slash+1"],"picked":"Dodge and Roll","floor":18},{"not_picked":["Masterful Stab","Dodge and Roll+1"],"picked":"Footwork","floor":19}],"player_experience":833941,"relics_obtained":[{"floor":9,"key":"Bottled Lightning"},{"floor":12,"key":"Snake Skull"}],"event_choices":[{"damage_healed":0,"gold_gain":0,"player_choice":"Take Wound","damage_taken":0,"relics_obtained":["Golden Idol"],"max_hp_gain":0,"max_hp_loss":0,"event_name":"Golden Idol","floor":3,"gold_loss":0,"cards_obtained":["Injury"]},{"damage_healed":0,"gold_gain":0,"player_choice":"Box","damage_taken":0,"relics_obtained":["Darkstone Periapt"],"max_hp_gain":0,"max_hp_loss":0,"event_name":"Big Fish","floor":10,"gold_loss":0,"cards_obtained":["Regret"]}],"is_beta":false,"boss_relics":[{"not_picked":["Lizard Tail","Fusion Hammer"],"picked":"WristBlade"}],"items_purged_floors":[],"is_endless":false,"potions_floor_spawned":[7,8,12,19],"killed_by":"Chosen and Byrds","ascension_level":20}