{"gold_per_floor":[20,20,33,57,57,90,114,114,171,191,191,116,116,137,137,265,265,278,294,315,15,34,34,34,48,48,48,79,178,103,118,118,118],"floor_reached":33,"playtime":6232,"items_purged":[],"score":269,"play_id":"904e8d2b-4d91-4207-be2e-a624c2f114d0","local_time":"20190312185736","is_ascension_mode":false,"campfire_choices":[{"data":"Blur","floor":8,"key":"SMITH"},{"floor":11,"key":"REST"},{"data":"Footwork","floor":13,"key":"SMITH"},{"data":"Crippling Poison","floor":15,"key":"SMITH"},{"data":"Adrenaline","floor":23,"key":"SMITH"},{"floor":27,"key":"REST"},{"floor":32,"key":"REST"}],"neow_cost":"NO_GOLD","seed_source_timestamp":330290513144800,"circlet_count":0,"master_deck":["Adrenaline+1","Backflip","Backflip+1","Blur+1","Choke+1","Crippling Poison+1","Dagger Throw","Deadly Poison","Deadly Poison+1","Defend_G","Defend_G","Defend_G","Defend_G","Dodge and Roll","Flying Knee","Flying Knee","Flying Knee+1","Footwork+1","Neutralize","Poisoned Stab+1","Prepared+1","Riddle With Holes","Strike_G","Strike_G","Sucker Punch","Survivor","Bane"],"relics":["Ring of the Snake","Golden Idol","GremlinMask","Potion Belt","Tiny Chest","Astrolabe","Ginger","Letter Opener","Omamori"],"potions_floor_usage":[6,16,16,22,28,28,33],"damage_taken":[{"damage":2,"enemies":"Small Slimes","floor":1,"turns":5},{"damage":0,"enemies":"2 Louse","floor":3,"turns":5},{"damage":0,"enemies":"Cultist","floor":4,"turns":3},{"damage":28,"enemies":"Gremlin Nob","floor":6,"turns":4},{"damage":4,"enemies":"3 Louse","floor":7,"turns":6},{"damage":0,"enemies":"Looter","floor":10,"turns":4},{"damage":1,"enemies":"2 Fungi Beasts","floor":14,"turns":4},{"damage":38,"enemies":"Slime Boss","floor":16,"turns":22},{"damage":15,"enemies":"2 Thieves","floor":18,"turns":5},{"damage":2,"enemies":"3 Byrds","floor":19,"turns":4},{"damage":0,"enemies":"Snecko","floor":20,"turns":5},{"damage":15,"enemies":"Centurion and Healer","floor":22,"turns":8},{"damage":16,"enemies":"Snake Plant","floor":25,"turns":4},{"damage":32,"enemies":"Slavers","floor":28,"turns":5},{"damage":0,"enemies":"Cultist and Chosen","floor":31,"turns":6},{"damage":61,"enemies":"Champ","floor":33,"turns":12}],"seed_played":"3856870267298328163","potions_obtained":[{"floor":3,"key":"Ancient Potion"},{"floor":4,"key":"FearPotion"},{"floor":7,"key":"GhostInAJar"},{"floor":14,"key":"GamblersBrew"},{"floor":19,"key":"Explosive Potion"},{"floor":25,"key":"AttackPotion"},{"floor":31,"key":"Weak Potion"}],"is_trial":false,"path_per_floor":["M","?","M","M","?","E","M","R","T","M","R","$","R","M","R","B",null,"M","M","M","$","M","R","$","M","T","R","E","?","?","M","R","B"],"character_chosen":"THE_SILENT","items_purchased":["Footwork","Ginger"],"campfire_rested":3,"item_purchase_floors":[12,21],"current_hp_per_floor":[82,61,61,61,61,33,29,29,29,29,54,54,54,53,53,15,84,69,67,67,67,52,52,52,36,36,61,29,29,29,29,54,0],"gold":118,"neow_bonus":"TWENTY_PERCENT_HP_BONUS","is_prod":false,"is_daily":false,"chose_seed":false,"campfire_upgraded":4,"win_rate":0.0,"timestamp":1552435056,"path_taken":["M","?","M","M","?","E","M","R","T","M","R","$","R","M","R","BOSS","M","M","M","$","M","R","?","M","T","R","E","?","?","M","R","BOSS"],"build_version":"2019-01-23","purchased_purges":0,"victory":false,"max_hp_per_floor":[84,84,84,84,84,84,84,84,84,84,84,84,84,84,84,84,84,84,84,84,84,84,84,84,84,84,84,84,84,84,84,84,84],"card_choices":[{"not_picked":["Backflip","Dagger Spray"],"picked":"Blur","floor":1},{"not_picked":["Caltrops","Acrobatics"],"picked":"Riddle With Holes","floor":3},{"not_picked":["Outmaneuver","Dagger Spray"],"picked":"Flying Knee","floor":4},{"not_picked":["Deflect","Doppelganger"],"picked":"Dodge and Roll","floor":6},{"not_picked":["Prepared","Accuracy"],"picked":"Sucker Punch","floor":7},{"not_picked":["All Out Attack","Underhanded Strike"],"picked":"Flying Knee","floor":10},{"not_picked":["Sucker Punch","Bane"],"picked":"Crippling Poison","floor":14},{"not_picked":["Bullet Time","Tools of the Trade"],"picked":"Adrenaline","floor":16},{"not_picked":["Outmaneuver","Deadly Poison"],"picked":"Poisoned Stab+1","floor":18},{"not_picked":["Underhanded Strike","Bouncing Flask+1"],"picked":"Deadly Poison","floor":19},{"not_picked":["Masterful Stab","PiercingWail"],"picked":"Prepared+1","floor":20},{"not_picked":["Prepared+1","Glass Knife"],"picked":"Backflip","floor":22},{"not_picked":["Sucker Punch","Dodge and Roll"],"picked":"Dagger Throw","floor":25},{"not_picked":["PiercingWail","Deflect"],"picked":"Backflip+1","floor":28},{"not_picked":["Deflect","Acrobatics"],"picked":"Bane","floor":31}],"player_experience":59055,"relics_obtained":[{"floor":6,"key":"Potion Belt"},{"floor":9,"key":"Tiny Chest"},{"floor":26,"key":"Letter Opener"},{"floor":28,"key":"Omamori"}],"event_choices":[{"damage_healed":0,"gold_gain":0,"player_choice":"Take Damage","damage_taken":21,"relics_obtained":["Golden Idol"],"max_hp_gain":0,"max_hp_loss":0,"event_name":"Golden Idol","floor":2,"gold_loss":0},{"damage_healed":0,"gold_gain":0,"player_choice":"Trade","damage_taken":0,"relics_obtained":["GremlinMask"],"max_hp_gain":0,"max_hp_loss":0,"event_name":"FaceTrader","floor":5,"gold_loss":0},{"damage_healed":0,"gold_gain":99,"player_choice":"Stole From Cult","damage_taken":0,"max_hp_gain":0,"max_hp_loss":0,"event_name":"Nest","floor":29,"gold_loss":0},{"cards_removed":["Defend_G"],"damage_healed":0,"gold_gain":0,"player_choice":"Gave Gold","damage_taken":0,"max_hp_gain":0,"max_hp_loss":0,"event_name":"Beggar","floor":30,"gold_loss":75}],"is_beta":false,"boss_relics":[{"not_picked":["Fusion Hammer","Lizard Tail"],"picked":"Astrolabe"}],"items_purged_floors":[],"is_endless":false,"potions_floor_spawned":[3,4,7,14,19,25,31],"killed_by":"Champ","ascension_level":0}