{"gold_per_floor":[118,118,130,305,305,333,347,347,400,400,400,420,435,466,466,466],"floor_reached":16,"playtime":564,"items_purged":[],"score":143,"play_id":"1003edae-a45c-4633-aea1-437c7eafdb36","local_time":"20190322230230","is_ascension_mode":true,"campfire_choices":[{"floor":8,"key":"REST"},{"floor":10,"key":"REST"},{"floor":15,"key":"REST"}],"neow_cost":"NONE","seed_source_timestamp":829028137321138,"circlet_count":0,"master_deck":["Defend_G","Defend_G","Defend_G","Defend_G","Defend_G","Strike_G","Strike_G","Strike_G","Strike_G","Strike_G","Survivor","Neutralize","Prepared","Caltrops","Doubt","Outmaneuver","Acrobatics","Unload","Dash","All Out Attack"],"relics":["Ring of the Snake","Snake Skull","Bag of Marbles","Letter Opener","PreservedInsect","NlothsMask","Shuriken"],"potions_floor_usage":[13,13,16],"damage_taken":[{"damage":2,"enemies":"2 Louse","floor":1,"turns":5},{"damage":2,"enemies":"Cultist","floor":3,"turns":3},{"damage":38,"enemies":"3 Sentries","floor":6,"turns":13},{"damage":0,"enemies":"Small Slimes","floor":7,"turns":3},{"damage":6,"enemies":"Looter","floor":12,"turns":4},{"damage":0,"enemies":"Red Slaver","floor":13,"turns":2},{"damage":26,"enemies":"Lagavulin","floor":14,"turns":6},{"damage":48,"enemies":"Hexaghost","floor":16,"turns":9}],"seed_played":"-7433622555319318763","potions_obtained":[{"floor":6,"key":"Block Potion"},{"floor":12,"key":"AttackPotion"},{"floor":14,"key":"FearPotion"}],"is_trial":false,"path_per_floor":["M","?","M","?","?","E","M","R","T","R","?","M","M","E","R","B"],"character_chosen":"THE_SILENT","items_purchased":[],"campfire_rested":3,"item_purchase_floors":[],"current_hp_per_floor":[61,61,59,59,52,14,14,35,35,56,56,50,50,24,45,0],"gold":466,"neow_bonus":"RANDOM_COMMON_RELIC","is_prod":false,"is_daily":false,"chose_seed":false,"campfire_upgraded":0,"win_rate":0,"timestamp":1553320950,"path_taken":["M","?","M","?","?","E","M","R","T","R","?","?","M","E","R","BOSS"],"build_version":"2019-01-23","purchased_purges":0,"victory":false,"max_hp_per_floor":[70,70,70,70,70,70,70,70,70,70,70,70,70,70,70,70],"card_choices":[{"not_picked":["Dagger Throw","Expertise"],"picked":"Prepared","floor":1},{"not_picked":["Prepared","Blade Dance"],"picked":"Caltrops","floor":3},{"not_picked":["Bane","Dodge and Roll"],"picked":"Outmaneuver","floor":6},{"not_picked":["Cloak And Dagger","Expertise"],"picked":"Acrobatics","floor":7},{"not_picked":["Backflip","Cloak And Dagger"],"picked":"Unload","floor":12},{"not_picked":["Bane","Quick Slash"],"picked":"Dash","floor":13},{"not_picked":["Finisher","Crippling Poison"],"picked":"All Out Attack","floor":14}],"player_experience":386339,"relics_obtained":[{"floor":6,"key":"Letter Opener"},{"floor":9,"key":"PreservedInsect"},{"floor":14,"key":"Shuriken"}],"event_choices":[{"damage_healed":0,"gold_gain":0,"player_choice":"Box","damage_taken":0,"relics_obtained":["Bag of Marbles"],"max_hp_gain":0,"max_hp_loss":0,"event_name":"Big Fish","floor":2,"gold_loss":0,"cards_obtained":["Regret"]},{"damage_healed":0,"gold_gain":175,"player_choice":"AGREE","damage_taken":0,"max_hp_gain":0,"max_hp_loss":0,"event_name":"Liars Game","floor":4,"gold_loss":0,"cards_obtained":["Doubt"]},{"cards_removed":["Regret"],"damage_healed":0,"gold_gain":0,"player_choice":"Card Removal","damage_taken":7,"max_hp_gain":0,"max_hp_loss":0,"event_name":"Golden Wing","floor":5,"gold_loss":0},{"damage_healed":0,"gold_gain":0,"player_choice":"Trade","damage_taken":0,"relics_obtained":["NlothsMask"],"max_hp_gain":0,"max_hp_loss":0,"event_name":"FaceTrader","floor":11,"gold_loss":0}],"is_beta":false,"boss_relics":[],"items_purged_floors":[],"is_endless":false,"potions_floor_spawned":[6,12,14],"killed_by":"Hexaghost","ascension_level":6}