{"gold_per_floor":[118,130,130,130,141,141,159,175,198,198,218,247,262,297,297,402,402,414,433,358,273,372,372,407,39,121,133,133,223,240,255,255,357,357,377,392,372,171,171,184,217,228,228,228,178,178,193,415,415,415],"floor_reached":51,"playtime":3941,"items_purged":["Strike_B","Self Repair"],"score":689,"play_id":"4f3cc01d-3ac1-4863-8cd6-16dcb04b07c9","local_time":"20190430005721","is_ascension_mode":false,"campfire_choices":[{"data":"Zap","floor":6,"key":"SMITH"},{"data":"Echo Form","floor":10,"key":"SMITH"},{"floor":15,"key":"REST"},{"data":"Glacier","floor":23,"key":"SMITH"},{"floor":28,"key":"REST"},{"floor":32,"key":"REST"},{"data":"Go for the Eyes","floor":44,"key":"SMITH"},{"data":"Go for the Eyes","floor":46,"key":"SMITH"},{"data":"Glacier","floor":49,"key":"SMITH"}],"neow_cost":"TEN_PERCENT_HP_LOSS","seed_source_timestamp":0,"circlet_count":0,"master_deck":["Zap+1","Dualcast","Echo Form+1","White Noise","Gash","Sweeping Beam","Conserve Battery","Capacitor","Go for the Eyes+1","Glacier+1","Leap","Electrodynamics","Conserve Battery","Conserve Battery+1","Genetic Algorithm+1","Leap","Glacier+1","Buffer","Buffer","Melter","Lockon","Compile Driver","Tempest","Coolheaded","Leap+1","Echo Form+1","Ball Lightning+1","Go for the Eyes+1","Stack"],"special_seed":0,"relics":["Cracked Core","Orichalcum","Anchor","Juzu Bracelet","Philosopher\u0027s Stone","Singing Bowl","Red Mask","Membership Card","Mummified Hand","Pear","Pandora\u0027s Box","Bronze Scales","DollysMirror","Peace Pipe","Vajra","Shuriken"],"potions_floor_usage":[8,12,14,16,30,33,33,50,50],"damage_taken":[{"damage":0,"enemies":"Small Slimes","floor":1,"turns":3},{"damage":1,"enemies":"Jaw Worm","floor":2,"turns":3},{"damage":0,"enemies":"2 Louse","floor":5,"turns":2},{"damage":3,"enemies":"2 Fungi Beasts","floor":7,"turns":3},{"damage":6,"enemies":"Exordium Wildlife","floor":8,"turns":2},{"damage":4,"enemies":"Gremlin Gang","floor":11,"turns":3},{"damage":9,"enemies":"Lagavulin","floor":12,"turns":7},{"damage":3,"enemies":"Red Slaver","floor":13,"turns":3},{"damage":10,"enemies":"Gremlin Nob","floor":14,"turns":6},{"damage":16,"enemies":"Slime Boss","floor":16,"turns":5},{"damage":14,"enemies":"3 Byrds","floor":18,"turns":3},{"damage":6,"enemies":"Spheric Guardian","floor":19,"turns":6},{"damage":39,"enemies":"Masked Bandits","floor":24,"turns":5},{"damage":0,"enemies":"Snecko","floor":27,"turns":8},{"damage":34,"enemies":"Chosen and Byrds","floor":30,"turns":7},{"damage":8,"enemies":"Centurion and Healer","floor":31,"turns":8},{"damage":26,"enemies":"Champ","floor":33,"turns":21},{"damage":10,"enemies":"Orb Walker","floor":35,"turns":4},{"damage":0,"enemies":"3 Darklings","floor":36,"turns":3},{"damage":0,"enemies":"4 Shapes","floor":40,"turns":6},{"damage":0,"enemies":"Giant Head","floor":41,"turns":10},{"damage":12,"enemies":"Sphere and 2 Shapes","floor":42,"turns":4},{"damage":0,"enemies":"Spire Growth","floor":47,"turns":6},{"damage":20,"enemies":"Awakened One","floor":50,"turns":12}],"seed_played":"8954706722636700558","potions_obtained":[{"floor":1,"key":"PowerPotion"},{"floor":2,"key":"PowerPotion"},{"floor":5,"key":"PowerPotion"},{"floor":13,"key":"Block Potion"},{"floor":16,"key":"FocusPotion"},{"floor":27,"key":"SpeedPotion"},{"floor":30,"key":"SneckoOil"},{"floor":31,"key":"PowerPotion"},{"floor":35,"key":"AttackPotion"},{"floor":37,"key":"Swift Potion"}],"is_trial":false,"path_per_floor":["M","M","?","?","M","R","M","M","T","R","M","E","M","E","R","B",null,"M","M","$","?","?","R","?","$","T","M","R","?","M","M","R","B",null,"M","M","?","$","T","M","E","M","T","R","$","R","M","?","R","B",null],"character_chosen":"DEFECT","items_purchased":["Membership Card","Mummified Hand","Self Repair","Bronze Scales","DollysMirror","Dexterity Potion"],"campfire_rested":3,"item_purchase_floors":[25,25,25,38,38,38],"current_hp_per_floor":[68,67,60,65,65,65,62,56,56,56,52,43,40,30,51,35,73,59,53,53,53,53,53,14,14,24,31,55,39,19,27,52,33,85,82,87,87,87,87,89,89,84,84,84,84,84,84,84,84,64],"gold":415,"neow_bonus":"THREE_RARE_CARDS","is_prod":false,"is_daily":false,"chose_seed":false,"campfire_upgraded":6,"win_rate":0,"timestamp":1556600241,"path_taken":["M","M","?","?","M","R","M","M","T","R","M","E","M","E","R","BOSS","M","M","$","?","?","R","?","$","T","M","R","?","M","M","R","BOSS","M","M","?","$","?","M","E","M","T","R","$","R","M","?","R","BOSS"],"build_version":"2019-01-23","purchased_purges":2,"victory":true,"max_hp_per_floor":[68,68,68,73,73,73,73,73,73,73,73,73,73,73,73,73,73,73,73,73,73,73,73,73,73,83,83,83,83,83,85,85,85,85,85,87,87,87,87,89,89,89,89,89,89,89,89,89,89,89],"card_choices":[{"not_picked":["Seek","Thunder Strike"],"picked":"Echo Form","floor":0},{"not_picked":["Fusion","Beam Cell"],"picked":"White Noise","floor":1},{"not_picked":["Chaos","Darkness"],"picked":"Gash","floor":2},{"not_picked":["Barrage","Beam Cell"],"picked":"Sweeping Beam","floor":5},{"not_picked":["Stack","Go for the Eyes"],"picked":"Conserve Battery","floor":7},{"not_picked":["Beam Cell","Compile Driver"],"picked":"Capacitor","floor":8},{"not_picked":["Heatsinks","Doom and Gloom"],"picked":"Go for the Eyes","floor":11},{"not_picked":["Reprogram","Fusion","Blizzard"],"picked":"SKIP","floor":12},{"not_picked":["Streamline","Consume"],"picked":"Glacier","floor":13},{"not_picked":["FTL","Beam Cell"],"picked":"Leap","floor":14},{"not_picked":["Hyperbeam","All For One"],"picked":"Electrodynamics","floor":16},{"not_picked":["Stack","Steam+1"],"picked":"Conserve Battery","floor":18},{"not_picked":["Lockon+1","Leap"],"picked":"Conserve Battery+1","floor":19},{"not_picked":["Coolheaded","Fusion+1"],"picked":"Genetic Algorithm+1","floor":24},{"not_picked":["Gash","Streamline+1"],"picked":"Leap","floor":27},{"not_picked":["Storm","Chill"],"picked":"Glacier","floor":30},{"not_picked":["Genetic Algorithm","Streamline+1","Amplify"],"picked":"Singing Bowl","floor":31},{"not_picked":["Hyperbeam","Amplify"],"picked":"Buffer","floor":33},{"not_picked":["Barrage","Compile Driver"],"picked":"Leap+1","floor":35},{"not_picked":["Double Energy","Stack","Skim"],"picked":"Singing Bowl","floor":36},{"not_picked":["Scrape","Recycle+1","Static Discharge+1"],"picked":"Singing Bowl","floor":40},{"not_picked":["White Noise","Machine Learning"],"picked":"Ball Lightning+1","floor":41},{"not_picked":["Compile Driver","Leap+1"],"picked":"Go for the Eyes","floor":42},{"not_picked":["White Noise+1","Melter+1"],"picked":"Stack","floor":47}],"player_experience":398139,"relics_obtained":[{"floor":9,"key":"Orichalcum"},{"floor":12,"key":"Anchor"},{"floor":14,"key":"Juzu Bracelet"},{"floor":24,"key":"Red Mask"},{"floor":26,"key":"Pear"},{"floor":39,"key":"Peace Pipe"},{"floor":41,"key":"Vajra"},{"floor":43,"key":"Shuriken"}],"event_choices":[{"cards_removed":["Strike_B"],"damage_healed":0,"gold_gain":0,"player_choice":"Card Removal","damage_taken":7,"max_hp_gain":0,"max_hp_loss":0,"event_name":"Golden Wing","floor":3,"gold_loss":0},{"damage_healed":0,"gold_gain":0,"player_choice":"Donut","damage_taken":0,"max_hp_gain":5,"max_hp_loss":0,"event_name":"Big Fish","floor":4,"gold_loss":0},{"damage_healed":0,"gold_gain":0,"player_choice":"Obtained Relic","damage_taken":0,"relics_obtained":["Singing Bowl"],"max_hp_gain":0,"max_hp_loss":0,"event_name":"Addict","floor":21,"gold_loss":85},{"damage_healed":0,"gold_gain":99,"player_choice":"Stole From Cult","damage_taken":0,"max_hp_gain":0,"max_hp_loss":0,"event_name":"Nest","floor":22,"gold_loss":0},{"damage_healed":0,"gold_gain":0,"player_choice":"Fought Bandits","damage_taken":0,"max_hp_gain":0,"max_hp_loss":0,"event_name":"Masked Bandits","floor":24,"gold_loss":0},{"damage_healed":0,"gold_gain":90,"player_choice":"GOLD ","damage_taken":16,"max_hp_gain":0,"max_hp_loss":0,"event_name":"Knowing Skull","floor":29,"potions_obtained":[],"gold_loss":0,"cards_obtained":[]},{"damage_healed":0,"gold_gain":0,"player_choice":"Bought 1 Potion","damage_taken":0,"max_hp_gain":0,"max_hp_loss":0,"event_name":"The Woman in Blue","floor":37,"gold_loss":0},{"damage_healed":0,"gold_gain":222,"player_choice":"Wore Mask","damage_taken":0,"max_hp_gain":0,"max_hp_loss":0,"event_name":"Tomb of Lord Red Mask","floor":48,"gold_loss":0}],"is_beta":false,"boss_relics":[{"not_picked":["Runic Dome","Calling Bell"],"picked":"Philosopher\u0027s Stone"},{"not_picked":["FrozenCore","Orrery"],"picked":"Pandora\u0027s Box"}],"items_purged_floors":[20,45],"is_endless":false,"potions_floor_spawned":[1,2,5,13,16,27,30,31,35,40,47],"ascension_level":0}