{"gold_per_floor":[369,444,332,282,29,29,29,46,124,124,137,150,164,183,183,308,308,328,228,228,272,295,338,263,105,105,105,105,126,126,126,126,126],"floor_reached":33,"playtime":1107,"items_purged":["Strike_R","Defend_R","Corruption+1","Defend_R"],"score":253,"play_id":"f33c3e2b-ece2-4d3a-af04-7ec1a6e0934f","local_time":"20190424210136","is_ascension_mode":false,"campfire_choices":[{"data":"Armaments","floor":6.0,"key":"SMITH"},{"data":"Rampage","floor":15.0,"key":"SMITH"},{"data":"Body Slam","floor":28.0,"key":"SMITH"},{"data":"Shrug It Off","floor":30.0,"key":"SMITH"},{"data":"Shrug It Off","floor":32.0,"key":"SMITH"}],"neow_cost":"PERCENT_DAMAGE","seed_source_timestamp":82781674775900,"circlet_count":0,"master_deck":["Defend_R","Armaments+1","Flame Barrier","Body Slam+1","Rampage+1","Impervious+1","Searing Blow+1","Shrug It Off+1","Shrug It Off+1","Battle Trance+1"],"special_seed":0,"relics":["Burning Blood","Omamori","Oddly Smooth Stone","The Courier","Golden Idol","Astrolabe","Red Mask","Vajra","Singing Bowl","Question Card"],"potions_floor_usage":[33,33,33],"damage_taken":[{"damage":6.0,"enemies":"Jaw Worm","floor":1.0,"turns":3.0},{"damage":0.0,"enemies":"Small Slimes","floor":8.0,"turns":4.0},{"damage":0.0,"enemies":"2 Louse","floor":11.0,"turns":3.0},{"damage":0.0,"enemies":"Blue Slaver","floor":12.0,"turns":4.0},{"damage":0.0,"enemies":"3 Louse","floor":13.0,"turns":3.0},{"damage":0.0,"enemies":"Large Slime","floor":14.0,"turns":10.0},{"damage":44.0,"enemies":"Slime Boss","floor":16.0,"turns":13.0},{"damage":4.0,"enemies":"3 Byrds","floor":18.0,"turns":5.0},{"damage":26.0,"enemies":"Masked Bandits","floor":21.0,"turns":5.0},{"damage":2.0,"enemies":"Shell Parasite","floor":22.0,"turns":8.0},{"damage":51.0,"enemies":"Slavers","floor":23.0,"turns":8.0},{"damage":0.0,"enemies":"Centurion and Healer","floor":29.0,"turns":6.0},{"damage":32,"enemies":"Collector","floor":33,"turns":7}],"seed_played":"5661571125335229640","potions_obtained":[{"floor":11.0,"key":"Weak Potion"},{"floor":14.0,"key":"LiquidBronze"},{"floor":16.0,"key":"Weak Potion"},{"floor":21.0,"key":"GamblersBrew"},{"floor":29.0,"key":"PowerPotion"}],"is_trial":false,"path_per_floor":["M","?","$","?","$","R","T","M","T","?","M","M","M","M","R","B",null,"M","$","?","?","M","E","?","$","T","$","R","M","R","?","R","B"],"character_chosen":"IRONCLAD","items_purchased":["Flame Barrier","Omamori","Shrug It Off"],"campfire_rested":0,"item_purchase_floors":[3,5,25],"current_hp_per_floor":[56,45,45,45,45,45,45,51,51,31,37,43,49,55,55,17,80,80,80,80,60,64,19,19,19,19,19,19,25,25,25,25,0],"gold":126,"neow_bonus":"TWO_FIFTY_GOLD","is_prod":false,"is_daily":false,"chose_seed":false,"campfire_upgraded":5,"win_rate":0,"timestamp":1556110896,"path_taken":["M","?","$","?","$","R","?","M","T","?","M","?","M","M","R","BOSS","M","$","?","?","M","E","?","?","T","$","R","M","R","?","R","BOSS"],"build_version":"2019-01-23","purchased_purges":4,"victory":false,"max_hp_per_floor":[80,80,80,80,80,80,80,80,80,80,80,80,80,80,80,80,80,80,80,80,80,80,80,80,80,80,80,80,80,80,80,80,80],"card_choices":[{"not_picked":["Cleave","Anger"],"picked":"Armaments","floor":1.0},{"not_picked":["Wild Strike","Infernal Blade"],"picked":"Body Slam","floor":8.0},{"not_picked":["Anger","Clash"],"picked":"Rampage","floor":11.0},{"not_picked":["Bludgeon","Perfected Strike","Heavy Blade"],"picked":"SKIP","floor":12.0},{"not_picked":["Wild Strike","Searing Blow","True Grit"],"picked":"SKIP","floor":13.0},{"not_picked":["Perfected Strike","Rampage","Sentinel"],"picked":"SKIP","floor":14.0},{"not_picked":["Flex","Perfected Strike+1","Cleave"],"picked":"SKIP","floor":18.0},{"not_picked":["Metallicize","Body Slam","Wild Strike+1"],"picked":"SKIP","floor":22.0},{"not_picked":["Ghostly Armor","Whirlwind"],"picked":"Shrug It Off","floor":23.0},{"not_picked":["Body Slam","Flex"],"picked":"Battle Trance+1","floor":29.0}],"player_experience":524398,"relics_obtained":[{"floor":7.0,"key":"Oddly Smooth Stone"},{"floor":9.0,"key":"The Courier"},{"floor":21.0,"key":"Red Mask"},{"floor":23.0,"key":"Vajra"},{"floor":26.0,"key":"Singing Bowl"}],"event_choices":[{"damage_healed":0.0,"max_hp_gain":0.0,"max_hp_loss":0.0,"gold_gain":75.0,"event_name":"World of Goop","player_choice":"Gather Gold","floor":2.0,"gold_loss":0.0,"damage_taken":11.0},{"cards_removed":["Strike_R"],"damage_healed":0.0,"max_hp_gain":0.0,"max_hp_loss":0.0,"gold_gain":0.0,"event_name":"The Cleric","player_choice":"Card Removal","floor":4.0,"gold_loss":50.0,"damage_taken":0.0},{"damage_healed":0.0,"max_hp_gain":0.0,"max_hp_loss":0.0,"gold_gain":0.0,"event_name":"Golden Idol","player_choice":"Take Damage","floor":10.0,"gold_loss":0.0,"damage_taken":20.0,"relics_obtained":["Golden Idol"]},{"cards_removed":["Bash"],"damage_healed":0.0,"max_hp_gain":0.0,"max_hp_loss":0.0,"gold_gain":0.0,"event_name":"Back to Basics","player_choice":"Elegance","floor":20.0,"gold_loss":0.0,"damage_taken":0.0},{"damage_healed":0.0,"max_hp_gain":0.0,"max_hp_loss":0.0,"gold_gain":0.0,"event_name":"Masked Bandits","player_choice":"Fought Bandits","floor":21.0,"gold_loss":0.0,"damage_taken":0.0},{"cards_removed":["Strike_R"],"damage_healed":0.0,"max_hp_gain":0.0,"max_hp_loss":0.0,"gold_gain":0.0,"event_name":"Beggar","player_choice":"Gave Gold","floor":24.0,"gold_loss":75.0,"damage_taken":0.0},{"damage_healed":0.0,"max_hp_gain":0.0,"max_hp_loss":0.0,"gold_gain":0.0,"event_name":"Addict","player_choice":"Stole Relic","floor":31.0,"gold_loss":0.0,"damage_taken":0.0,"relics_obtained":["Question Card"],"cards_obtained":["Shame"]}],"is_beta":false,"boss_relics":[{"not_picked":["Pandora\u0027s Box","Philosopher\u0027s Stone"],"picked":"Astrolabe"}],"items_purged_floors":[3,5,19,25],"is_endless":false,"potions_floor_spawned":[11,14,16,21,29],"killed_by":"Collector","ascension_level":0}