{"gold_per_floor":[114,127,143,143,48,48,82,82,82,3,3,18,18,31,31,31],"floor_reached":16,"playtime":1209,"items_purged":[],"score":105,"play_id":"2a5296b2-7290-4116-a369-684d5c0e202e","local_time":"20190425202242","is_ascension_mode":true,"campfire_choices":[{"floor":6.0,"key":"RECALL"},{"floor":11.0,"key":"REST"},{"floor":15,"key":"REST"}],"neow_cost":"PERCENT_DAMAGE","seed_source_timestamp":0,"circlet_count":0,"master_deck":["Strike_B","Strike_B","Strike_B","Strike_B+1","Defend_B+1","Defend_B","Defend_B","Defend_B","Zap","Dualcast","Go for the Eyes","Doom and Gloom","Glacier","Defragment","Sweeping Beam","Darkness","Genetic Algorithm","Leap","Consume"],"special_seed":0,"relics":["Cracked Core","Dead Branch","Bottled Tornado"],"potions_floor_usage":[16],"damage_taken":[{"damage":2.0,"enemies":"2 Louse","floor":1.0,"turns":2.0},{"damage":8.0,"enemies":"Jaw Worm","floor":2.0,"turns":3.0},{"damage":0.0,"enemies":"Small Slimes","floor":3.0,"turns":3.0},{"damage":19.0,"enemies":"Gremlin Nob","floor":7.0,"turns":5.0},{"damage":5.0,"enemies":"Looter","floor":12.0,"turns":3.0},{"damage":15,"enemies":"Exordium Thugs","floor":14,"turns":4},{"damage":38,"enemies":"The Guardian","floor":16,"turns":10}],"seed_played":"2340325643820833168","potions_obtained":[{"floor":3.0,"key":"Dexterity Potion"},{"floor":14,"key":"Explosive Potion"}],"is_trial":false,"path_per_floor":["M","M","M","?","$","R","E","?","T","$","R","M","?","M","R","B"],"character_chosen":"DEFECT","items_purchased":["Defragment","Sweeping Beam","Genetic Algorithm"],"campfire_rested":2,"item_purchase_floors":[5,5,10],"current_hp_per_floor":[52,44,44,29,29,29,10,10,10,10,32,27,27,12,34,0],"gold":31,"neow_bonus":"ONE_RARE_RELIC","is_prod":false,"is_daily":false,"chose_seed":false,"campfire_upgraded":0,"win_rate":0,"timestamp":1556216562,"path_taken":["M","M","M","?","$","R","E","?","T","$","R","M","?","M","R","BOSS"],"build_version":"2019-01-23","purchased_purges":0,"victory":false,"max_hp_per_floor":[75,75,75,75,75,75,75,75,75,75,75,75,75,75,75,75],"card_choices":[{"not_picked":["Stack","Hologram"],"picked":"Go for the Eyes","floor":1.0},{"not_picked":["Darkness","Leap"],"picked":"Doom and Gloom","floor":2.0},{"not_picked":["BootSequence","Sweeping Beam"],"picked":"Glacier","floor":3.0},{"not_picked":["Steam","Cold Snap"],"picked":"Darkness","floor":7.0},{"not_picked":["Stack","Coolheaded"],"picked":"Leap","floor":12.0},{"not_picked":["Steam","Barrage"],"picked":"Consume","floor":14}],"player_experience":182303,"relics_obtained":[{"floor":7.0,"key":"Bottled Tornado"}],"event_choices":[{"damage_healed":0.0,"max_hp_gain":0.0,"max_hp_loss":0.0,"gold_gain":0.0,"event_name":"Shining Light","player_choice":"Entered Light","floor":4.0,"gold_loss":0.0,"damage_taken":15.0,"cards_upgraded":["Defend_B","Strike_B"]},{"damage_healed":0.0,"max_hp_gain":0.0,"max_hp_loss":0.0,"gold_gain":0.0,"event_name":"Golden Idol","player_choice":"Ignored","floor":8.0,"gold_loss":0.0,"damage_taken":0.0},{"damage_healed":0.0,"max_hp_gain":0.0,"max_hp_loss":0.0,"gold_gain":0.0,"event_name":"Liars Game","player_choice":"Ignored","floor":13.0,"gold_loss":0.0,"damage_taken":0.0}],"is_beta":false,"boss_relics":[],"items_purged_floors":[],"is_endless":false,"potions_floor_spawned":[3,14],"killed_by":"The Guardian","ascension_level":1}