{"gold_per_floor":[119,134,152,172,182,192,203,203,203,219,219,67,94,106,106,202,202,215,229,229,241,253,253,268,298,298,223,123,213,224,243,243,243],"floor_reached":33,"playtime":1878,"items_purged":["Strike_R","Strike_R"],"score":267,"play_id":"e2319e81-3535-4d7b-8e82-7e9c9a67a05d","local_time":"20190413220458","is_ascension_mode":false,"campfire_choices":[{"floor":8.0,"key":"REST"},{"floor":11.0,"key":"REST"},{"data":"Bash","floor":15,"key":"SMITH"},{"data":"Dropkick","floor":23,"key":"SMITH"},{"floor":32,"key":"REST"}],"neow_cost":"NONE","seed_source_timestamp":260486166953200,"circlet_count":0,"master_deck":["Strike_R","Strike_R","Defend_R","Defend_R","Defend_R","Defend_R","Bash+1","Anger","Dropkick+1","Thunderclap","Thunderclap"],"special_seed":0,"relics":["Burning Blood","Mercury Hourglass","Odd Mushroom","Busted Crown","Toxic Egg 2","Paper Frog"],"potions_floor_usage":[13,24,25,25,25,33,33],"damage_taken":[{"damage":7.0,"enemies":"Small Slimes","floor":1.0,"turns":5.0},{"damage":5.0,"enemies":"2 Louse","floor":2.0,"turns":3.0},{"damage":6.0,"enemies":"Cultist","floor":3.0,"turns":3.0},{"damage":42.0,"enemies":"Large Slime","floor":4.0,"turns":11.0},{"damage":24.0,"enemies":"Lots of Slimes","floor":5.0,"turns":6.0},{"damage":11.0,"enemies":"Blue Slaver","floor":6.0,"turns":4.0},{"damage":20.0,"enemies":"Large Slime","floor":7.0,"turns":6.0},{"damage":9.0,"enemies":"Exordium Thugs","floor":10.0,"turns":4.0},{"damage":0,"enemies":"The Mushroom Lair","floor":13,"turns":2},{"damage":7,"enemies":"3 Louse","floor":14,"turns":2},{"damage":40,"enemies":"Slime Boss","floor":16,"turns":9},{"damage":21,"enemies":"2 Thieves","floor":18,"turns":4},{"damage":35,"enemies":"Spheric Guardian","floor":19,"turns":6},{"damage":19,"enemies":"Shelled Parasite and Fungi","floor":21,"turns":6},{"damage":13,"enemies":"Centurion and Healer","floor":22,"turns":7},{"damage":10,"enemies":"Chosen and Byrds","floor":24,"turns":4},{"damage":22,"enemies":"Slavers","floor":25,"turns":5},{"damage":0,"enemies":"Snecko","floor":30,"turns":4},{"damage":11,"enemies":"Centurion and Healer","floor":31,"turns":5},{"damage":61,"enemies":"Automaton","floor":33,"turns":6}],"seed_played":"5415507340098644511","potions_obtained":[{"floor":3.0,"key":"BloodPotion"},{"floor":5.0,"key":"Energy Potion"},{"floor":6.0,"key":"AttackPotion"},{"floor":7.0,"key":"SpeedPotion"},{"floor":10.0,"key":"Explosive Potion"},{"floor":13,"key":"LiquidBronze"},{"floor":24,"key":"Weak Potion"},{"floor":25,"key":"SteroidPotion"},{"floor":30,"key":"SteroidPotion"}],"is_trial":false,"path_per_floor":["M","M","M","M","M","M","M","R","T","M","R","$","?","M","R","B",null,"M","M","?","M","M","R","M","E","T","?","$","?","M","M","R","B"],"character_chosen":"IRONCLAD","items_purchased":["Dropkick"],"campfire_rested":3,"item_purchase_floors":[12],"current_hp_per_floor":[87,88,88,60,42,37,23,49,49,46,72,72,78,77,77,43,88,73,44,88,75,68,68,64,48,48,48,48,32,38,33,59,0],"gold":243,"neow_bonus":"TEN_PERCENT_HP_BONUS","is_prod":false,"is_daily":false,"chose_seed":false,"campfire_upgraded":2,"win_rate":0,"timestamp":1555207498,"path_taken":["M","M","M","M","M","M","M","R","T","M","R","$","?","M","R","BOSS","M","M","?","M","?","R","M","E","T","?","$","?","?","M","R","BOSS"],"build_version":"2019-01-23","purchased_purges":2,"victory":false,"max_hp_per_floor":[88,88,88,88,88,88,88,88,88,88,88,88,88,88,88,88,88,88,88,88,88,88,88,88,88,88,88,88,88,88,88,88,88],"card_choices":[{"not_picked":["Clothesline","Heavy Blade","Clash"],"picked":"SKIP","floor":1.0},{"not_picked":["Fire Breathing","Havoc","Clothesline"],"picked":"SKIP","floor":2.0},{"not_picked":["Hemokinesis","Shrug It Off"],"picked":"Seeing Red","floor":3.0},{"not_picked":["Clash","Intimidate","Cleave"],"picked":"SKIP","floor":4.0},{"not_picked":["Whirlwind","Burning Pact","Inflame"],"picked":"SKIP","floor":5.0},{"not_picked":["Body Slam","Havoc"],"picked":"Anger","floor":6.0},{"not_picked":["Rage","Clothesline","Rupture"],"picked":"SKIP","floor":7.0},{"not_picked":["Demon Form","True Grit","Headbutt"],"picked":"SKIP","floor":10.0},{"not_picked":["Sword Boomerang","Reckless Charge","Combust"],"picked":"SKIP","floor":14},{"not_picked":["Armaments"],"picked":"SKIP","floor":18},{"not_picked":["Heavy Blade"],"picked":"SKIP","floor":19},{"not_picked":["Body Slam"],"picked":"SKIP","floor":21},{"not_picked":[],"picked":"Thunderclap","floor":22},{"not_picked":["Headbutt+1"],"picked":"SKIP","floor":24},{"not_picked":["Searing Blow"],"picked":"SKIP","floor":25},{"not_picked":[],"picked":"Thunderclap","floor":30},{"not_picked":["Armaments+1"],"picked":"SKIP","floor":31}],"player_experience":328570,"relics_obtained":[{"floor":9.0,"key":"Mercury Hourglass"},{"floor":13,"key":"Odd Mushroom"},{"floor":25,"key":"Toxic Egg 2"},{"floor":26,"key":"Paper Frog"}],"event_choices":[{"damage_healed":0,"gold_gain":0,"player_choice":"Fought Mushrooms","damage_taken":0,"max_hp_gain":0,"max_hp_loss":0,"event_name":"Mushrooms","floor":13,"gold_loss":0},{"cards_removed":["Seeing Red"],"damage_healed":44,"gold_gain":0,"player_choice":"Offered Uncommon","damage_taken":0,"max_hp_gain":0,"max_hp_loss":0,"event_name":"Bonfire Elementals","floor":20,"gold_loss":0},{"cards_removed":["Strike_R"],"damage_healed":0,"gold_gain":0,"player_choice":"Gave Gold","damage_taken":0,"max_hp_gain":0,"max_hp_loss":0,"event_name":"Beggar","floor":27,"gold_loss":75},{"damage_healed":0,"gold_gain":90,"player_choice":"GOLD ","damage_taken":16,"max_hp_gain":0,"max_hp_loss":0,"event_name":"Knowing Skull","floor":29,"potions_obtained":[],"gold_loss":0,"cards_obtained":[]}],"is_beta":false,"boss_relics":[{"not_picked":["Runic Dome","Snecko Eye"],"picked":"Busted Crown"}],"items_purged_floors":[12,28],"is_endless":false,"potions_floor_spawned":[3,5,6,7,10,13,16,19,24,25,30],"killed_by":"Automaton","ascension_level":0}