{"gold_per_floor":[109,259,259,278,203,203,238,254,254,264,277,292,292,292,292,364,414,428,444,145,145,159,159,193,209,233,233,265,265,292,292,292,368,368,385,259,277,277,277,277,277,277,277,277,291,309,309,338,338,338,338],"floor_reached":51,"playtime":1799,"items_purged":["Doubt","Pain"],"score":1701,"play_id":"93527c40-e910-4a9b-a36a-e3ddf3e729ec","local_time":"20190204153814","is_ascension_mode":true,"campfire_choices":[{"data":"Night Terror","floor":6.0,"key":"SMITH"},{"floor":13.0,"key":"REST"},{"data":"Riddle With Holes","floor":15.0,"key":"SMITH"},{"data":"Neutralize","floor":23.0,"key":"SMITH"},{"floor":27.0,"key":"REST"},{"data":"Noxious Fumes","floor":29.0,"key":"SMITH"},{"floor":32.0,"key":"REST"},{"data":"Envenom","floor":42.0,"key":"SMITH"},{"floor":44.0,"key":"REST"},{"floor":47.0,"key":"REST"},{"floor":49.0,"key":"REST"}],"neow_cost":"CURSE","seed_source_timestamp":0,"circlet_count":0,"master_deck":["AscendersBane","Defend_G+1","Defend_G+1","Defend_G+1","Defend_G+1","Defend_G+1","Strike_G+1","Strike_G+1","Strike_G+1","Strike_G+1","Survivor","Neutralize+1","Regret","Riddle With Holes+1","Night Terror+1","Backstab+1","Backstab+1","PiercingWail","Dodge and Roll+1","Blade Dance+1","Dodge and Roll+1","Venomology+1","Terror+1","Master of Strategy+1","Trip+1","Cloak And Dagger+1","Calculated Gamble+1","Noxious Fumes+1","Envenom+1","Decay","Writhe","Deflect+1","Blade Dance+1","Backstab","Parasite","PiercingWail+1","Calculated Gamble+1"],"special_seed":0,"relics":["Ring of the Snake","Du-Vu Doll","Shuriken","Toxic Egg 2","Tiny House","Snake Skull","Whetstone","Letter Opener","Orichalcum","Calling Bell","Ancient Tea Set","Kunai","FossilizedHelix","Pocketwatch","Singing Bowl"],"potions_floor_usage":[50,50,51],"damage_taken":[{"damage":2.0,"enemies":"Cultist","floor":1.0,"turns":4.0},{"damage":4.0,"enemies":"Jaw Worm","floor":4.0,"turns":2.0},{"damage":28.0,"enemies":"Gremlin Nob","floor":7.0,"turns":4.0},{"damage":0.0,"enemies":"Small Slimes","floor":8.0,"turns":1.0},{"damage":0.0,"enemies":"2 Fungi Beasts","floor":10.0,"turns":2.0},{"damage":1.0,"enemies":"3 Louse","floor":11.0,"turns":3.0},{"damage":0.0,"enemies":"Blue Slaver","floor":12.0,"turns":1.0},{"damage":0.0,"enemies":"Slime Boss","floor":16.0,"turns":3.0},{"damage":6.0,"enemies":"Chosen","floor":18.0,"turns":3.0},{"damage":15.0,"enemies":"Shell Parasite","floor":19.0,"turns":5.0},{"damage":0.0,"enemies":"Centurion and Healer","floor":22.0,"turns":2.0},{"damage":6.0,"enemies":"Gremlin Leader","floor":24.0,"turns":5.0},{"damage":10.0,"enemies":"Snake Plant","floor":25.0,"turns":3.0},{"damage":10.0,"enemies":"Slavers","floor":28.0,"turns":4.0},{"damage":0.0,"enemies":"Book of Stabbing","floor":30.0,"turns":3.0},{"damage":46.0,"enemies":"Collector","floor":33.0,"turns":6.0},{"damage":8.0,"enemies":"3 Shapes","floor":35.0,"turns":2.0},{"damage":3.0,"enemies":"3 Darklings","floor":37.0,"turns":7.0},{"damage":0.0,"enemies":"Reptomancer","floor":40.0,"turns":1.0},{"damage":7.0,"enemies":"Sphere and 2 Shapes","floor":45.0,"turns":5.0},{"damage":13.0,"enemies":"Writhing Mass","floor":46.0,"turns":5.0},{"damage":18.0,"enemies":"Giant Head","floor":48.0,"turns":5.0},{"damage":59,"enemies":"Awakened One","floor":50,"turns":12},{"damage":8,"enemies":"Time Eater","floor":51,"turns":1}],"seed_played":"-577398264816958986","potions_obtained":[{"floor":4.0,"key":"PowerPotion"},{"floor":8.0,"key":"PowerPotion"},{"floor":10.0,"key":"Block Potion"},{"floor":17.0,"key":"Weak Potion"},{"floor":22.0,"key":"SmokeBomb"},{"floor":25.0,"key":"PowerPotion"},{"floor":35.0,"key":"SteroidPotion"},{"floor":46.0,"key":"FearPotion"}],"is_trial":false,"path_per_floor":["M","?","?","M","$","R","E","M","T","M","M","M","R","?","R","B",null,"M","M","$","?","M","R","E","M","T","R","E","R","E","?","R","B",null,"M","$","M","?","?","E","?","R","T","R","M","M","R","E","R","B","B"],"character_chosen":"THE_SILENT","items_purchased":["Master of Strategy+1","Trip+1","Blade Dance+1"],"campfire_rested":6,"item_purchase_floors":[20,20,36],"current_hp_per_floor":[57,57,57,53,53,53,25,25,25,25,24,24,43,43,43,43,65,59,44,44,44,44,44,43,33,33,54,44,44,44,44,65,19,58,50,50,47,47,47,47,47,47,47,67,60,47,67,49,67,8,0],"gold":338,"neow_bonus":"ONE_RARE_RELIC","is_prod":false,"is_daily":false,"chose_seed":false,"campfire_upgraded":5,"win_rate":0,"timestamp":1549312694,"path_taken":["M","?","?","?","$","R","E","M","T","?","M","M","R","?","R","BOSS","M","M","$","?","M","R","E","M","T","R","E","R","E","?","R","BOSS","M","$","M","?","?","E","?","R","T","R","M","M","R","E","R","BOSS","BOSS"],"build_version":"2019-01-23","purchased_purges":2,"victory":false,"max_hp_per_floor":[66,66,66,66,66,66,66,66,66,66,66,66,66,66,66,66,71,71,71,71,71,71,71,71,71,71,71,71,71,71,71,71,71,71,71,71,71,71,71,71,67,67,67,67,67,67,67,67,67,67,67],"card_choices":[{"not_picked":["Predator","Dodge and Roll"],"picked":"Riddle With Holes","floor":1.0},{"not_picked":["Underhanded Strike","Backflip"],"picked":"Backstab","floor":4.0},{"not_picked":["Choke","Poisoned Stab"],"picked":"Backstab","floor":7.0},{"not_picked":["Bouncing Flask","Expertise"],"picked":"PiercingWail","floor":8.0},{"not_picked":["Quick Slash","Backflip+1"],"picked":"Dodge and Roll+1","floor":10.0},{"not_picked":["Caltrops","Deflect+1"],"picked":"Blade Dance+1","floor":11.0},{"not_picked":["Caltrops","Choke"],"picked":"Dodge and Roll+1","floor":12.0},{"not_picked":["A Thousand Cuts","After Image"],"picked":"Venomology+1","floor":16.0},{"not_picked":["Quick Slash","All Out Attack"],"picked":"Terror+1","floor":17.0},{"not_picked":["Quick Slash","Dodge and Roll+1","Underhanded Strike"],"picked":"SKIP","floor":18.0},{"not_picked":["Underhanded Strike","Poisoned Stab","Flying Knee"],"picked":"SKIP","floor":19.0},{"not_picked":["Deadly Poison+1","Terror+1","Quick Slash"],"picked":"SKIP","floor":22.0},{"not_picked":["Die Die Die","Reflex+1"],"picked":"Cloak And Dagger+1","floor":24.0},{"not_picked":["Backflip+1","Flying Knee"],"picked":"Calculated Gamble+1","floor":25.0},{"not_picked":["Caltrops","Dagger Spray+1"],"picked":"Noxious Fumes","floor":28.0},{"not_picked":["Dagger Throw","Grand Finale","Dagger Spray"],"picked":"SKIP","floor":30.0},{"not_picked":["Grand Finale","Burst+1"],"picked":"Envenom","floor":33.0},{"not_picked":["Dodge and Roll+1","Noxious Fumes"],"picked":"Deflect+1","floor":35.0},{"not_picked":["Slice","Flying Knee+1","Prepared+1"],"picked":"SKIP","floor":37.0},{"not_picked":["Deadly Poison+1","Deflect+1"],"picked":"Backstab","floor":45.0},{"not_picked":["Distraction+1","Dagger Throw"],"picked":"PiercingWail+1","floor":46.0},{"not_picked":["A Thousand Cuts","Heel Hook"],"picked":"Calculated Gamble+1","floor":48.0}],"player_experience":813140,"relics_obtained":[{"floor":7.0,"key":"Shuriken"},{"floor":9.0,"key":"Toxic Egg 2"},{"floor":24.0,"key":"Snake Skull"},{"floor":26.0,"key":"Whetstone"},{"floor":28.0,"key":"Letter Opener"},{"floor":30.0,"key":"Orichalcum"},{"floor":34.0,"key":"Ancient Tea Set"},{"floor":34.0,"key":"Kunai"},{"floor":34.0,"key":"FossilizedHelix"},{"floor":43.0,"key":"Pocketwatch"},{"floor":48.0,"key":"Singing Bowl"}],"event_choices":[{"damage_healed":0.0,"max_hp_gain":0.0,"max_hp_loss":0.0,"gold_gain":150.0,"event_name":"Liars Game","player_choice":"AGREE","floor":2.0,"gold_loss":0.0,"damage_taken":0.0,"cards_obtained":["Doubt"]},{"damage_healed":0.0,"max_hp_gain":0.0,"max_hp_loss":0.0,"gold_gain":0.0,"event_name":"Match and Keep!","player_choice":"1 cards matched","floor":3.0,"gold_loss":0.0,"damage_taken":0.0,"cards_obtained":["Night Terror"]},{"damage_healed":0.0,"max_hp_gain":0.0,"max_hp_loss":0.0,"gold_gain":0.0,"event_name":"Shining Light","player_choice":"Ignored","floor":14.0,"gold_loss":0.0,"damage_taken":0.0},{"damage_healed":0.0,"max_hp_gain":0.0,"max_hp_loss":0.0,"gold_gain":0.0,"event_name":"Back to Basics","player_choice":"Simplicity","floor":21.0,"gold_loss":0.0,"damage_taken":0.0,"cards_upgraded":["Defend_G","Defend_G","Defend_G","Defend_G","Defend_G","Strike_G","Strike_G","Strike_G","Strike_G"]},{"damage_healed":0.0,"max_hp_gain":0.0,"max_hp_loss":0.0,"gold_gain":0.0,"event_name":"Cursed Tome","player_choice":"Ignored","floor":31.0,"gold_loss":0.0,"damage_taken":0.0},{"damage_healed":0.0,"max_hp_gain":0.0,"max_hp_loss":0.0,"gold_gain":0.0,"event_name":"Tomb of Lord Red Mask","player_choice":"Ignored","floor":38.0,"gold_loss":0.0,"damage_taken":0.0},{"cards_removed":["Strike_G"],"damage_healed":0.0,"max_hp_gain":0.0,"max_hp_loss":0.0,"gold_gain":0.0,"event_name":"Falling","player_choice":"Removed Attack","floor":39.0,"gold_loss":0.0,"damage_taken":0.0},{"damage_healed":0.0,"max_hp_gain":0.0,"max_hp_loss":4.0,"gold_gain":0.0,"event_name":"Winding Halls","player_choice":"Max HP","floor":41.0,"gold_loss":0.0,"damage_taken":0.0}],"is_beta":false,"boss_relics":[{"not_picked":["Eternal Feather","Orrery"],"picked":"Tiny House"},{"not_picked":["Sozu","Runic Dome"],"picked":"Calling Bell"}],"items_purged_floors":[5,36],"is_endless":false,"potions_floor_spawned":[4,8,10,22,25,30,35,40,46],"killed_by":"Time Eater","ascension_level":20}