{"gold_per_floor":[111,121,121,135,135,135,170,170,170,186,196,196,471,26,26,128,128,146,163,163,78,94,94,94,124,124,149,149,160,186,186,186,290,290,307,320,9,56,56,90,90,119,144,144,176,12,12,30,30,30],"floor_reached":51,"playtime":3721,"items_purged":["Regret"],"score":801,"play_id":"7af437d5-5308-4c7c-9d42-6f24bb6cae07","local_time":"20190318135405","is_ascension_mode":true,"campfire_choices":[{"data":"Slice","floor":6,"key":"SMITH"},{"data":"Prepared","floor":8,"key":"SMITH"},{"data":"Accuracy","floor":12,"key":"SMITH"},{"floor":15,"key":"REST"},{"data":"Tactician","floor":23,"key":"SMITH"},{"floor":28,"key":"REST"},{"floor":32,"key":"REST"},{"floor":41,"key":"REST"},{"floor":44,"key":"REST"},{"floor":47,"key":"DIG"},{"data":"After Image","floor":49,"key":"SMITH"}],"neow_cost":"NONE","seed_source_timestamp":447361997917510,"circlet_count":0,"master_deck":["Defend_G","Defend_G","Defend_G","Defend_G","Defend_G","Strike_G","Strike_G","Strike_G","Survivor","Neutralize+1","Slice+1","Prepared+1","Choke+1","Acrobatics","Accuracy+1","Infinite Blades","After Image+1","Tactician+1","Bandage Up","After Image","Cloak And Dagger","Flying Knee+1","Finisher+1","Crippling Poison","Infinite Blades+1","Tools of the Trade+1","Tactician+1","Terror+1","Caltrops+1","Crippling Poison","Tactician+1","Deadly Poison","Noxious Fumes+1","Blade Dance+1","After Image+1","Heel Hook+1"],"relics":["Ring of the Serpent","Ice Cream","Matryoshka","Oddly Smooth Stone","Orichalcum","Blue Candle","Darkstone Periapt","Bag of Marbles","Frozen Egg 2","Bottled Tornado","Singing Bowl","Bottled Flame","Sozu","TwistedFunnel","WingedGreaves","Lantern","Meat on the Bone","Boot","Shovel","Mercury Hourglass"],"potions_floor_usage":[7,16,18,25,27,33,36,38],"damage_taken":[{"damage":5,"enemies":"2 Louse","floor":1,"turns":3},{"damage":0,"enemies":"Cultist","floor":2,"turns":3},{"damage":1,"enemies":"Jaw Worm","floor":4,"turns":5},{"damage":21,"enemies":"Lagavulin","floor":7,"turns":7},{"damage":0,"enemies":"Looter","floor":10,"turns":2},{"damage":9,"enemies":"Lots of Slimes","floor":11,"turns":5},{"damage":20,"enemies":"The Guardian","floor":16,"turns":9},{"damage":7,"enemies":"3 Byrds","floor":18,"turns":6},{"damage":0,"enemies":"Shell Parasite","floor":19,"turns":4},{"damage":5,"enemies":"Centurion and Healer","floor":22,"turns":7},{"damage":24,"enemies":"Slavers","floor":25,"turns":5},{"damage":19,"enemies":"Gremlin Leader","floor":27,"turns":6},{"damage":21,"enemies":"Snake Plant","floor":29,"turns":4},{"damage":11,"enemies":"Book of Stabbing","floor":30,"turns":5},{"damage":19,"enemies":"Automaton","floor":33,"turns":10},{"damage":1,"enemies":"Orb Walker","floor":35,"turns":3},{"damage":2,"enemies":"3 Darklings","floor":36,"turns":5},{"damage":24,"enemies":"2 Orb Walkers","floor":38,"turns":3},{"damage":7,"enemies":"Nemesis","floor":40,"turns":7},{"damage":36,"enemies":"Reptomancer","floor":42,"turns":7},{"damage":2,"enemies":"Giant Head","floor":45,"turns":6},{"damage":1,"enemies":"Jaw Worm Horde","floor":48,"turns":3},{"damage":14,"enemies":"Donu and Deca","floor":50,"turns":7}],"seed_played":"455586710604235925","potions_obtained":[{"floor":1,"key":"Regen Potion"},{"floor":11,"key":"Regen Potion"},{"floor":16,"key":"Explosive Potion"},{"floor":22,"key":"LiquidBronze"},{"floor":25,"key":"SteroidPotion"},{"floor":27,"key":"SteroidPotion"},{"floor":30,"key":"Ancient Potion"},{"floor":33,"key":"AttackPotion"}],"is_trial":false,"path_per_floor":["M","M","?","M","?","R","E","R","T","M","M","R","?","$","R","B",null,"M","M","T","?","M","R","?","E","T","E","R","M","E","?","R","B",null,"M","M","$","?","?","E","R","E","T","R","E","$","R","M","R","B",null],"character_chosen":"THE_SILENT","items_purchased":["After Image","Tactician","Bandage Up","Oddly Smooth Stone","TwistedFunnel","Caltrops+1","Crippling Poison","After Image+1"],"campfire_rested":5,"item_purchase_floors":[14,14,14,14,37,37,37,46],"current_hp_per_floor":[65,65,65,64,64,64,57,57,57,57,48,48,48,48,69,65,70,67,70,70,70,69,69,56,36,36,21,43,28,23,23,46,31,79,78,76,76,56,56,53,76,44,44,67,69,69,69,68,68,58],"gold":30,"neow_bonus":"UPGRADE_CARD","is_prod":false,"is_daily":false,"chose_seed":false,"campfire_upgraded":5,"win_rate":0,"timestamp":1552942445,"path_taken":["M","M","?","?","?","R","E","R","T","M","M","R","?","$","R","BOSS","M","?","?","?","M","R","?","E","T","E","R","M","E","?","R","BOSS","M","M","$","?","?","E","R","E","T","R","E","?","R","?","R","BOSS"],"build_version":"2019-01-23","purchased_purges":1,"victory":true,"max_hp_per_floor":[70,70,70,70,70,70,70,70,70,70,70,70,70,70,70,70,70,70,70,70,70,70,70,75,75,75,75,75,77,79,79,79,79,79,79,79,79,79,79,79,79,79,79,79,79,79,79,79,79,79],"card_choices":[{"not_picked":["Leg Sweep","Accuracy"],"picked":"Slice","floor":1},{"not_picked":["PiercingWail","Slice"],"picked":"Prepared","floor":2},{"not_picked":["Deflect","Underhanded Strike"],"picked":"Choke","floor":4},{"not_picked":["Finisher","PiercingWail"],"picked":"Acrobatics","floor":7},{"not_picked":["Underhanded Strike","Quick Slash"],"picked":"Accuracy","floor":10},{"not_picked":["Prepared","Outmaneuver"],"picked":"Infinite Blades","floor":11},{"not_picked":["Doppelganger","Phantasmal Killer"],"picked":"After Image","floor":16},{"not_picked":["Dodge and Roll","Flechettes"],"picked":"Cloak And Dagger","floor":18},{"not_picked":["Poisoned Stab+1","Acrobatics"],"picked":"Flying Knee+1","floor":19},{"not_picked":["Underhanded Strike","Footwork"],"picked":"Finisher+1","floor":22},{"not_picked":["Riddle With Holes+1","Expertise"],"picked":"Crippling Poison","floor":25},{"not_picked":["Cloak And Dagger","Noxious Fumes+1"],"picked":"Infinite Blades+1","floor":27},{"not_picked":["Predator","Quick Slash+1","Noxious Fumes+1"],"picked":"Singing Bowl","floor":29},{"not_picked":["Deadly Poison","Expertise","Bane"],"picked":"Singing Bowl","floor":30},{"not_picked":["Unload","Night Terror"],"picked":"Tools of the Trade+1","floor":33},{"not_picked":["Finisher+1","Quick Slash"],"picked":"Tactician+1","floor":35},{"not_picked":["Bane+1","Backflip"],"picked":"Terror+1","floor":36},{"not_picked":["Acrobatics","Bane"],"picked":"Tactician+1","floor":38},{"not_picked":["Dagger Spray","Flying Knee"],"picked":"Deadly Poison","floor":40},{"not_picked":["Acrobatics","Slice+1"],"picked":"Noxious Fumes+1","floor":42},{"not_picked":["Acrobatics+1","Endless Agony"],"picked":"Blade Dance+1","floor":45},{"not_picked":["Backstab","Phantasmal Killer"],"picked":"Heel Hook+1","floor":48}],"player_experience":283656,"relics_obtained":[{"floor":7,"key":"Ice Cream"},{"floor":9,"key":"Matryoshka"},{"floor":20,"key":"Orichalcum"},{"floor":20,"key":"Blue Candle"},{"floor":25,"key":"Bag of Marbles"},{"floor":26,"key":"Frozen Egg 2"},{"floor":26,"key":"Bottled Tornado"},{"floor":27,"key":"Singing Bowl"},{"floor":30,"key":"Bottled Flame"},{"floor":38,"key":"WingedGreaves"},{"floor":40,"key":"Lantern"},{"floor":42,"key":"Meat on the Bone"},{"floor":43,"key":"Boot"},{"floor":45,"key":"Shovel"},{"floor":47,"key":"Mercury Hourglass"}],"event_choices":[{"cards_removed":["Strike_G"],"damage_healed":0,"gold_gain":0,"player_choice":"Offered Basic","damage_taken":0,"max_hp_gain":0,"max_hp_loss":0,"event_name":"Bonfire Elementals","floor":3,"gold_loss":0},{"damage_healed":0,"gold_gain":0,"player_choice":"Grow","damage_taken":0,"max_hp_gain":0,"max_hp_loss":0,"event_name":"Living Wall","floor":5,"gold_loss":0,"cards_upgraded":["Choke"]},{"damage_healed":0,"gold_gain":275,"player_choice":"Desecrate","damage_taken":0,"max_hp_gain":0,"max_hp_loss":0,"event_name":"Golden Shrine","floor":13,"gold_loss":0,"cards_obtained":["Regret"]},{"damage_healed":0,"gold_gain":0,"player_choice":"Obtained Relic","damage_taken":0,"relics_obtained":["Darkstone Periapt"],"max_hp_gain":0,"max_hp_loss":0,"event_name":"Addict","floor":21,"gold_loss":85},{"damage_healed":0,"gold_gain":0,"player_choice":"Shed Blood","damage_taken":18,"max_hp_gain":5,"max_hp_loss":0,"event_name":"Forgotten Altar","floor":24,"gold_loss":0},{"damage_healed":0,"gold_gain":0,"player_choice":"Ignored","damage_taken":0,"max_hp_gain":0,"max_hp_loss":0,"event_name":"Ghosts","floor":31,"gold_loss":0},{"damage_healed":0,"gold_gain":0,"player_choice":"Fight","damage_taken":0,"max_hp_gain":0,"max_hp_loss":0,"event_name":"Mysterious Sphere","floor":38,"gold_loss":0},{"cards_removed":["Strike_G"],"damage_healed":0,"gold_gain":0,"player_choice":"Removed Attack","damage_taken":0,"max_hp_gain":0,"max_hp_loss":0,"event_name":"Falling","floor":39,"gold_loss":0}],"is_beta":false,"boss_relics":[{"not_picked":["Philosopher\u0027s Stone","Runic Dome"],"picked":"Ring of the Serpent"},{"not_picked":["White Beast Statue","Velvet Choker"],"picked":"Sozu"}],"items_purged_floors":[14],"is_endless":false,"potions_floor_spawned":[1,11,16,22,25,27,30,33,40,42,45],"ascension_level":1}