{"gold_per_floor":[117,117,136,156,156,156,175,175,175,195,195,212,212,71,71,170,220,233,253,271,287,287,287,300,315,315,315],"floor_reached":27,"playtime":1534,"items_purged":[],"score":209,"play_id":"46ac124c-96e5-4f8d-8893-80bc0598d677","local_time":"20190501141744","is_ascension_mode":false,"campfire_choices":[{"floor":6.0,"key":"REST"},{"data":"Consume","floor":8.0,"key":"SMITH"},{"floor":13.0,"key":"REST"},{"floor":15.0,"key":"REST"},{"floor":23,"key":"REST"}],"neow_cost":"NONE","seed_source_timestamp":0,"circlet_count":0,"master_deck":["Strike_B","Strike_B","Strike_B","Strike_B","Defend_B","Defend_B","Defend_B","Defend_B","Zap","Dualcast","Trip","Fusion+1","Force Field","Ball Lightning","Consume+1","Reinforced Body","Fission","Capacitor","Redo","Coolheaded","Electrodynamics+1","Static Discharge","Cold Snap","Sunder","Barrage+1","BootSequence","Capacitor","Undo","Ball Lightning"],"special_seed":0,"relics":["Cracked Core","Kunai","Mercury Hourglass","Tiny House","Toxic Egg 2"],"potions_floor_usage":[21,21,21],"damage_taken":[{"damage":6.0,"enemies":"Jaw Worm","floor":1.0,"turns":2.0},{"damage":6.0,"enemies":"Cultist","floor":3.0,"turns":4.0},{"damage":3.0,"enemies":"2 Louse","floor":4.0,"turns":3.0},{"damage":8.0,"enemies":"Gremlin Gang","floor":7.0,"turns":4.0},{"damage":5.0,"enemies":"3 Louse","floor":10.0,"turns":2.0},{"damage":21.0,"enemies":"Red Slaver","floor":12.0,"turns":3.0},{"damage":18.0,"enemies":"Slime Boss","floor":16.0,"turns":10.0},{"damage":30.0,"enemies":"Shell Parasite","floor":18.0,"turns":4.0},{"damage":16.0,"enemies":"Spheric Guardian","floor":19.0,"turns":4.0},{"damage":16.0,"enemies":"Snake Plant","floor":20.0,"turns":4.0},{"damage":11,"enemies":"Cultist and Chosen","floor":21,"turns":3},{"damage":13,"enemies":"3 Cultists","floor":24,"turns":3},{"damage":11,"enemies":"Centurion and Healer","floor":25,"turns":4},{"damage":9,"enemies":"Cultist and Chosen","floor":27,"turns":6}],"seed_played":"-571867307076873445","potions_obtained":[{"floor":4.0,"key":"Fire Potion"},{"floor":16.0,"key":"LiquidBronze"},{"floor":17.0,"key":"Explosive Potion"},{"floor":18.0,"key":"FearPotion"},{"floor":20.0,"key":"PowerPotion"},{"floor":25,"key":"Poison Potion"}],"is_trial":false,"path_per_floor":["M","?","M","M","?","R","M","R","T","M","?","M","R","$","R","B",null,"M","M","M","M","?","R","M","M","T","M"],"character_chosen":"DEFECT","items_purchased":["Capacitor","Redo","Coolheaded"],"campfire_rested":4,"item_purchase_floors":[14,14,14],"current_hp_per_floor":[69,69,63,60,42,64,56,56,56,51,51,30,52,52,74,56,80,50,34,18,7,7,31,18,7,7,0],"gold":315,"neow_bonus":"RANDOM_COLORLESS","is_prod":false,"is_daily":false,"chose_seed":false,"campfire_upgraded":1,"win_rate":0.0,"timestamp":1556734664,"path_taken":["M","?","M","?","?","R","M","R","T","M","?","M","R","$","R","BOSS","M","?","M","M","?","R","M","?","T","M"],"build_version":"2019-01-23","purchased_purges":0,"victory":false,"max_hp_per_floor":[75,75,75,75,75,75,75,75,75,75,75,75,75,75,75,75,80,80,80,80,80,80,80,80,80,80,80],"card_choices":[{"not_picked":["Conserve Battery","Beam Cell"],"picked":"Fusion","floor":1.0},{"not_picked":["Chill","Stack"],"picked":"Force Field","floor":3.0},{"not_picked":["Cold Snap","Doom and Gloom"],"picked":"Ball Lightning","floor":4.0},{"not_picked":["Beam Cell","White Noise"],"picked":"Consume","floor":7.0},{"not_picked":["Beam Cell","Sweeping Beam"],"picked":"Reinforced Body","floor":10.0},{"not_picked":["BootSequence","Beam Cell"],"picked":"Fission","floor":12.0},{"not_picked":["Hyperbeam","Multi-Cast"],"picked":"Electrodynamics","floor":16.0},{"not_picked":["Ball Lightning","Redo"],"picked":"Static Discharge","floor":17.0},{"not_picked":["Gash","Rebound"],"picked":"Cold Snap","floor":18.0},{"not_picked":["Chaos","Blizzard"],"picked":"Sunder","floor":19.0},{"not_picked":["Cold Snap","Sweeping Beam+1"],"picked":"Barrage+1","floor":20.0},{"not_picked":["Gash","Rip and Tear"],"picked":"BootSequence","floor":21},{"not_picked":["Blizzard","Rebound"],"picked":"Undo","floor":24},{"not_picked":["Double Energy","Rebound+1"],"picked":"Ball Lightning","floor":25}],"player_experience":47691,"relics_obtained":[{"floor":9.0,"key":"Mercury Hourglass"},{"floor":26,"key":"Toxic Egg 2"}],"event_choices":[{"damage_healed":0.0,"max_hp_gain":0.0,"max_hp_loss":0.0,"gold_gain":0.0,"event_name":"Purifier","player_choice":"Ignored","floor":2.0,"gold_loss":0.0,"damage_taken":0.0},{"damage_healed":0.0,"max_hp_gain":0.0,"max_hp_loss":0.0,"gold_gain":0.0,"event_name":"Scrap Ooze","player_choice":"Success","floor":5.0,"gold_loss":0.0,"damage_taken":18.0,"relics_obtained":["Kunai"]},{"damage_healed":0.0,"max_hp_gain":0.0,"max_hp_loss":0.0,"gold_gain":0.0,"event_name":"Accursed Blacksmith","player_choice":"Forge","floor":11.0,"gold_loss":0.0,"damage_taken":0.0,"cards_upgraded":["Fusion"]},{"damage_healed":0,"gold_gain":0,"player_choice":"Copied","damage_taken":0,"max_hp_gain":0,"max_hp_loss":0,"event_name":"Duplicator","floor":22,"gold_loss":0,"cards_obtained":["Capacitor"]}],"is_beta":false,"boss_relics":[{"not_picked":["Pandora\u0027s Box","Black Star"],"picked":"Tiny House"}],"items_purged_floors":[],"is_endless":false,"potions_floor_spawned":[4,16,18,20,25],"killed_by":"Cultist and Chosen","ascension_level":0}