{"gold_per_floor":[110,129,139,104,116,116,145,145,168,168,168,168,183,202,202,299,349,366,366],"floor_reached":19,"playtime":745,"items_purged":[],"score":245,"play_id":"f2f48984-ff20-406e-a6b6-3dbb029f9756","local_time":"20180917071925","is_ascension_mode":true,"campfire_choices":[{"data":"Chaos","floor":6,"key":"SMITH"},{"floor":8,"key":"REST"},{"data":"Doom and Gloom","floor":10,"key":"SMITH"},{"floor":12,"key":"REST"},{"data":"Dualcast","floor":15,"key":"SMITH"}],"neow_cost":"","seed_source_timestamp":377617792631782,"circlet_count":0,"master_deck":["Strike_B","Strike_B","Strike_B","Strike_B","Defend_B","Defend_B","Defend_B","Defend_B+1","Zap","Dualcast+1","Chaos+1","Doom and Gloom+1","Glacier","Reboot","Zap","Hologram","Buffer","Barrage","Turbo+1"],"relics":["Cracked Core","Orichalcum","Potion Belt","Tiny House"],"potions_floor_usage":[3,16],"damage_taken":[{"damage":0,"enemies":"Cultist","floor":1,"turns":3},{"damage":7,"enemies":"Jaw Worm","floor":2,"turns":4},{"damage":13,"enemies":"2 Louse","floor":3,"turns":2},{"damage":14,"enemies":"Exordium Wildlife","floor":5,"turns":4},{"damage":40,"enemies":"Gremlin Nob","floor":7,"turns":5},{"damage":0,"enemies":"Lots of Slimes","floor":13,"turns":1},{"damage":7,"enemies":"Large Slime","floor":14,"turns":5},{"damage":23,"enemies":"Slime Boss","floor":16,"turns":6},{"damage":42,"enemies":"2 Thieves","floor":18,"turns":5},{"damage":0,"enemies":"3 Byrds","floor":19,"turns":1}],"seed_played":"-3405092823521888650","potions_obtained":[{"floor":1,"key":"SkillPotion"},{"floor":2,"key":"Dexterity Potion"},{"floor":13,"key":"EssenceOfSteel"},{"floor":17,"key":"FearPotion"}],"is_trial":false,"path_per_floor":["M","M","M","?","M","R","E","R","T","R","?","R","M","M","R","B",null,"M"],"character_chosen":"DEFECT","items_purchased":[],"campfire_rested":2,"item_purchase_floors":[],"current_hp_per_floor":[68,61,48,66,52,52,12,34,34,34,34,56,56,49,49,26,68,26,26],"gold":366,"neow_bonus":"","is_prod":false,"is_daily":false,"chose_seed":false,"campfire_upgraded":3,"win_rate":0,"timestamp":1537183165,"path_taken":["M","?","M","?","?","R","E","R","T","R","?","R","M","M","R","BOSS","M","M"],"build_version":"2018-09-06","purchased_purges":0,"victory":false,"max_hp_per_floor":[75,75,75,75,75,75,75,75,75,75,75,75,75,75,75,75,80,80,80],"card_choices":[{"not_picked":["Aggregate","Go for the Eyes"],"picked":"Chaos","floor":1},{"not_picked":["Rebound","Redo","Stack"],"picked":"SKIP","floor":2},{"not_picked":["Force Field","Hologram"],"picked":"Doom and Gloom","floor":3},{"not_picked":["Storm","Ball Lightning"],"picked":"Glacier","floor":5},{"not_picked":["Aggregate","Leap"],"picked":"Reboot","floor":7},{"not_picked":["Coolheaded","Doom and Gloom","Lockon"],"picked":"SKIP","floor":13},{"not_picked":["Darkness","Storm"],"picked":"Hologram","floor":14},{"not_picked":["Hyperbeam","Multi-Cast"],"picked":"Buffer","floor":16},{"not_picked":["Chaos","Heatsinks"],"picked":"Barrage","floor":17},{"not_picked":["Barrage","Stack"],"picked":"Turbo+1","floor":18}],"player_experience":543697,"relics_obtained":[{"floor":7,"key":"Orichalcum"},{"floor":9,"key":"Potion Belt"}],"event_choices":[{"event_name":"The Cleric","player_choice":"Healed","floor":4,"damage_taken":0},{"event_name":"Match and Keep!","player_choice":"1 cards matched","floor":11,"damage_taken":0}],"is_beta":false,"boss_relics":[{"not_picked":["Snecko Eye","Calling Bell"],"picked":"Tiny House"}],"items_purged_floors":[],"is_endless":false,"potions_floor_spawned":[1,2,13],"killed_by":"3 Byrds","ascension_level":9}