{"gold_per_floor":[111,111,37,57,73,73,88,105,105,116,136,147,178,191,191,295,295,307,46,60,60],"floor_reached":21,"playtime":3529,"items_purged":[],"score":187,"play_id":"6a84faae-7464-41a2-a818-2e411bb48d88","local_time":"20190404093555","is_ascension_mode":false,"campfire_choices":[{"data":"Armaments","floor":6.0,"key":"SMITH"},{"floor":15.0,"key":"REST"}],"neow_cost":"NONE","seed_source_timestamp":0,"circlet_count":0,"master_deck":["Strike_R","Strike_R","Strike_R","Strike_R","Defend_R","Defend_R","Defend_R","Defend_R","Bash+1","Fiend Fire","Cleave","Iron Wave","Armaments","Cleave+1","Armaments+1","Anger","Warcry","Flex","Flex","Pommel Strike","Dropkick","True Grit","Barricade","Anger","Clothesline+1"],"special_seed":0,"relics":["Burning Blood","Pen Nib","Whetstone","Eternal Feather","Molten Egg 2"],"potions_floor_usage":[],"damage_taken":[{"damage":2.0,"enemies":"Small Slimes","floor":1.0,"turns":4.0},{"damage":6.0,"enemies":"Cultist","floor":4.0,"turns":3.0},{"damage":0.0,"enemies":"2 Louse","floor":5.0,"turns":2.0},{"damage":2.0,"enemies":"2 Fungi Beasts","floor":7.0,"turns":3.0},{"damage":30.0,"enemies":"Exordium Wildlife","floor":8.0,"turns":6.0},{"damage":0.0,"enemies":"3 Louse","floor":10.0,"turns":1.0},{"damage":0.0,"enemies":"Large Slime","floor":11.0,"turns":5.0},{"damage":5.0,"enemies":"Looter","floor":12.0,"turns":2.0},{"damage":21.0,"enemies":"Lagavulin","floor":13.0,"turns":5.0},{"damage":8.0,"enemies":"Exordium Thugs","floor":14.0,"turns":3.0},{"damage":35.0,"enemies":"Hexaghost","floor":16.0,"turns":8.0},{"damage":48.0,"enemies":"3 Byrds","floor":18.0,"turns":8.0},{"damage":36,"enemies":"Chosen","floor":20,"turns":10},{"damage":15,"enemies":"Sentry and Sphere","floor":21,"turns":3}],"seed_played":"1599979813477040465","potions_obtained":[{"floor":10.0,"key":"SkillPotion"},{"floor":11.0,"key":"FearPotion"},{"floor":12.0,"key":"Swift Potion"},{"floor":14.0,"key":"Ancient Potion"}],"is_trial":false,"path_per_floor":["M","?","$","M","M","R","M","M","T","M","M","M","E","M","R","B",null,"M","$","M","M"],"character_chosen":"IRONCLAD","items_purchased":["Armaments","Cleave","Molten Egg 2"],"campfire_rested":1,"item_purchase_floors":[3,3,19],"current_hp_per_floor":[80,80,80,80,80,80,80,56,56,62,68,69,54,52,76,47,80,38,38,8,0],"gold":60,"neow_bonus":"ONE_RANDOM_RARE_CARD","is_prod":false,"is_daily":false,"chose_seed":false,"campfire_upgraded":1,"win_rate":0.0,"timestamp":1554363355,"path_taken":["M","?","$","M","M","R","M","M","T","M","M","?","E","M","R","BOSS","M","$","M","M"],"build_version":"2019-01-23","purchased_purges":0,"victory":false,"max_hp_per_floor":[80,80,80,80,80,80,80,80,80,80,80,80,80,80,80,80,80,80,80,80,80],"card_choices":[{"not_picked":["Hemokinesis","Shockwave"],"picked":"Cleave","floor":1.0},{"not_picked":["Headbutt","Whirlwind"],"picked":"Armaments","floor":4.0},{"not_picked":["Clash","Hemokinesis"],"picked":"Anger","floor":5.0},{"not_picked":["Searing Blow","Clothesline"],"picked":"Warcry","floor":7.0},{"not_picked":["Second Wind","Warcry"],"picked":"Flex","floor":8.0},{"not_picked":["Iron Wave","Shockwave"],"picked":"Flex","floor":10.0},{"not_picked":["Body Slam","Clothesline"],"picked":"Pommel Strike","floor":11.0},{"not_picked":["Sword Boomerang","Armaments"],"picked":"Dropkick","floor":12.0},{"not_picked":["Warcry","Offering","Perfected Strike"],"picked":"SKIP","floor":13.0},{"not_picked":["Cleave","Clash"],"picked":"True Grit","floor":14.0},{"not_picked":["Demon Form","Berserk"],"picked":"Barricade","floor":16.0},{"not_picked":["Hemokinesis+1","Clash"],"picked":"Anger","floor":18.0},{"not_picked":["Clash+1","Twin Strike+1"],"picked":"Clothesline+1","floor":20}],"player_experience":5747,"relics_obtained":[{"floor":9.0,"key":"Pen Nib"},{"floor":13.0,"key":"Whetstone"}],"event_choices":[{"cards_removed":["Strike_R"],"damage_healed":0.0,"max_hp_gain":0.0,"max_hp_loss":0.0,"gold_gain":0.0,"event_name":"NoteForYourself","player_choice":"Took Card","floor":2.0,"gold_loss":0.0,"damage_taken":0.0,"cards_obtained":["Iron Wave"]}],"is_beta":false,"boss_relics":[{"not_picked":["Busted Crown","White Beast Statue"],"picked":"Eternal Feather"}],"items_purged_floors":[],"is_endless":false,"potions_floor_spawned":[10,11,12,14],"killed_by":"Sentry and Sphere","ascension_level":0}