{"gold_per_floor":[109,109,9,19,33,33,53,53,78,78,178,204,204,214,214,310,310,330,245,245,10,27,27,27,27],"floor_reached":25,"playtime":591,"items_purged":[],"score":269,"play_id":"730d787c-7de6-4713-acdc-571f2c2e5dbc","local_time":"20180828151709","is_ascension_mode":true,"campfire_choices":[{"data":"Streamline","floor":6,"key":"SMITH"},{"data":"Turbo","floor":8,"key":"SMITH"},{"data":"Tempest","floor":10,"key":"SMITH"},{"floor":15,"key":"REST"},{"floor":23,"key":"REST"}],"neow_cost":"","seed_source_timestamp":633446736597379,"circlet_count":0,"master_deck":["Strike_B","Strike_B","Strike_B","Defend_B","Defend_B","Defend_B","Defend_B","Zap","Dualcast","Tempest+1","Good Instincts","Sweeping Beam","Streamline+1","Turbo+1","Echo Form","Turbo+1","Metamorphosis","Beam Cell","White Noise+1"],"relics":["Cracked Core","Strawberry","Oddly Smooth Stone","Sundial","Inserter","Pen Nib"],"potions_floor_usage":[12,16,18],"damage_taken":[{"damage":2,"enemies":"Jaw Worm","floor":1,"turns":3},{"damage":1,"enemies":"2 Louse","floor":4,"turns":2},{"damage":3,"enemies":"Small Slimes","floor":5,"turns":3},{"damage":11,"enemies":"Blue Slaver","floor":7,"turns":3},{"damage":0,"enemies":"Gremlin Nob","floor":12,"turns":2},{"damage":15,"enemies":"Gremlin Gang","floor":14,"turns":3},{"damage":39,"enemies":"Hexaghost","floor":16,"turns":7},{"damage":33,"enemies":"2 Thieves","floor":18,"turns":3},{"damage":23,"enemies":"Spheric Guardian","floor":22,"turns":4},{"damage":31,"enemies":"Colosseum Slavers","floor":24,"turns":3},{"damage":19,"enemies":"Chosen and Byrds","floor":25,"turns":4}],"seed_played":"-4027260413579053600","potions_obtained":[{"floor":1,"key":"PowerPotion"},{"floor":7,"key":"AttackPotion"},{"floor":16,"key":"SneckoOil"}],"is_trial":false,"path_per_floor":["M","?","$","M","M","R","M","R","T","R","?","E","?","M","R","B",null,"M","?","?","$","M","R","?"],"character_chosen":"DEFECT","items_purchased":["Good Instincts","Metamorphosis","Beam Cell"],"campfire_rested":2,"item_purchase_floors":[3,21,21],"current_hp_per_floor":[73,73,73,72,69,69,58,58,65,65,65,65,53,38,62,23,82,49,49,49,49,26,50,19,0],"gold":27,"neow_bonus":"","is_prod":false,"is_daily":false,"chose_seed":false,"campfire_upgraded":3,"win_rate":0,"timestamp":1535483829,"path_taken":["M","?","$","M","M","R","M","R","T","R","?","E","?","?","R","BOSS","M","?","?","?","?","R","?","M"],"build_version":"2018-08-23v2","purchased_purges":0,"victory":false,"max_hp_per_floor":[75,75,75,75,75,75,75,75,82,82,82,82,82,82,82,82,82,82,82,82,82,82,82,82,82],"card_choices":[{"not_picked":["Steam","Loop"],"picked":"Tempest","floor":1},{"not_picked":["Conserve Battery","Go for the Eyes"],"picked":"Sweeping Beam","floor":4},{"not_picked":["Stack","Hyperbeam"],"picked":"Streamline","floor":5},{"not_picked":["Hello World","Leap"],"picked":"Turbo","floor":7},{"not_picked":["Heatsinks","Cold Snap","Streamline"],"picked":"SKIP","floor":12},{"not_picked":["Rebound","Reprogram","Turbo"],"picked":"SKIP","floor":14},{"not_picked":["All For One","Rainbow"],"picked":"Echo Form","floor":16},{"not_picked":["Sweeping Beam","Double Energy"],"picked":"Turbo+1","floor":18},{"not_picked":["Coolheaded","Go for the Eyes"],"picked":"White Noise+1","floor":22}],"player_experience":478809,"relics_obtained":[{"floor":9,"key":"Strawberry"},{"floor":12,"key":"Oddly Smooth Stone"}],"event_choices":[{"event_name":"The Cleric","player_choice":"Leave","floor":2,"damage_taken":0},{"event_name":"Golden Shrine","player_choice":"Pray","floor":11,"damage_taken":0},{"event_name":"Scrap Ooze","player_choice":"success","floor":13,"damage_taken":12},{"event_name":"Addict","player_choice":"Obtained Relic","floor":19,"damage_taken":0},{"event_name":"Purifier","player_choice":"One Purge","floor":20,"damage_taken":0},{"event_name":"Colosseum","player_choice":"Fight","floor":24,"damage_taken":0},{"event_name":"Colosseum","player_choice":"Fled From Nobs","floor":24,"damage_taken":0}],"is_beta":false,"boss_relics":[{"not_picked":["Lizard Tail","Cursed Key"],"picked":"Inserter"}],"items_purged_floors":[],"is_endless":false,"potions_floor_spawned":[1,7,16,24],"killed_by":"Chosen and Byrds","ascension_level":4}