{"gold_per_floor":[112,126,126,201,57,85,102,102,127,127,27,27,27,38,38,110,110,110,110,110],"floor_reached":20,"playtime":712,"items_purged":["Strike_R","Strike_R"],"score":332,"play_id":"7d33857a-63e6-4999-8b65-9bf24d538d75","local_time":"20190430173906","is_ascension_mode":true,"campfire_choices":[{"data":"Body Slam","floor":8.0,"key":"SMITH"},{"data":"Metallicize","floor":10.0,"key":"SMITH"},{"data":"Shrug It Off","floor":12.0,"key":"SMITH"},{"data":"Defend_R","floor":15.0,"key":"SMITH"}],"neow_cost":"NONE","seed_source_timestamp":26783111277600,"circlet_count":0,"master_deck":["AscendersBane","Strike_R","Strike_R","Defend_R+1","Defend_R","Defend_R","Defend_R","Bash","Shrug It Off+1","Body Slam+1","Metallicize+1","Burning Pact","Disarm","Juggernaut","Shrug It Off"],"special_seed":0,"relics":["Burning Blood","NeowsBlessing","Omamori","Ancient Tea Set","Dream Catcher","Ectoplasm","Red Mask"],"potions_floor_usage":[16,16,18,19],"damage_taken":[{"damage":0.0,"enemies":"Small Slimes","floor":1.0,"turns":1.0},{"damage":0.0,"enemies":"Jaw Worm","floor":2.0,"turns":1.0},{"damage":0.0,"enemies":"Gremlin Nob","floor":6.0,"turns":1.0},{"damage":0.0,"enemies":"Cultist","floor":7.0,"turns":4.0},{"damage":3.0,"enemies":"3 Louse","floor":14.0,"turns":5.0},{"damage":59,"enemies":"Slime Boss","floor":16,"turns":24},{"damage":19,"enemies":"Spheric Guardian","floor":18,"turns":6},{"damage":41,"enemies":"Masked Bandits","floor":19,"turns":6}],"seed_played":"-2427282128865227425","potions_obtained":[{"floor":6.0,"key":"SpeedPotion"},{"floor":7.0,"key":"SteroidPotion"},{"floor":16,"key":"Swift Potion"},{"floor":18,"key":"SteroidPotion"}],"is_trial":false,"path_per_floor":["M","M","?","?","$","E","M","R","T","R","$","R","?","M","R","B",null,"M","?","?"],"character_chosen":"IRONCLAD","items_purchased":["Metallicize"],"campfire_rested":0,"item_purchase_floors":[5],"current_hp_per_floor":[74,75,68,57,57,63,69,69,69,69,69,69,69,72,72,19,61,48,13,0],"gold":110,"neow_bonus":"THREE_ENEMY_KILL","is_prod":false,"is_daily":false,"chose_seed":false,"campfire_upgraded":4,"win_rate":0,"timestamp":1556617146,"path_taken":["M","M","?","?","?","E","?","R","T","R","?","R","?","M","R","BOSS","M","?","?"],"build_version":"2019-01-23","purchased_purges":2,"victory":false,"max_hp_per_floor":[75,75,75,75,75,75,75,75,75,75,75,75,75,75,75,75,75,75,75,75],"card_choices":[{"not_picked":["Second Wind","Sentinel"],"picked":"Shrug It Off","floor":1.0},{"not_picked":["Clothesline","Bloodletting"],"picked":"Body Slam","floor":2.0},{"not_picked":["Inflame","Reckless Charge"],"picked":"Burning Pact","floor":6.0},{"not_picked":["Sever Soul","Clash"],"picked":"Disarm","floor":7.0},{"not_picked":["Thunderclap","Headbutt","Clash"],"picked":"SKIP","floor":14.0},{"not_picked":["Bludgeon","Berserk"],"picked":"Juggernaut","floor":16},{"not_picked":["Dual Wield","Wild Strike","Warcry"],"picked":"SKIP","floor":18},{"not_picked":["Clash+1","Battle Trance"],"picked":"Shrug It Off","floor":19}],"player_experience":563694,"relics_obtained":[{"floor":6.0,"key":"Omamori"},{"floor":9.0,"key":"Ancient Tea Set"},{"floor":19,"key":"Red Mask"}],"event_choices":[{"cards_removed":["Strike_R"],"damage_healed":0.0,"max_hp_gain":0.0,"max_hp_loss":0.0,"gold_gain":0.0,"event_name":"Golden Wing","player_choice":"Card Removal","floor":3.0,"gold_loss":0.0,"damage_taken":7.0},{"damage_healed":0.0,"max_hp_gain":0.0,"max_hp_loss":0.0,"gold_gain":75.0,"event_name":"World of Goop","player_choice":"Gather Gold","floor":4.0,"gold_loss":0.0,"damage_taken":11.0},{"damage_healed":0.0,"max_hp_gain":0.0,"max_hp_loss":0.0,"gold_gain":0.0,"event_name":"Big Fish","player_choice":"Box","floor":13.0,"gold_loss":0.0,"damage_taken":0.0,"relics_obtained":["Dream Catcher"],"cards_obtained":["Regret"]},{"damage_healed":0,"gold_gain":0,"player_choice":"Fought Bandits","damage_taken":0,"max_hp_gain":0,"max_hp_loss":0,"event_name":"Masked Bandits","floor":19,"gold_loss":0}],"is_beta":false,"boss_relics":[{"not_picked":["Black Blood","Eternal Feather"],"picked":"Ectoplasm"}],"items_purged_floors":[5,11],"is_endless":false,"potions_floor_spawned":[6,7,16,18],"ascension_level":14}