{"gold_per_floor":[15,15,31,48,64,64,90,90,90,108,128,128,138,155,155,251,251,270,270,270,282,294,294,219,236,236,236,250,112,124,84,84,185,185,198,198,212,212],"floor_reached":38,"playtime":1540,"items_purged":[],"score":516,"play_id":"005a74e5-2ecc-4123-b919-4a8b188100c4","local_time":"20180914092244","is_ascension_mode":true,"campfire_choices":[{"data":"Streamline","floor":6.0,"key":"SMITH"},{"floor":8.0,"key":"REST"},{"data":"Hologram","floor":12.0,"key":"SMITH"},{"data":"Creative AI","floor":15.0,"key":"SMITH"},{"data":"Echo Form","floor":23.0,"key":"SMITH"},{"floor":27.0,"key":"REST"},{"floor":32.0,"key":"REST"}],"neow_cost":"NO_GOLD","seed_source_timestamp":0,"circlet_count":0,"master_deck":["Defend_B","Zap","Dualcast","Skim","Scrape","Streamline+1","Ball Lightning","Hologram+1","Glacier","Creative AI+1","Echo Form+1","Ball Lightning+1","Turbo","Compile Driver+1","Thunder Strike","Steam+1","Amplify","Sunder+1","Compile Driver+1","Undo+1","Leap+1","Decay","Conserve Battery+1"],"special_seed":0,"relics":["Cracked Core","Shuriken","Pantograph","Sozu","MutagenicStrength","Letter Opener","Astrolabe"],"potions_floor_usage":[],"damage_taken":[{"damage":1.0,"enemies":"Cultist","floor":1.0,"turns":3.0},{"damage":3.0,"enemies":"2 Louse","floor":3.0,"turns":2.0},{"damage":3.0,"enemies":"Small Slimes","floor":4.0,"turns":2.0},{"damage":7.0,"enemies":"Looter","floor":5.0,"turns":3.0},{"damage":26.0,"enemies":"Gremlin Nob","floor":7.0,"turns":4.0},{"damage":0.0,"enemies":"Blue Slaver","floor":10.0,"turns":1.0},{"damage":2.0,"enemies":"3 Louse","floor":11.0,"turns":3.0},{"damage":0.0,"enemies":"Looter","floor":13.0,"turns":2.0},{"damage":0.0,"enemies":"2 Fungi Beasts","floor":14.0,"turns":2.0},{"damage":66.0,"enemies":"Slime Boss","floor":16.0,"turns":9.0},{"damage":13.0,"enemies":"Spheric Guardian","floor":18.0,"turns":4.0},{"damage":1.0,"enemies":"Chosen","floor":21.0,"turns":3.0},{"damage":8.0,"enemies":"Shelled Parasite and Fungi","floor":22.0,"turns":6.0},{"damage":33.0,"enemies":"Centurion and Healer","floor":25.0,"turns":7.0},{"damage":0.0,"enemies":"Cultist and Chosen","floor":28.0,"turns":4.0},{"damage":25.0,"enemies":"Sentry and Sphere","floor":30.0,"turns":5.0},{"damage":35.0,"enemies":"Champ","floor":33.0,"turns":8.0},{"damage":33.0,"enemies":"3 Darklings","floor":35.0,"turns":4.0},{"damage":22.0,"enemies":"3 Shapes","floor":37.0,"turns":4.0},{"damage":42,"enemies":"Maw","floor":38,"turns":7}],"seed_played":"8655495518540723024","potions_obtained":[{"floor":7.0,"key":"Fire Potion"},{"floor":10.0,"key":"Poison Potion"},{"floor":11.0,"key":"EssenceOfSteel"},{"floor":13.0,"key":"Dexterity Potion"}],"is_trial":false,"path_per_floor":["M","?","M","M","M","R","E","R","T","M","M","R","M","M","R","B",null,"M","?","?","M","M","R","?","M","T","R","M","$","M","?","R","B",null,"M","?","M"],"character_chosen":"DEFECT","items_purchased":["Thunder Strike"],"campfire_rested":3,"item_purchase_floors":[29],"current_hp_per_floor":[67,67,64,61,54,54,28,50,50,50,48,48,48,48,48,7,58,45,70,70,69,61,61,61,28,28,50,50,50,25,25,47,37,66,33,33,11,0],"gold":212,"neow_bonus":"TRANSFORM_TWO_CARDS","is_prod":false,"is_daily":false,"chose_seed":false,"campfire_upgraded":4,"win_rate":0,"timestamp":1536931364,"path_taken":["M","?","?","M","M","R","E","R","T","M","M","R","M","M","R","BOSS","M","?","?","M","M","R","?","M","T","R","?","$","M","?","R","BOSS","M","?","M","M"],"build_version":"2018-09-06","purchased_purges":0,"victory":false,"max_hp_per_floor":[75,75,75,75,75,75,75,75,75,75,75,75,75,75,75,75,75,75,75,75,75,75,75,75,75,75,75,75,75,75,75,75,75,75,75,75,75,75],"card_choices":[{"not_picked":["Hologram","Darkness"],"picked":"Streamline","floor":1.0},{"not_picked":["Leap","Darkness"],"picked":"Ball Lightning","floor":3.0},{"not_picked":["Barrage","Coolheaded","Lockon"],"picked":"SKIP","floor":4.0},{"not_picked":["Aggregate","Storm","Barrage"],"picked":"SKIP","floor":5.0},{"not_picked":["White Noise","BootSequence"],"picked":"Hologram","floor":7.0},{"not_picked":["Heatsinks","Melter","Ball Lightning"],"picked":"SKIP","floor":10.0},{"not_picked":["Rebound","Chaos"],"picked":"Glacier","floor":11.0},{"not_picked":["Scrape","Compile Driver"],"picked":"Creative AI","floor":13.0},{"not_picked":["Compile Driver","Redo","Fusion"],"picked":"SKIP","floor":14.0},{"not_picked":["Hyperbeam","All For One"],"picked":"Echo Form","floor":16.0},{"not_picked":["Coolheaded","Darkness"],"picked":"Ball Lightning+1","floor":18.0},{"not_picked":["Scrape","Conserve Battery"],"picked":"Turbo","floor":21.0},{"not_picked":["Hologram","Conserve Battery"],"picked":"Compile Driver+1","floor":22.0},{"not_picked":["Reprogram","Glacier","Capacitor"],"picked":"SKIP","floor":25.0},{"not_picked":["Turbo","Ball Lightning+1","Hologram"],"picked":"SKIP","floor":28.0},{"not_picked":["Ball Lightning","FTL"],"picked":"Steam+1","floor":30.0},{"not_picked":["Biased Cognition","Creative AI"],"picked":"Amplify","floor":33.0},{"not_picked":["Doom and Gloom","Barrage"],"picked":"Leap+1","floor":35.0},{"not_picked":["Turbo+1","Gash"],"picked":"Conserve Battery+1","floor":37}],"player_experience":525395,"relics_obtained":[{"floor":7.0,"key":"Shuriken"},{"floor":9.0,"key":"Pantograph"},{"floor":26.0,"key":"Letter Opener"}],"event_choices":[{"event_name":"Bonfire Elementals","player_choice":"BASIC","floor":2.0,"damage_taken":0.0},{"event_name":"The Library","player_choice":"Heal","floor":19.0,"damage_taken":0.0},{"event_name":"Drug Dealer","player_choice":"Inject Mutagens","floor":20.0,"damage_taken":0.0},{"event_name":"Beggar","player_choice":"Gave Gold","floor":24.0,"damage_taken":0.0},{"event_name":"The Woman in Blue","player_choice":"Bought 3 Potions","floor":31.0,"damage_taken":0.0},{"event_name":"Wheel of Change","player_choice":"Curse","floor":36.0,"damage_taken":0.0}],"is_beta":false,"boss_relics":[{"not_picked":["Pandora\u0027s Box","Calling Bell"],"picked":"Sozu"},{"not_picked":["Eternal Feather","Philosopher\u0027s Stone"],"picked":"Astrolabe"}],"items_purged_floors":[],"is_endless":false,"potions_floor_spawned":[7,10,11,13,18,30,33,35],"killed_by":"Maw","ascension_level":7}