{"gold_per_floor":[119,119,119,119,90,115,115,135,135,165,3,3,22,32,32,106,106,123,123,123],"floor_reached":20,"playtime":532,"items_purged":[],"score":409,"play_id":"3101364a-da62-4f18-8240-76a40e741e3e","local_time":"20181218141924","is_ascension_mode":true,"campfire_choices":[{"data":"Cold Snap","floor":7,"key":"SMITH"},{"floor":12,"key":"REST"},{"floor":15,"key":"REST"}],"neow_cost":"NONE","seed_source_timestamp":505887519137192,"circlet_count":0,"master_deck":["AscendersBane","Strike_B","Strike_B","Strike_B","Strike_B","Defend_B","Defend_B","Defend_B","Defend_B","Zap","Dualcast","Cold Snap+1","Beam Cell","Cold Snap+1","Capacitor","Loop","Barrage","Buffer","Glacier","Fission","Glacier"],"relics":["Cracked Core","NeowsBlessing","Prayer Wheel","Spirit Poop","Kunai","Dodecahedron","Singing Bowl","Blood Vial","Nuclear Battery"],"potions_floor_usage":[14,16,16,18,18],"damage_taken":[{"damage":0,"enemies":"Jaw Worm","floor":1,"turns":1},{"damage":0,"enemies":"Lagavulin","floor":6,"turns":1},{"damage":0,"enemies":"Small Slimes","floor":8,"turns":1},{"damage":55,"enemies":"Gremlin Nob","floor":10,"turns":5},{"damage":6,"enemies":"Cultist","floor":13,"turns":3},{"damage":0,"enemies":"Exordium Thugs","floor":14,"turns":5},{"damage":28,"enemies":"Hexaghost","floor":16,"turns":11},{"damage":18,"enemies":"Chosen","floor":18,"turns":6},{"damage":25,"enemies":"Colosseum Slavers","floor":19,"turns":5},{"damage":0,"enemies":"2 Thieves","floor":20,"turns":1}],"seed_played":"-249637435594256319","potions_obtained":[{"floor":13,"key":"SkillPotion"},{"floor":14,"key":"EntropicBrew"},{"floor":16,"key":"FocusPotion"}],"is_trial":false,"path_per_floor":["M","?","?","?","$","E","R","M","T","E","$","R","M","M","R","B",null,"M","?","M"],"character_chosen":"DEFECT","items_purchased":["Beam Cell","Blood Vial"],"campfire_rested":2,"item_purchase_floors":[5,11],"current_hp_per_floor":[64,64,64,64,64,64,64,64,64,9,9,30,28,32,54,28,63,49,26,28],"gold":123,"neow_bonus":"THREE_ENEMY_KILL","is_prod":false,"is_daily":false,"chose_seed":false,"campfire_upgraded":1,"win_rate":0,"timestamp":1545160764,"path_taken":["M","?","?","?","$","E","R","?","T","E","?","R","M","M","R","BOSS","M","?","M"],"build_version":"2018-12-13","purchased_purges":0,"victory":false,"max_hp_per_floor":[71,71,71,71,71,71,71,71,71,71,71,71,73,75,75,75,75,77,77,77],"card_choices":[{"not_picked":["Redo","Stack"],"picked":"Cold Snap","floor":1},{"not_picked":["Undo","Static Discharge"],"picked":"Cold Snap","floor":6},{"not_picked":["Rebound","Turbo"],"picked":"Capacitor","floor":8},{"not_picked":["Auto Shields","Hologram"],"picked":"Loop","floor":8},{"not_picked":["Conserve Battery","Beam Cell"],"picked":"Barrage","floor":10},{"not_picked":["Coolheaded","Stack"],"picked":"Buffer","floor":13},{"not_picked":["Rebound","Beam Cell","Turbo"],"picked":"Singing Bowl","floor":13},{"not_picked":["Auto Shields","Coolheaded"],"picked":"Glacier","floor":14},{"not_picked":["Sweeping Beam","Ball Lightning","Genetic Algorithm"],"picked":"Singing Bowl","floor":14},{"not_picked":["Multi-Cast","Meteor Strike"],"picked":"Fission","floor":16},{"not_picked":["Gash","Go for the Eyes","Sweeping Beam"],"picked":"Singing Bowl","floor":18},{"not_picked":["Static Discharge","Hologram"],"picked":"Glacier","floor":18}],"player_experience":787820,"relics_obtained":[{"floor":6,"key":"Kunai"},{"floor":9,"key":"Dodecahedron"},{"floor":10,"key":"Singing Bowl"}],"event_choices":[{"damage_healed":0,"gold_gain":0,"player_choice":"Grow","damage_taken":0,"max_hp_gain":0,"max_hp_loss":0,"event_name":"Living Wall","floor":2,"gold_loss":0,"cards_upgraded":["Cold Snap"]},{"damage_healed":0,"gold_gain":0,"player_choice":"Box","damage_taken":0,"relics_obtained":["Prayer Wheel"],"max_hp_gain":0,"max_hp_loss":0,"event_name":"Big Fish","floor":3,"gold_loss":0,"cards_obtained":["Regret"]},{"cards_removed":["Regret"],"damage_healed":0,"gold_gain":0,"player_choice":"Offered Curse","damage_taken":0,"relics_obtained":["Spirit Poop"],"max_hp_gain":0,"max_hp_loss":0,"event_name":"Bonfire Elementals","floor":4,"gold_loss":0},{"damage_healed":0,"gold_gain":0,"player_choice":"Fight","damage_taken":0,"max_hp_gain":0,"max_hp_loss":0,"event_name":"Colosseum","floor":19,"gold_loss":0},{"damage_healed":0,"gold_gain":0,"player_choice":"Fled From Nobs","damage_taken":0,"max_hp_gain":0,"max_hp_loss":0,"event_name":"Colosseum","floor":19,"gold_loss":0}],"is_beta":false,"boss_relics":[{"not_picked":["Calling Bell","Philosopher\u0027s Stone"],"picked":"Nuclear Battery"}],"items_purged_floors":[],"is_endless":false,"potions_floor_spawned":[13,14,16],"killed_by":"2 Thieves","ascension_level":20}