{"gold_per_floor":[117,192,203,203,222,222,255,267,343,5,5,38,38,38,38,138,138,154,154],"floor_reached":19,"playtime":603,"items_purged":["Strike_B"],"score":236,"play_id":"701d1117-e4f9-4c86-8779-8ab8cc6834c7","local_time":"20180929213656","is_ascension_mode":true,"campfire_choices":[{"floor":6,"key":"REST"},{"data":"Thinking Ahead","floor":11,"key":"SMITH"},{"floor":15,"key":"REST"}],"neow_cost":"NONE","seed_source_timestamp":379876093430850,"circlet_count":0,"master_deck":["Strike_B","Strike_B","Strike_B","Defend_B","Defend_B","Defend_B","Defend_B","Zap+1","Dualcast","Gash","Scrape+1","Chill","Auto Shields","Scrape","Thinking Ahead+1","Gash","Echo Form","Normality","Shame","Pain","Conserve Battery"],"relics":["Cracked Core","Ancient Tea Set","WingedGreaves","Bottled Flame","Bag of Preparation","Calling Bell","Bronze Scales","Pantograph","Bird Faced Urn"],"potions_floor_usage":[7,12],"damage_taken":[{"damage":12,"enemies":"Jaw Worm","floor":1,"turns":3},{"damage":7,"enemies":"2 Louse","floor":3,"turns":2},{"damage":0,"enemies":"Small Slimes","floor":5,"turns":3},{"damage":18,"enemies":"3 Sentries","floor":7,"turns":8},{"damage":6,"enemies":"Looter","floor":8,"turns":2},{"damage":19,"enemies":"Gremlin Nob","floor":12,"turns":4},{"damage":13,"enemies":"Hexaghost","floor":16,"turns":8},{"damage":4,"enemies":"3 Byrds","floor":18,"turns":4},{"damage":65,"enemies":"Masked Bandits","floor":19,"turns":3}],"seed_played":"8041177489725021438","potions_obtained":[{"floor":3,"key":"AttackPotion"},{"floor":8,"key":"Block Potion"}],"is_trial":false,"path_per_floor":["M","?","M","?","M","R","E","M","T","$","R","E","$","?","R","B",null,"M"],"character_chosen":"DEFECT","items_purchased":["Scrape","Thinking Ahead"],"campfire_rested":2,"item_purchase_floors":[10,10],"current_hp_per_floor":[56,45,38,23,23,45,27,21,21,21,21,2,2,2,24,11,59,57,0],"gold":154,"neow_bonus":"RANDOM_COMMON_RELIC","is_prod":false,"is_daily":false,"chose_seed":false,"campfire_upgraded":1,"win_rate":0,"timestamp":1538249816,"path_taken":["M","?","M","?","?","R","E","M","T","$","R","E","$","?","R","BOSS","M","?"],"build_version":"2018-09-27","purchased_purges":1,"victory":false,"max_hp_per_floor":[75,75,75,75,75,75,75,75,75,75,75,75,75,75,75,75,75,75,75],"card_choices":[{"not_picked":["Compile Driver","Rebound"],"picked":"Gash","floor":1},{"not_picked":["Gash","Rebound"],"picked":"Scrape","floor":3},{"not_picked":["Recycle","Stack"],"picked":"Chill","floor":5},{"not_picked":["Leap","Amplify"],"picked":"Auto Shields","floor":7},{"not_picked":["Redo","Streamline","Stack"],"picked":"SKIP","floor":8},{"not_picked":["Streamline","Redo"],"picked":"Gash","floor":12},{"not_picked":["Creative AI","Machine Learning"],"picked":"Echo Form","floor":16},{"not_picked":["Ball Lightning","Steam"],"picked":"Conserve Battery","floor":18}],"player_experience":141076,"relics_obtained":[{"floor":7,"key":"WingedGreaves"},{"floor":9,"key":"Bottled Flame"},{"floor":12,"key":"Bag of Preparation"},{"floor":17,"key":"Bronze Scales"},{"floor":17,"key":"Pantograph"},{"floor":17,"key":"Bird Faced Urn"}],"event_choices":[{"event_name":"World of Goop","player_choice":"Gather Gold","floor":2,"damage_taken":0},{"event_name":"Shining Light","player_choice":"Entered Light","floor":4,"damage_taken":0},{"event_name":"Scrap Ooze","player_choice":"unsuccessful","floor":14,"damage_taken":0},{"event_name":"Masked Bandits","player_choice":"Fought Bandits","floor":19,"damage_taken":0}],"is_beta":true,"boss_relics":[{"not_picked":["Runic Pyramid","Eternal Feather"],"picked":"Calling Bell"}],"items_purged_floors":[10],"is_endless":false,"potions_floor_spawned":[3,8],"killed_by":"Masked Bandits","ascension_level":7}