{"gold_per_floor":[109,109,109,122,122,122,138,63,63,63,63,106,124,138,138,234,234,258,136,136,136,151,151,170,170,170,170,170,191,231,131,131,226,226,250,264,264,144,164,200,200],"floor_reached":41,"playtime":1354,"items_purged":["Strike_G","Finisher+1","Setup","Defend_G"],"score":878,"play_id":"fb40200f-a338-45a0-984a-b3eabbf9bbda","local_time":"20190430163038","is_ascension_mode":true,"campfire_choices":[{"data":"Noxious Fumes","floor":6.0,"key":"SMITH"},{"data":"Catalyst","floor":10.0,"key":"SMITH"},{"data":"Well Laid Plans","floor":15.0,"key":"SMITH"},{"data":"Neutralize","floor":23.0,"key":"SMITH"},{"floor":25.0,"key":"REST"},{"floor":32.0,"key":"REST"}],"neow_cost":"NONE","seed_source_timestamp":493466160467167,"circlet_count":0,"master_deck":["AscendersBane","Defend_G","Defend_G","Defend_G","Defend_G","Survivor","Neutralize+1","Catalyst+1","Noxious Fumes+1","Well Laid Plans+1","Acrobatics","Grand Finale","PiercingWail","Escape Plan","Tools of the Trade","Backflip","Well Laid Plans+1","Terror","Concentrate+1"],"special_seed":0,"relics":["Ring of the Snake","NeowsBlessing","Torii","Golden Idol","The Courier","Centennial Puzzle","Astrolabe","Omamori","Eternal Feather","Bird Faced Urn"],"potions_floor_usage":[],"damage_taken":[{"damage":0.0,"enemies":"2 Louse","floor":1.0,"turns":1.0},{"damage":0.0,"enemies":"Jaw Worm","floor":4.0,"turns":1.0},{"damage":0.0,"enemies":"Cultist","floor":7.0,"turns":1.0},{"damage":2.0,"enemies":"Lagavulin","floor":12.0,"turns":7.0},{"damage":1.0,"enemies":"Large Slime","floor":13.0,"turns":6.0},{"damage":1.0,"enemies":"Looter","floor":14.0,"turns":4.0},{"damage":25.0,"enemies":"The Guardian","floor":16.0,"turns":11.0},{"damage":9.0,"enemies":"Shell Parasite","floor":18.0,"turns":3.0},{"damage":11.0,"enemies":"2 Thieves","floor":22.0,"turns":2.0},{"damage":19.0,"enemies":"Sentry and Sphere","floor":24.0,"turns":4.0},{"damage":0.0,"enemies":"Centurion and Healer","floor":29.0,"turns":4.0},{"damage":9.0,"enemies":"Gremlin Leader","floor":30.0,"turns":4.0},{"damage":25.0,"enemies":"Collector","floor":33.0,"turns":7.0},{"damage":4.0,"enemies":"3 Darklings","floor":35.0,"turns":4.0},{"damage":2.0,"enemies":"Orb Walker","floor":36.0,"turns":3.0},{"damage":0.0,"enemies":"4 Shapes","floor":39.0,"turns":2.0},{"damage":29.0,"enemies":"Reptomancer","floor":40.0,"turns":5.0},{"damage":29,"enemies":"Jaw Worm Horde","floor":41,"turns":2}],"seed_played":"-1598635124276548344","potions_obtained":[{"floor":1.0,"key":"EssenceOfSteel"},{"floor":12.0,"key":"Swift Potion"},{"floor":29.0,"key":"SteroidPotion"},{"floor":33.0,"key":"GamblersBrew"},{"floor":39.0,"key":"Strength Potion"}],"is_trial":false,"path_per_floor":["M","?","?","M","?","R","M","$","T","R","$","E","M","M","R","B",null,"M","$","?","?","M","R","M","R","T","?","?","M","E","$","R","B",null,"M","M","?","$","M","E","M"],"character_chosen":"THE_SILENT","items_purchased":["PiercingWail"],"campfire_rested":2,"item_purchase_floors":[19],"current_hp_per_floor":[59,59,48,48,48,48,48,48,48,48,48,46,45,44,44,19,50,41,41,41,41,30,30,11,29,29,29,29,29,20,20,38,13,48,44,42,42,42,42,13,0],"gold":200,"neow_bonus":"THREE_ENEMY_KILL","is_prod":false,"is_daily":false,"chose_seed":false,"campfire_upgraded":4,"win_rate":0,"timestamp":1556613038,"path_taken":["M","?","?","M","?","R","M","?","T","R","$","E","M","M","R","BOSS","M","$","?","?","M","R","?","R","T","?","?","M","E","?","R","BOSS","M","?","?","$","M","E","M"],"build_version":"2019-01-23","purchased_purges":4,"victory":false,"max_hp_per_floor":[66,66,66,66,60,60,60,60,60,60,60,60,60,60,60,60,60,60,60,60,60,60,60,60,60,60,60,60,60,60,60,60,60,60,60,60,60,60,60,60,60],"card_choices":[{"not_picked":["Finisher","Cloak And Dagger"],"picked":"Catalyst","floor":1.0},{"not_picked":["Acrobatics","Escape Plan"],"picked":"Noxious Fumes","floor":4.0},{"not_picked":["Footwork","Dagger Spray"],"picked":"Well Laid Plans","floor":7.0},{"not_picked":["Glass Knife","Escape Plan","Dash"],"picked":"SKIP","floor":12.0},{"not_picked":["Endless Agony","Underhanded Strike","Quick Slash"],"picked":"SKIP","floor":13.0},{"not_picked":["Poisoned Stab","Infinite Blades"],"picked":"Acrobatics","floor":14.0},{"not_picked":["Wraith Form v2","Doppelganger"],"picked":"Grand Finale","floor":16.0},{"not_picked":["Flying Knee","Prepared","Accuracy"],"picked":"SKIP","floor":18.0},{"not_picked":["Acrobatics","Deadly Poison"],"picked":"Backflip","floor":22.0},{"not_picked":["Outmaneuver","Predator"],"picked":"Well Laid Plans+1","floor":24.0},{"not_picked":["Acrobatics","Dagger Throw","Terror"],"picked":"SKIP","floor":29.0},{"not_picked":["Heel Hook","Prepared","Slice+1"],"picked":"SKIP","floor":30.0},{"not_picked":["Sucker Punch","Dodge and Roll","Dagger Throw+1"],"picked":"SKIP","floor":35.0},{"not_picked":["PiercingWail","Blur+1","Deflect"],"picked":"SKIP","floor":36.0},{"not_picked":["Backstab+1","All Out Attack+1","Glass Knife"],"picked":"SKIP","floor":39.0},{"not_picked":["Tactician","Sucker Punch+1"],"picked":"Concentrate+1","floor":40.0}],"player_experience":1516395,"relics_obtained":[{"floor":9.0,"key":"The Courier"},{"floor":12.0,"key":"Centennial Puzzle"},{"floor":30.0,"key":"Omamori"},{"floor":40.0,"key":"Bird Faced Urn"}],"event_choices":[{"cards_removed":["Strike_G"],"damage_healed":0.0,"max_hp_gain":0.0,"max_hp_loss":0.0,"gold_gain":0.0,"event_name":"Living Wall","player_choice":"Forget","floor":2.0,"gold_loss":0.0,"damage_taken":0.0},{"damage_healed":0.0,"max_hp_gain":0.0,"max_hp_loss":0.0,"gold_gain":0.0,"event_name":"Scrap Ooze","player_choice":"Success","floor":3.0,"gold_loss":0.0,"damage_taken":11.0,"relics_obtained":["Torii"]},{"damage_healed":0.0,"max_hp_gain":0.0,"max_hp_loss":6.0,"gold_gain":0.0,"event_name":"Golden Idol","player_choice":"Lose Max HP","floor":5.0,"gold_loss":0.0,"damage_taken":0.0,"relics_obtained":["Golden Idol"]},{"damage_healed":0.0,"max_hp_gain":0.0,"max_hp_loss":0.0,"gold_gain":0.0,"event_name":"The Library","player_choice":"Read","floor":20.0,"gold_loss":0.0,"damage_taken":0.0,"cards_obtained":["Escape Plan"]},{"damage_healed":0.0,"max_hp_gain":0.0,"max_hp_loss":0.0,"gold_gain":0.0,"event_name":"Match and Keep!","player_choice":"1 cards matched","floor":21.0,"gold_loss":0.0,"damage_taken":0.0,"cards_obtained":["Tools of the Trade"]},{"damage_healed":0.0,"max_hp_gain":0.0,"max_hp_loss":0.0,"gold_gain":0.0,"event_name":"The Mausoleum","player_choice":"Ignored","floor":27.0,"gold_loss":0.0,"damage_taken":0.0},{"damage_healed":0.0,"max_hp_gain":0.0,"max_hp_loss":0.0,"gold_gain":0.0,"cards_transformed":["Slice","Corpse Explosion"],"event_name":"Drug Dealer","player_choice":"Became Test Subject","floor":28.0,"gold_loss":0.0,"damage_taken":0.0,"cards_obtained":["Setup","Terror"]},{"damage_healed":0.0,"max_hp_gain":0.0,"max_hp_loss":0.0,"gold_gain":0.0,"event_name":"Mysterious Sphere","player_choice":"Ignored","floor":37.0,"gold_loss":0.0,"damage_taken":0.0}],"is_beta":false,"boss_relics":[{"not_picked":["Coffee Dripper","Busted Crown"],"picked":"Astrolabe"},{"not_picked":["WristBlade","Ring of the Serpent"],"picked":"Eternal Feather"}],"items_purged_floors":[8,19,31,38],"is_endless":false,"potions_floor_spawned":[1,12,22,29,33,39,40],"killed_by":"Jaw Worm Horde","ascension_level":20}