{"gold_per_floor":[110,122,102,57,73,73,93,111,182,199,199,214,230,255,255,357,357,375,28,48,48,48,48,63,63,63,63,82,82,94,110,110,110],"floor_reached":33,"playtime":1860,"items_purged":[],"score":266,"play_id":"9dd8e7e9-a303-4df9-86b1-2cb0c3930c85","local_time":"20190506195257","is_ascension_mode":true,"campfire_choices":[{"floor":6.0,"key":"RECALL"},{"floor":11.0,"key":"REST"},{"floor":15.0,"key":"REST"},{"floor":23,"key":"REST"},{"floor":25,"key":"REST"},{"floor":29,"key":"REST"},{"floor":32,"key":"REST"}],"neow_cost":"NONE","seed_source_timestamp":0,"circlet_count":0,"master_deck":["Strike_B","Strike_B","Strike_B","Strike_B","Defend_B","Defend_B","Defend_B","Defend_B","Zap","Dualcast","Cold Snap","Ball Lightning","Conserve Battery","Loop","Leap","Chill","Lockon","Darkness","Storm","Thunder Strike","Reboot","Auto Shields","Go for the Eyes+1","Writhe","Gash","Writhe","Reinforced Body+1","Beam Cell+1","Defragment"],"special_seed":0,"relics":["Fusion Hammer","Bottled Tornado","Du-Vu Doll","Lizard Tail","Bag of Preparation","TheAbacus","Juzu Bracelet","MutagenicStrength","Toxic Egg 2"],"potions_floor_usage":[24,28,33,33,33],"damage_taken":[{"damage":0.0,"enemies":"Cultist","floor":1.0,"turns":3.0},{"damage":0.0,"enemies":"2 Louse","floor":2.0,"turns":3.0},{"damage":5.0,"enemies":"Small Slimes","floor":5.0,"turns":2.0},{"damage":7.0,"enemies":"3 Louse","floor":7.0,"turns":4.0},{"damage":3.0,"enemies":"Exordium Thugs","floor":8.0,"turns":4.0},{"damage":17.0,"enemies":"Gremlin Gang","floor":10.0,"turns":5.0},{"damage":2.0,"enemies":"3 Louse","floor":12.0,"turns":4.0},{"damage":5.0,"enemies":"Blue Slaver","floor":13.0,"turns":3.0},{"damage":9.0,"enemies":"Lagavulin","floor":14.0,"turns":4.0},{"damage":28.0,"enemies":"The Guardian","floor":16.0,"turns":12.0},{"damage":21.0,"enemies":"Chosen","floor":18.0,"turns":6.0},{"damage":27,"enemies":"Spheric Guardian","floor":20,"turns":6},{"damage":9,"enemies":"Snecko","floor":24,"turns":6},{"damage":27,"enemies":"3 Cultists","floor":28,"turns":7},{"damage":3,"enemies":"Centurion and Healer","floor":30,"turns":6},{"damage":44,"enemies":"Chosen and Byrds","floor":31,"turns":7},{"damage":94,"enemies":"Collector","floor":33,"turns":7}],"seed_played":"-2565667759942104025","potions_obtained":[{"floor":3.0,"key":"GamblersBrew"},{"floor":5.0,"key":"Energy Potion"},{"floor":8.0,"key":"AttackPotion"},{"floor":14.0,"key":"SneckoOil"},{"floor":18.0,"key":"SkillPotion"},{"floor":24,"key":"Dexterity Potion"},{"floor":30,"key":"Weak Potion"}],"is_trial":false,"path_per_floor":["M","M","?","$","M","R","M","M","T","M","R","M","M","E","R","B",null,"M","$","M","?","?","R","M","R","T","?","M","R","M","M","R","B"],"character_chosen":"DEFECT","items_purchased":["Conserve Battery","Bag of Preparation","TheAbacus"],"campfire_rested":6,"item_purchase_floors":[4,19,19],"current_hp_per_floor":[75,75,75,75,70,70,63,60,60,43,65,63,58,49,71,43,75,54,54,27,27,27,49,40,62,62,62,35,57,54,10,32,0],"gold":110,"neow_bonus":"BOSS_RELIC","is_prod":false,"is_daily":false,"chose_seed":false,"campfire_upgraded":0,"win_rate":0,"timestamp":1557186777,"path_taken":["M","?","?","$","M","R","M","?","T","M","R","?","M","E","R","BOSS","M","$","M","?","?","R","M","R","T","?","M","R","M","M","R","BOSS"],"build_version":"2019-01-23","purchased_purges":0,"victory":false,"max_hp_per_floor":[75,75,75,75,75,75,75,75,75,75,75,75,75,75,75,75,75,75,75,75,75,75,75,75,75,75,75,75,75,75,75,75,75],"card_choices":[{"not_picked":["Barrage","Leap"],"picked":"Cold Snap","floor":1.0},{"not_picked":["Redo","Hologram"],"picked":"Ball Lightning","floor":2.0},{"not_picked":["Go for the Eyes","Barrage"],"picked":"Loop","floor":5.0},{"not_picked":["Beam Cell","Cold Snap"],"picked":"Leap","floor":7.0},{"not_picked":["Reprogram","Stack"],"picked":"Chill","floor":8.0},{"not_picked":["Go for the Eyes","Redo"],"picked":"Lockon","floor":10.0},{"not_picked":["Barrage","Coolheaded"],"picked":"Darkness","floor":12.0},{"not_picked":["Rebound","Beam Cell"],"picked":"Storm","floor":13.0},{"not_picked":["Go for the Eyes","Steam Power"],"picked":"Thunder Strike","floor":14.0},{"not_picked":["Multi-Cast","Fission"],"picked":"Reboot","floor":16.0},{"not_picked":["White Noise","Doom and Gloom"],"picked":"Auto Shields","floor":18.0},{"not_picked":["Ball Lightning","Hologram+1"],"picked":"Go for the Eyes+1","floor":20},{"not_picked":["Streamline+1","Compile Driver+1"],"picked":"Gash","floor":24},{"not_picked":["Cold Snap","Go for the Eyes+1"],"picked":"Reinforced Body+1","floor":28},{"not_picked":["Compile Driver","Lockon"],"picked":"Beam Cell+1","floor":30},{"not_picked":["Reprogram+1","Tempest+1"],"picked":"Defragment","floor":31}],"player_experience":117383,"relics_obtained":[{"floor":9.0,"key":"Bottled Tornado"},{"floor":14.0,"key":"Du-Vu Doll"},{"floor":26,"key":"Toxic Egg 2"}],"event_choices":[{"damage_healed":0.0,"max_hp_gain":0.0,"max_hp_loss":0.0,"gold_gain":0.0,"event_name":"The Woman in Blue","player_choice":"Bought 1 Potion","floor":3.0,"gold_loss":0.0,"damage_taken":0.0},{"damage_healed":0,"gold_gain":0,"player_choice":"Opened","damage_taken":0,"relics_obtained":["Juzu Bracelet"],"max_hp_gain":0,"max_hp_loss":0,"event_name":"The Mausoleum","floor":21,"gold_loss":0,"cards_obtained":["Writhe"]},{"damage_healed":0,"gold_gain":0,"player_choice":"Inject Mutagens","damage_taken":0,"relics_obtained":["MutagenicStrength"],"max_hp_gain":0,"max_hp_loss":0,"event_name":"Drug Dealer","floor":22,"gold_loss":0},{"damage_healed":0,"gold_gain":0,"player_choice":"Copied","damage_taken":0,"max_hp_gain":0,"max_hp_loss":0,"event_name":"Duplicator","floor":27,"gold_loss":0,"cards_obtained":["Writhe"]}],"is_beta":false,"boss_relics":[{"not_picked":["Coffee Dripper","Philosopher\u0027s Stone"],"picked":"Lizard Tail"}],"items_purged_floors":[],"is_endless":false,"potions_floor_spawned":[5,8,14,18,24,30],"killed_by":"Collector","ascension_level":1}