{"gold_per_floor":[116,132,143,123,137,137,169,169,169,188,200,200,229,246,246,324,324,339,339,195,214,224,224,259,271,310,322,352,258,272,289,289,363,363,373,373,390,490,490,490,503,3,27,37,37,53,53,53,53,53],"floor_reached":50,"playtime":4740,"items_purged":[],"score":835,"play_id":"04ed0957-b720-4398-b99e-8d21e14fe8e1","local_time":"20190505163320","is_ascension_mode":true,"campfire_choices":[{"data":"Carnage","floor":6.0,"key":"SMITH"},{"data":"Shrug It Off","floor":8.0,"key":"SMITH"},{"data":"Limit Break","floor":15.0,"key":"SMITH"},{"floor":23.0,"key":"REST"},{"floor":27.0,"key":"REST"},{"floor":32.0,"key":"REST"},{"data":"Iron Wave","floor":40.0,"key":"SMITH"},{"floor":45.0,"key":"REST"},{"floor":47.0,"key":"REST"},{"floor":49.0,"key":"RECALL"}],"neow_cost":"NONE","seed_source_timestamp":19698707952500,"circlet_count":0,"master_deck":["AscendersBane","Strike_R","Strike_R","Strike_R","Defend_R","Defend_R","Defend_R","Bash","Limit Break+1","Dual Wield","Battle Trance","Twin Strike","Carnage+1","Shrug It Off+1","Headbutt","Inflame","Juggernaut","Inflame","Reaper","Offering+1","Feed+1","Anger+1","True Grit+1","Sword Boomerang","Sword Boomerang","Shrug It Off+1","Clothesline+1","Warcry","Flash of Steel","Iron Wave+1","Shrug It Off+1","Demon Form","Demon Form","Seeing Red+1","Madness","Madness","Whirlwind","True Grit"],"special_seed":0,"relics":["Burning Blood","Orichalcum","Dream Catcher","Question Card","Bottled Tornado","Astrolabe","Bronze Scales","MawBank","MutagenicStrength","Bag of Preparation","Busted Crown","Unceasing Top","Thread and Needle","Sling","Bag of Marbles"],"potions_floor_usage":[50],"damage_taken":[{"damage":6.0,"enemies":"Cultist","floor":1.0,"turns":4.0},{"damage":7.0,"enemies":"2 Louse","floor":2.0,"turns":4.0},{"damage":11.0,"enemies":"Small Slimes","floor":3.0,"turns":5.0},{"damage":1.0,"enemies":"Looter","floor":5.0,"turns":5.0},{"damage":15.0,"enemies":"3 Sentries","floor":7.0,"turns":5.0},{"damage":0.0,"enemies":"Exordium Wildlife","floor":10.0,"turns":3.0},{"damage":8.0,"enemies":"Red Slaver","floor":11.0,"turns":2.0},{"damage":25.0,"enemies":"Lagavulin","floor":13.0,"turns":5.0},{"damage":9.0,"enemies":"3 Louse","floor":14.0,"turns":3.0},{"damage":19.0,"enemies":"Hexaghost","floor":16.0,"turns":7.0},{"damage":11.0,"enemies":"Spheric Guardian","floor":18.0,"turns":4.0},{"damage":13.0,"enemies":"Chosen","floor":21.0,"turns":5.0},{"damage":50.0,"enemies":"Snecko","floor":22.0,"turns":6.0},{"damage":39.0,"enemies":"Gremlin Leader","floor":24.0,"turns":5.0},{"damage":33.0,"enemies":"Shelled Parasite and Fungi","floor":28.0,"turns":6.0},{"damage":17.0,"enemies":"Sentry and Sphere","floor":30.0,"turns":4.0},{"damage":17.0,"enemies":"Cultist and Chosen","floor":31.0,"turns":6.0},{"damage":70.0,"enemies":"Champ","floor":33.0,"turns":10.0},{"damage":26.0,"enemies":"3 Darklings","floor":35.0,"turns":7.0},{"damage":10.0,"enemies":"3 Shapes","floor":37.0,"turns":7.0},{"damage":27.0,"enemies":"Mind Bloom Boss Battle","floor":38.0,"turns":9.0},{"damage":61.0,"enemies":"Spire Growth","floor":41.0,"turns":6.0},{"damage":41.0,"enemies":"Writhing Mass","floor":44.0,"turns":5.0},{"damage":15.0,"enemies":"Sphere and 2 Shapes","floor":46.0,"turns":6.0},{"damage":74,"enemies":"Time Eater","floor":50,"turns":6}],"seed_played":"-5904736678601728410","potions_obtained":[{"floor":3.0,"key":"Explosive Potion"},{"floor":4.0,"key":"Block Potion"},{"floor":7.0,"key":"FairyPotion"},{"floor":11.0,"key":"FearPotion"},{"floor":16.0,"key":"SkillPotion"},{"floor":18.0,"key":"Energy Potion"},{"floor":24.0,"key":"GamblersBrew"},{"floor":30.0,"key":"Energy Potion"},{"floor":35.0,"key":"Block Potion"},{"floor":44.0,"key":"SpeedPotion"}],"is_trial":false,"path_per_floor":["M","M","M","?","M","R","E","R","T","M","M","T","E","M","R","B",null,"M","T","$","M","M","R","E","?","T","R","M","$","M","M","R","B",null,"M","?","M","?","?","R","M","$","T","M","R","M","R","?","R","B"],"character_chosen":"IRONCLAD","items_purchased":["Bronze Scales","Flash of Steel","Iron Wave","Thread and Needle","Sling"],"campfire_rested":5,"item_purchase_floors":[20,29,29,42,42],"current_hp_per_floor":[72,71,66,66,71,71,62,62,62,68,66,66,47,44,44,31,68,67,67,67,69,37,62,29,29,29,54,40,40,29,22,49,28,76,80,68,76,61,61,61,24,24,24,19,46,41,69,69,69,0],"gold":53,"neow_bonus":"ONE_RANDOM_RARE_CARD","is_prod":false,"is_daily":false,"chose_seed":false,"campfire_upgraded":4,"win_rate":0,"timestamp":1557066800,"path_taken":["M","?","M","?","?","R","E","R","T","M","M","?","E","M","R","BOSS","M","?","?","M","M","R","E","?","T","R","M","$","M","M","R","BOSS","M","?","M","?","?","R","M","$","T","?","R","M","R","?","R","BOSS"],"build_version":"2019-01-23","purchased_purges":0,"victory":false,"max_hp_per_floor":[80,80,80,80,80,80,80,80,80,80,80,80,80,80,80,80,80,84,84,84,84,84,84,84,84,84,84,88,88,88,92,92,92,92,92,92,92,92,92,92,92,92,92,92,92,96,96,96,96,96],"card_choices":[{"not_picked":["Perfected Strike","Burning Pact"],"picked":"Dual Wield","floor":1.0},{"not_picked":["Perfected Strike","Clothesline"],"picked":"Battle Trance","floor":2.0},{"not_picked":["Thunderclap","Sentinel"],"picked":"Twin Strike","floor":3.0},{"not_picked":["Havoc","Sword Boomerang"],"picked":"Carnage","floor":5.0},{"not_picked":["Body Slam","Thunderclap"],"picked":"Shrug It Off","floor":7.0},{"not_picked":["Evolve","Twin Strike"],"picked":"Headbutt","floor":10.0},{"not_picked":["Pommel Strike","Wild Strike"],"picked":"Inflame","floor":11.0},{"not_picked":["Body Slam","Bloodletting","Clash"],"picked":"Juggernaut","floor":13.0},{"not_picked":["Clash","Cleave","Feel No Pain"],"picked":"Inflame","floor":14.0},{"not_picked":["Demon Form","Exhume","Feed"],"picked":"Reaper","floor":16.0},{"not_picked":["Anger","Carnage","Corruption"],"picked":"True Grit+1","floor":18.0},{"not_picked":["Shrug It Off","Cleave","Anger"],"picked":"Sword Boomerang","floor":21.0},{"not_picked":["Hemokinesis","Bloodletting","Clash","Rage+1"],"picked":"SKIP","floor":22.0},{"not_picked":["Perfected Strike+1","Flex","Twin Strike"],"picked":"Sword Boomerang","floor":23.0},{"not_picked":["True Grit","Sentinel","Fire Breathing"],"picked":"Shrug It Off","floor":24.0},{"not_picked":["Carnage","Pommel Strike","Rage"],"picked":"Clothesline+1","floor":27.0},{"not_picked":["Corruption","Body Slam","Feed"],"picked":"Warcry","floor":28.0},{"not_picked":["Flex","Warcry","Clash"],"picked":"Shrug It Off+1","floor":30.0},{"not_picked":["Sword Boomerang","Reckless Charge","Thunderclap"],"picked":"Demon Form","floor":31.0},{"not_picked":["Dark Embrace","Juggernaut","Barricade"],"picked":"Demon Form","floor":33.0},{"not_picked":["Twin Strike+1"],"picked":"Seeing Red+1","floor":35.0},{"not_picked":["Clash","Perfected Strike"],"picked":"SKIP","floor":37.0},{"not_picked":["Flex","Twin Strike"],"picked":"SKIP","floor":41.0},{"not_picked":["Iron Wave+1"],"picked":"Whirlwind","floor":44.0},{"not_picked":["Clothesline"],"picked":"True Grit","floor":46.0}],"player_experience":737785,"relics_obtained":[{"floor":7.0,"key":"Orichalcum"},{"floor":9.0,"key":"Dream Catcher"},{"floor":12.0,"key":"Question Card"},{"floor":13.0,"key":"Bottled Tornado"},{"floor":24.0,"key":"MawBank"},{"floor":26.0,"key":"Bag of Preparation"},{"floor":38.0,"key":"Unceasing Top"},{"floor":43.0,"key":"Bag of Marbles"}],"event_choices":[{"damage_healed":0.0,"max_hp_gain":0.0,"max_hp_loss":0.0,"gold_gain":0.0,"event_name":"The Woman in Blue","player_choice":"Bought 1 Potion","floor":4.0,"gold_loss":0.0,"damage_taken":0.0},{"damage_healed":0.0,"max_hp_gain":0.0,"max_hp_loss":0.0,"gold_gain":0.0,"event_name":"Drug Dealer","player_choice":"Inject Mutagens","floor":25.0,"gold_loss":0.0,"damage_taken":0.0,"relics_obtained":["MutagenicStrength"]},{"damage_healed":0.0,"max_hp_gain":0.0,"max_hp_loss":0.0,"gold_gain":0.0,"event_name":"Winding Halls","player_choice":"Embrace Madness","floor":36.0,"gold_loss":0.0,"damage_taken":12.0,"cards_obtained":["Madness","Madness"]},{"damage_healed":0.0,"max_hp_gain":0.0,"max_hp_loss":0.0,"gold_gain":0.0,"event_name":"MindBloom","player_choice":"Fight","floor":38.0,"gold_loss":0.0,"damage_taken":0.0},{"damage_healed":0.0,"max_hp_gain":0.0,"max_hp_loss":0.0,"gold_gain":0.0,"event_name":"Accursed Blacksmith","player_choice":"Forge","floor":39.0,"gold_loss":0.0,"damage_taken":0.0,"cards_upgraded":["Shrug It Off"]},{"damage_healed":0.0,"max_hp_gain":0.0,"max_hp_loss":0.0,"gold_gain":0.0,"event_name":"FaceTrader","player_choice":"Leave","floor":48.0,"gold_loss":0.0,"damage_taken":0.0}],"is_beta":false,"boss_relics":[{"not_picked":["Ectoplasm","Velvet Choker"],"picked":"Astrolabe"},{"not_picked":["Coffee Dripper","Runic Cube"],"picked":"Busted Crown"}],"items_purged_floors":[],"is_endless":false,"potions_floor_spawned":[3,7,11,16,18,24,30,35,44],"killed_by":"Time Eater","ascension_level":13}