{"gold_per_floor":[117,131,56,70,70,105,105,138,138,138,138,138],"floor_reached":12,"playtime":268,"items_purged":[],"score":172,"play_id":"b3cc712c-d2dd-4234-ae58-7bb438d3690e","local_time":"20181222063432","is_ascension_mode":true,"campfire_choices":[{"floor":7,"key":"REST"},{"data":"Sunder","floor":11,"key":"SMITH"}],"neow_cost":"NONE","seed_source_timestamp":132681198776210,"circlet_count":0,"master_deck":["AscendersBane","Strike_B","Strike_B","Strike_B","Strike_B","Defend_B","Defend_B","Defend_B","Defend_B","Zap","Dualcast","Sunder+1","Beam Cell","Consume","Echo Form","Seek","Capacitor","Regret"],"relics":["Cracked Core","NeowsBlessing","Happy Flower","Dead Branch","Letter Opener","Ginger"],"potions_floor_usage":[6,8],"damage_taken":[{"damage":0,"enemies":"Cultist","floor":1,"turns":1},{"damage":0,"enemies":"Small Slimes","floor":2,"turns":1},{"damage":0,"enemies":"2 Louse","floor":4,"turns":1},{"damage":45,"enemies":"3 Sentries","floor":6,"turns":8},{"damage":8,"enemies":"Gremlin Nob","floor":8,"turns":3},{"damage":49,"enemies":"Lagavulin","floor":12,"turns":5}],"seed_played":"-6891959255046157044","potions_obtained":[{"floor":2,"key":"Regen Potion"},{"floor":6,"key":"Fire Potion"}],"is_trial":false,"path_per_floor":["M","M","$","M","$","E","R","E","T","?","R","E"],"character_chosen":"DEFECT","items_purchased":["Consume"],"campfire_rested":1,"item_purchase_floors":[3],"current_hp_per_floor":[64,64,64,64,64,34,55,47,47,47,47,0],"gold":138,"neow_bonus":"THREE_ENEMY_KILL","is_prod":false,"is_daily":false,"chose_seed":false,"campfire_upgraded":1,"win_rate":0,"timestamp":1545478472,"path_taken":["M","?","?","?","$","E","R","E","T","?","R","E"],"build_version":"2018-12-20","purchased_purges":0,"victory":false,"max_hp_per_floor":[71,71,71,71,71,71,71,71,71,71,71,71],"card_choices":[{"not_picked":["Leap","Turbo"],"picked":"Sunder","floor":1},{"not_picked":["Sweeping Beam","Compile Driver"],"picked":"Beam Cell","floor":2},{"not_picked":["Redo","Beam Cell"],"picked":"Echo Form","floor":4},{"not_picked":["Beam Cell","Steam Power"],"picked":"Seek","floor":6},{"not_picked":["Sweeping Beam","Stack"],"picked":"Capacitor","floor":8}],"player_experience":793607,"relics_obtained":[{"floor":6,"key":"Happy Flower"},{"floor":8,"key":"Dead Branch"},{"floor":9,"key":"Letter Opener"}],"event_choices":[{"damage_healed":0,"gold_gain":0,"player_choice":"Box","damage_taken":0,"relics_obtained":["Ginger"],"max_hp_gain":0,"max_hp_loss":0,"event_name":"Big Fish","floor":10,"gold_loss":0,"cards_obtained":["Regret"]}],"is_beta":false,"boss_relics":[],"items_purged_floors":[],"is_endless":false,"potions_floor_spawned":[2,6],"killed_by":"Lagavulin","ascension_level":20}