{"gold_per_floor":[118,133,152,165,184,184,215,230,283,283],"floor_reached":10,"playtime":792,"items_purged":[],"score":72,"play_id":"74545195-fb2b-4829-9666-d26eb4ac9fe0","local_time":"20190224184857","is_ascension_mode":false,"campfire_choices":[{"floor":6,"key":"REST"}],"neow_cost":"NONE","seed_source_timestamp":693235819373195,"circlet_count":0,"master_deck":["Strike_B","Strike_B","Strike_B","Strike_B","Defend_B","Defend_B","Defend_B","Defend_B","Zap","Dualcast","Gash","Reprogram","Leap","Aggregate","Gash","Darkness","White Noise"],"relics":["Black Star","Mummified Hand","Art of War","Vajra"],"potions_floor_usage":[7,7],"damage_taken":[{"damage":13,"enemies":"2 Louse","floor":1,"turns":3},{"damage":0,"enemies":"Small Slimes","floor":2,"turns":3},{"damage":10,"enemies":"Jaw Worm","floor":3,"turns":4},{"damage":7,"enemies":"Large Slime","floor":4,"turns":6},{"damage":19,"enemies":"Exordium Wildlife","floor":5,"turns":7},{"damage":26,"enemies":"3 Sentries","floor":7,"turns":7},{"damage":12,"enemies":"2 Fungi Beasts","floor":8,"turns":5},{"damage":13,"enemies":"Lagavulin","floor":10,"turns":5}],"seed_played":"-7811776989950366689","potions_obtained":[{"floor":2,"key":"Strength Potion"},{"floor":3,"key":"Ancient Potion"},{"floor":4,"key":"Strength Potion"}],"is_trial":false,"path_per_floor":["M","M","M","M","M","R","E","M","T","E"],"character_chosen":"DEFECT","items_purchased":[],"campfire_rested":1,"item_purchase_floors":[],"current_hp_per_floor":[62,62,52,45,26,48,22,10,10,0],"gold":283,"neow_bonus":"BOSS_RELIC","is_prod":false,"is_daily":false,"chose_seed":false,"campfire_upgraded":0,"win_rate":0.0,"timestamp":1551055737,"path_taken":["M","M","M","M","M","R","E","M","T","E"],"build_version":"2019-01-23","purchased_purges":0,"victory":false,"max_hp_per_floor":[75,75,75,75,75,75,75,75,75,75],"card_choices":[{"not_picked":["Ball Lightning","Chaos"],"picked":"Gash","floor":1},{"not_picked":["Compile Driver","Hologram"],"picked":"Reprogram","floor":2},{"not_picked":["Redo","Steam"],"picked":"Leap","floor":3},{"not_picked":["Barrage","Turbo"],"picked":"Aggregate","floor":4},{"not_picked":["Turbo","Stack"],"picked":"Gash","floor":5},{"not_picked":["Force Field","Steam Power"],"picked":"Darkness","floor":7},{"not_picked":["Barrage","Conserve Battery"],"picked":"White Noise","floor":8}],"player_experience":81265,"relics_obtained":[{"floor":7,"key":"Mummified Hand"},{"floor":7,"key":"Art of War"},{"floor":9,"key":"Vajra"}],"event_choices":[],"is_beta":false,"boss_relics":[],"items_purged_floors":[],"is_endless":false,"potions_floor_spawned":[2,3,4],"killed_by":"Lagavulin","ascension_level":0}