{"gold_per_floor":[110,35,35,35,35,54,54,86,157,171,171,96,116,149,149,226,226,240,220,240,254,45,45,45,45,99,99,99,99],"floor_reached":29,"playtime":697,"items_purged":["Strike_R"],"score":401,"play_id":"f65ce8fe-7296-4c8c-bd07-31858a7b1f06","local_time":"20190303221246","is_ascension_mode":true,"campfire_choices":[{"data":"Inflame","floor":7,"key":"SMITH"},{"data":"Burning Pact","floor":11,"key":"SMITH"},{"data":"Sword Boomerang","floor":15,"key":"SMITH"},{"data":"Inflame","floor":23,"key":"SMITH"},{"data":"Double Tap","floor":27,"key":"SMITH"}],"neow_cost":"PERCENT_DAMAGE","seed_source_timestamp":98387586554277,"circlet_count":0,"master_deck":["AscendersBane","Strike_R","Strike_R","Defend_R","Defend_R","Defend_R","Defend_R","Bash","Reaper","Inflame+1","Flex","Pommel Strike","Burning Pact+1","Sword Boomerang+1","Double Tap+1","Shrug It Off","Battle Trance","Inflame+1","Evolve"],"relics":["Black Blood","Oddly Smooth Stone","Juzu Bracelet","Meat on the Bone","Dream Catcher","Medical Kit"],"potions_floor_usage":[16,21,29],"damage_taken":[{"damage":18,"enemies":"Small Slimes","floor":1,"turns":4},{"damage":2,"enemies":"2 Louse","floor":6,"turns":3},{"damage":48,"enemies":"3 Sentries","floor":8,"turns":12},{"damage":17,"enemies":"Jaw Worm","floor":10,"turns":4},{"damage":26,"enemies":"Exordium Thugs","floor":13,"turns":5},{"damage":34,"enemies":"Gremlin Nob","floor":14,"turns":4},{"damage":11,"enemies":"The Guardian","floor":16,"turns":8},{"damage":46,"enemies":"3 Byrds","floor":18,"turns":7},{"damage":43,"enemies":"Chosen","floor":20,"turns":5},{"damage":46,"enemies":"Snecko","floor":21,"turns":6},{"damage":32,"enemies":"Book of Stabbing","floor":29,"turns":4}],"seed_played":"-5346259576529714631","potions_obtained":[{"floor":8,"key":"FairyPotion"},{"floor":10,"key":"Strength Potion"},{"floor":19,"key":"Fire Potion"},{"floor":21,"key":"BloodPotion"}],"is_trial":false,"path_per_floor":["M","?","?","?","?","M","R","E","T","M","R","$","M","E","R","B",null,"M","?","M","M","$","R","?","?","T","R","?","E"],"character_chosen":"IRONCLAD","items_purchased":["Medical Kit"],"campfire_rested":0,"item_purchase_floors":[22],"current_hp_per_floor":[44,44,44,39,64,75,75,47,47,54,54,54,46,30,30,37,66,53,53,37,29,29,29,29,29,29,29,29,4],"gold":99,"neow_bonus":"THREE_RARE_CARDS","is_prod":false,"is_daily":false,"chose_seed":false,"campfire_upgraded":5,"win_rate":0,"timestamp":1551622366,"path_taken":["M","?","?","?","?","M","R","E","T","M","R","$","M","E","R","BOSS","M","?","M","M","?","R","?","?","T","R","?","E"],"build_version":"2019-01-23","purchased_purges":1,"victory":false,"max_hp_per_floor":[75,75,75,75,75,75,75,75,75,75,75,75,75,75,75,75,75,75,75,75,75,75,75,75,75,75,75,75,75],"card_choices":[{"not_picked":["Fiend Fire","Demon Form"],"picked":"Reaper","floor":0},{"not_picked":["Havoc","Sentinel"],"picked":"Inflame","floor":1},{"not_picked":["Seeing Red","Entrench"],"picked":"Flex","floor":6},{"not_picked":["Headbutt","Reckless Charge"],"picked":"Pommel Strike","floor":8},{"not_picked":["Entrench","Disarm"],"picked":"Burning Pact","floor":10},{"not_picked":["Dual Wield","Thunderclap"],"picked":"Sword Boomerang","floor":13},{"not_picked":["Dropkick","Ghostly Armor","Combust"],"picked":"SKIP","floor":14},{"not_picked":["Dark Embrace","Exhume"],"picked":"Double Tap","floor":16},{"not_picked":["Fire Breathing+1","Wild Strike+1"],"picked":"Shrug It Off","floor":18},{"not_picked":["Clash+1","Corruption"],"picked":"Battle Trance","floor":20},{"not_picked":["Sword Boomerang","Anger"],"picked":"Inflame","floor":21}],"player_experience":1092385,"relics_obtained":[{"floor":8,"key":"Juzu Bracelet"},{"floor":9,"key":"Meat on the Bone"},{"floor":14,"key":"Dream Catcher"}],"event_choices":[{"cards_removed":["Strike_R"],"damage_healed":0,"gold_gain":0,"player_choice":"Card Removal","damage_taken":0,"max_hp_gain":0,"max_hp_loss":0,"event_name":"The Cleric","floor":2,"gold_loss":75},{"cards_removed":["Strike_R"],"damage_healed":0,"gold_gain":0,"player_choice":"Forget","damage_taken":0,"max_hp_gain":0,"max_hp_loss":0,"event_name":"Living Wall","floor":3,"gold_loss":0},{"damage_healed":0,"gold_gain":0,"player_choice":"Success","damage_taken":5,"relics_obtained":["Oddly Smooth Stone"],"max_hp_gain":0,"max_hp_loss":0,"event_name":"Scrap Ooze","floor":4,"gold_loss":0},{"damage_healed":25,"gold_gain":0,"player_choice":"Banana","damage_taken":0,"max_hp_gain":0,"max_hp_loss":0,"event_name":"Big Fish","floor":5,"gold_loss":0},{"damage_healed":0,"gold_gain":0,"player_choice":"Bought 1 Potion","damage_taken":0,"max_hp_gain":0,"max_hp_loss":0,"event_name":"The Woman in Blue","floor":19,"gold_loss":0},{"damage_healed":0,"gold_gain":0,"player_choice":"Read","damage_taken":0,"max_hp_gain":0,"max_hp_loss":0,"event_name":"The Library","floor":24,"gold_loss":0,"cards_obtained":["Evolve"]},{"damage_healed":0,"gold_gain":0,"player_choice":"Ignored","damage_taken":0,"max_hp_gain":0,"max_hp_loss":0,"event_name":"Beggar","floor":25,"gold_loss":0},{"damage_healed":0,"gold_gain":0,"player_choice":"Ignored","damage_taken":0,"max_hp_gain":0,"max_hp_loss":0,"event_name":"Vampires","floor":28,"gold_loss":0}],"is_beta":false,"boss_relics":[{"not_picked":["Ectoplasm","Eternal Feather"],"picked":"Black Blood"}],"items_purged_floors":[12],"is_endless":false,"potions_floor_spawned":[8,10,13,14,21],"killed_by":"Book of Stabbing","ascension_level":15}