{"gold_per_floor":[117,117,292,303,318,351,351,351,351,351,363,363,398,414,414,510,510,528,181,181,36,60,60,86,86,86,114,132,151,251,350,350,446,446,466,466,466,33,48,82,82,113,136,190,202,216,216,231,231,231],"floor_reached":50,"playtime":3619,"items_purged":[],"score":849,"play_id":"1b6c1b8b-b29a-4fea-9a78-2338af26005d","local_time":"20190401220934","is_ascension_mode":true,"campfire_choices":[{"floor":7,"key":"REST"},{"data":"1","floor":10,"key":"LIFT"},{"data":"2","floor":12,"key":"LIFT"},{"floor":15,"key":"REST"},{"data":"3","floor":23,"key":"LIFT"},{"floor":32,"key":"REST"},{"data":"A Thousand Cuts","floor":41,"key":"SMITH"},{"floor":49,"key":"RECALL"}],"neow_cost":"NONE","seed_source_timestamp":1686790579280472,"circlet_count":0,"master_deck":["Defend_G","Defend_G","Defend_G","Defend_G","Defend_G","Strike_G+1","Strike_G","Strike_G","Strike_G","Strike_G","Survivor","Neutralize","Deep Breath","Backstab","Masterful Stab","Sucker Punch+1","Corpse Explosion","Cloak And Dagger","Dodge and Roll+1","A Thousand Cuts+1","Backflip+1","After Image","Bandage Up","Bullet Time+1","Flying Knee+1","Setup+1","Infinite Blades","Unload+1","Outmaneuver","Madness","Madness","Underhanded Strike+1","Underhanded Strike+1","Quick Slash+1","Backstab+1","Backflip","Backstab+1","Endless Agony+1","Caltrops+1"],"relics":["Ring of the Serpent","Bag of Marbles","Whetstone","Nunchaku","Girya","Dodecahedron","MealTicket","Strawberry","PreservedInsect","Regal Pillow","Bag of Preparation","Gambling Chip","Tough Bandages","Molten Egg 2","Cursed Key","Mummified Hand","Art of War","Blood Vial","War Paint","Dream Catcher","Calipers"],"potions_floor_usage":[4,16,16,16,29,30,33,39,39,39,39,50],"damage_taken":[{"damage":6,"enemies":"Cultist","floor":1,"turns":4},{"damage":4,"enemies":"Jaw Worm","floor":4,"turns":5},{"damage":0,"enemies":"2 Louse","floor":5,"turns":1},{"damage":37,"enemies":"Gremlin Nob","floor":6,"turns":5},{"damage":0,"enemies":"Red Slaver","floor":11,"turns":1},{"damage":0,"enemies":"3 Sentries","floor":13,"turns":2},{"damage":0,"enemies":"Exordium Thugs","floor":14,"turns":3},{"damage":32,"enemies":"The Guardian","floor":16,"turns":17},{"damage":25,"enemies":"2 Thieves","floor":18,"turns":3},{"damage":25,"enemies":"Gremlin Leader","floor":24,"turns":6},{"damage":7,"enemies":"Book of Stabbing","floor":27,"turns":5},{"damage":0,"enemies":"Chosen","floor":28,"turns":2},{"damage":0,"enemies":"Sentry and Sphere","floor":29,"turns":2},{"damage":19,"enemies":"Colosseum Slavers","floor":30,"turns":3},{"damage":0,"enemies":"Colosseum Nobs","floor":30,"turns":1},{"damage":22,"enemies":"Champ","floor":33,"turns":12},{"damage":0,"enemies":"3 Shapes","floor":35,"turns":1},{"damage":0,"enemies":"3 Darklings","floor":39,"turns":3},{"damage":6,"enemies":"Giant Head","floor":40,"turns":6},{"damage":36,"enemies":"Nemesis","floor":42,"turns":5},{"damage":0,"enemies":"2 Orb Walkers","floor":44,"turns":3},{"damage":0,"enemies":"4 Shapes","floor":45,"turns":1},{"damage":0,"enemies":"Sphere and 2 Shapes","floor":46,"turns":3},{"damage":0,"enemies":"3 Darklings","floor":48,"turns":2},{"damage":68,"enemies":"Donu and Deca","floor":50,"turns":4}],"seed_played":"-1651502494497198129","potions_obtained":[{"floor":1,"key":"SkillPotion"},{"floor":11,"key":"Weak Potion"},{"floor":13,"key":"SpeedPotion"},{"floor":14,"key":"FearPotion"},{"floor":27,"key":"Fire Potion"},{"floor":29,"key":"Strength Potion"},{"floor":30,"key":"Block Potion"},{"floor":33,"key":"EntropicBrew"},{"floor":42,"key":"LiquidBronze"},{"floor":44,"key":"AttackPotion"},{"floor":48,"key":"GamblersBrew"}],"is_trial":false,"path_per_floor":["M","T","?","M","M","E","R","?","T","R","M","R","E","M","R","B",null,"M","$","?","$","T","R","E","?","T","E","M","M","?","?","R","B",null,"M","?","?","$","M","E","R","E","T","?","M","M","?","M","R","B"],"character_chosen":"THE_SILENT","items_purchased":["MealTicket","After Image","Bandage Up","Strawberry","Mummified Hand","Underhanded Strike+1","Art of War"],"campfire_rested":3,"item_purchase_floors":[19,19,19,21,38,38,38],"current_hp_per_floor":[57,57,57,53,53,16,37,37,37,37,37,37,37,37,58,26,59,34,34,34,56,56,56,35,35,35,32,32,36,21,21,59,41,68,68,58,58,73,77,75,75,45,45,47,53,59,59,61,61,0],"gold":231,"neow_bonus":"RANDOM_COLORLESS","is_prod":false,"is_daily":false,"chose_seed":false,"campfire_upgraded":1,"win_rate":0,"timestamp":1554181774,"path_taken":["M","?","?","M","M","E","R","?","T","R","?","R","E","M","R","BOSS","M","$","?","$","?","R","E","?","T","E","M","?","?","?","R","BOSS","M","?","?","$","M","E","R","E","T","?","M","M","?","M","R","BOSS"],"build_version":"2019-01-23","purchased_purges":0,"victory":false,"max_hp_per_floor":[70,70,70,70,70,70,70,70,70,70,70,70,70,70,70,70,70,70,70,70,77,77,77,77,77,77,77,77,77,77,77,77,77,77,77,77,77,77,77,77,77,77,77,77,77,77,77,77,77,77],"card_choices":[{"not_picked":["Slice","Outmaneuver"],"picked":"Noxious Fumes","floor":1},{"not_picked":["Flying Knee","Cloak And Dagger"],"picked":"Backstab","floor":4},{"not_picked":["Sucker Punch","PiercingWail"],"picked":"Masterful Stab","floor":5},{"not_picked":["Cloak And Dagger","Noxious Fumes"],"picked":"Sucker Punch","floor":6},{"not_picked":["Backflip","Acrobatics"],"picked":"Corpse Explosion","floor":11},{"not_picked":["Deadly Poison","PiercingWail"],"picked":"Cloak And Dagger","floor":13},{"not_picked":["Sucker Punch","Outmaneuver"],"picked":"Dodge and Roll","floor":14},{"not_picked":["Glass Knife","Phantasmal Killer"],"picked":"A Thousand Cuts","floor":16},{"not_picked":["Dash","Sucker Punch"],"picked":"Backflip+1","floor":18},{"not_picked":["Choke","Heel Hook"],"picked":"Bullet Time","floor":24},{"not_picked":["Bane+1","Deflect+1"],"picked":"Flying Knee+1","floor":27},{"not_picked":["Blade Dance","Backflip"],"picked":"Setup+1","floor":28},{"not_picked":["Deadly Poison","Distraction"],"picked":"Infinite Blades","floor":29},{"not_picked":["Well Laid Plans","Infinite Blades"],"picked":"Poisoned Stab+1","floor":30},{"not_picked":["Adrenaline","Die Die Die+1"],"picked":"Unload+1","floor":33},{"not_picked":["Bane+1","Sucker Punch+1"],"picked":"Outmaneuver","floor":35},{"not_picked":["Outmaneuver","Quick Slash+1"],"picked":"Underhanded Strike+1","floor":39},{"not_picked":["Poisoned Stab+1","Sucker Punch+1"],"picked":"Quick Slash+1","floor":40},{"not_picked":["All Out Attack+1","Grand Finale+1"],"picked":"Backstab+1","floor":42},{"not_picked":["Blade Dance","Quick Slash+1"],"picked":"Backflip","floor":44},{"not_picked":["Masterful Stab+1","Setup"],"picked":"Backstab+1","floor":45},{"not_picked":["Prepared+1","Dodge and Roll"],"picked":"Endless Agony+1","floor":46},{"not_picked":["Flying Knee+1","Outmaneuver+1"],"picked":"Caltrops+1","floor":48}],"player_experience":440156,"relics_obtained":[{"floor":2,"key":"Bag of Marbles"},{"floor":6,"key":"Whetstone"},{"floor":9,"key":"Girya"},{"floor":13,"key":"Dodecahedron"},{"floor":22,"key":"PreservedInsect"},{"floor":24,"key":"Regal Pillow"},{"floor":27,"key":"Gambling Chip"},{"floor":30,"key":"Tough Bandages"},{"floor":30,"key":"Molten Egg 2"},{"floor":40,"key":"Blood Vial"},{"floor":42,"key":"War Paint"},{"floor":43,"key":"Dream Catcher"},{"floor":44,"key":"Calipers"}],"event_choices":[{"damage_healed":0,"gold_gain":175,"player_choice":"AGREE","damage_taken":0,"max_hp_gain":0,"max_hp_loss":0,"event_name":"Liars Game","floor":3,"gold_loss":0,"cards_obtained":["Doubt"]},{"cards_removed":["Noxious Fumes"],"damage_healed":0,"gold_gain":0,"player_choice":"Gave Card","damage_taken":0,"relics_obtained":["Nunchaku"],"max_hp_gain":0,"max_hp_loss":0,"event_name":"WeMeetAgain","floor":8,"gold_loss":0},{"cards_removed":["Doubt"],"damage_healed":0,"gold_gain":0,"player_choice":"Purged","damage_taken":0,"max_hp_gain":0,"max_hp_loss":0,"event_name":"Purifier","floor":20,"gold_loss":0},{"damage_healed":0,"gold_gain":0,"player_choice":"Opened","damage_taken":0,"relics_obtained":["Bag of Preparation"],"max_hp_gain":0,"max_hp_loss":0,"event_name":"The Mausoleum","floor":25,"gold_loss":0},{"damage_healed":0,"gold_gain":0,"player_choice":"Fight","damage_taken":0,"max_hp_gain":0,"max_hp_loss":0,"event_name":"Colosseum","floor":30,"gold_loss":0},{"damage_healed":0,"gold_gain":0,"player_choice":"Fought Nobs","damage_taken":0,"max_hp_gain":0,"max_hp_loss":0,"event_name":"Colosseum","floor":30,"gold_loss":0},{"damage_healed":0,"gold_gain":99,"player_choice":"Stole From Cult","damage_taken":0,"max_hp_gain":0,"max_hp_loss":0,"event_name":"Nest","floor":31,"gold_loss":0},{"damage_healed":0,"gold_gain":0,"player_choice":"Embrace Madness","damage_taken":10,"max_hp_gain":0,"max_hp_loss":0,"event_name":"Winding Halls","floor":36,"gold_loss":0,"cards_obtained":["Madness","Madness"]},{"cards_removed":["Poisoned Stab"],"damage_healed":0,"gold_gain":0,"player_choice":"Removed Attack","damage_taken":0,"max_hp_gain":0,"max_hp_loss":0,"event_name":"Falling","floor":37,"gold_loss":0},{"damage_healed":0,"gold_gain":0,"player_choice":"Fight","damage_taken":0,"max_hp_gain":0,"max_hp_loss":0,"event_name":"Mysterious Sphere","floor":44,"gold_loss":0},{"cards_removed":["Regret"],"damage_healed":0,"gold_gain":0,"player_choice":"Removed Curses","damage_taken":0,"max_hp_gain":0,"max_hp_loss":0,"event_name":"Fountain of Cleansing","floor":47,"gold_loss":0}],"is_beta":false,"boss_relics":[{"not_picked":["HoveringKite","Fusion Hammer"],"picked":"Ring of the Serpent"},{"not_picked":["Calling Bell","Empty Cage"],"picked":"Cursed Key"}],"items_purged_floors":[],"is_endless":false,"potions_floor_spawned":[1,11,13,14,27,29,30,33,42,44,48],"killed_by":"Donu and Deca","ascension_level":8}