{"gold_per_floor":[115,115,115,115,134,134,153,182,182,194,206,110,141,153,153,153],"floor_reached":16,"playtime":3473,"items_purged":[],"score":118,"play_id":"b8aa4a7f-16c5-417e-94e2-d15b6074ef51","local_time":"20180924204040","is_ascension_mode":true,"campfire_choices":[{"floor":6,"key":"REST"},{"floor":15,"key":"REST"}],"neow_cost":"NONE","seed_source_timestamp":608175280128139,"circlet_count":0,"master_deck":["Strike_R+1","Strike_R","Strike_R+1","Strike_R","Defend_R","Defend_R","Defend_R","Defend_R","Bash","Rage","Armaments","Shrug It Off","Havoc","Discovery","Impervious"],"relics":["Burning Blood","Whetstone","Gambling Chip","Charon\u0027s Ashes","Ornamental Fan","Bag of Marbles"],"potions_floor_usage":[8,16],"damage_taken":[{"damage":1,"enemies":"Cultist","floor":1,"turns":3},{"damage":4,"enemies":"Small Slimes","floor":5,"turns":5},{"damage":7,"enemies":"2 Louse","floor":7,"turns":2},{"damage":13,"enemies":"Gremlin Nob","floor":8,"turns":4},{"damage":1,"enemies":"Exordium Wildlife","floor":10,"turns":5},{"damage":7,"enemies":"2 Fungi Beasts","floor":11,"turns":3},{"damage":36,"enemies":"Lagavulin","floor":13,"turns":7},{"damage":4,"enemies":"Blue Slaver","floor":14,"turns":2},{"damage":76,"enemies":"Slime Boss","floor":16,"turns":14}],"seed_played":"4815214130664479290","potions_obtained":[{"floor":1,"key":"Block Potion"},{"floor":10,"key":"LiquidBronze"}],"is_trial":false,"path_per_floor":["M","?","?","?","M","R","M","E","T","M","M","$","E","M","R"],"character_chosen":"IRONCLAD","items_purchased":["Discovery"],"campfire_rested":2,"item_purchase_floors":[12],"current_hp_per_floor":[80,73,61,61,63,80,79,72,72,77,76,76,46,48,72,0],"gold":153,"neow_bonus":"RANDOM_COMMON_RELIC","is_prod":false,"is_daily":false,"chose_seed":false,"campfire_upgraded":0,"win_rate":0,"timestamp":1537814440,"path_taken":["M","?","?","?","M","R","M","E","T","?","M","$","E","M","R","BOSS"],"build_version":"2018-09-20","purchased_purges":0,"victory":false,"max_hp_per_floor":[80,80,80,80,80,80,80,80,80,80,80,80,80,80,80,80],"card_choices":[{"not_picked":["Body Slam","Flex"],"picked":"Rage","floor":1},{"not_picked":["Clash","Flex","Shockwave"],"picked":"SKIP","floor":5},{"not_picked":["Perfected Strike","Carnage","Demon Form"],"picked":"SKIP","floor":7},{"not_picked":["Wild Strike","Sentinel"],"picked":"Armaments","floor":8},{"not_picked":["Cleave","Pommel Strike"],"picked":"Shrug It Off","floor":10},{"not_picked":["Heavy Blade","Twin Strike"],"picked":"Havoc","floor":11},{"not_picked":["Pommel Strike","Rage"],"picked":"Impervious","floor":13},{"not_picked":["Sword Boomerang","Flex","Disarm"],"picked":"SKIP","floor":14}],"player_experience":165432,"relics_obtained":[{"floor":8,"key":"Charon\u0027s Ashes"},{"floor":9,"key":"Ornamental Fan"},{"floor":13,"key":"Bag of Marbles"}],"event_choices":[{"event_name":"Golden Wing","player_choice":"Card Removal","floor":2,"damage_taken":0},{"event_name":"Scrap Ooze","player_choice":"success","floor":3,"damage_taken":12},{"event_name":"The Cleric","player_choice":"Leave","floor":4,"damage_taken":0}],"is_beta":false,"boss_relics":[],"items_purged_floors":[],"is_endless":false,"potions_floor_spawned":[1,10],"killed_by":"Slime Boss","ascension_level":1}