{"gold_per_floor":[118,118,118,118,132,132,132,132,132,132,176,196,196,196,196,316,379,392,200,200,219,244,244,244],"floor_reached":24,"playtime":460,"items_purged":[],"score":217,"play_id":"643c2fc9-f272-4616-865a-c5f038826aa7","local_time":"20190226153911","is_ascension_mode":false,"campfire_choices":[{"data":"Go for the Eyes","floor":6,"key":"SMITH"},{"data":"Redo","floor":8,"key":"SMITH"},{"data":"Zap","floor":10,"key":"SMITH"},{"data":"Beam Cell","floor":13,"key":"SMITH"},{"data":"Barrage","floor":15,"key":"SMITH"},{"data":"Hologram","floor":23,"key":"SMITH"}],"neow_cost":"NONE","seed_source_timestamp":68350033498281,"circlet_count":0,"master_deck":["Strike_B","Strike_B","Strike_B","Strike_B","Defend_B+1","Defend_B","Defend_B","Defend_B","Zap+1","Dualcast","Redo+1","Go for the Eyes+1","Barrage+1","Beam Cell+1","Beam Cell","Turbo+1","Barrage+1","Zap+1","Hologram+1"],"relics":["Cracked Core","NeowsBlessing","Golden Idol","Sundial","Centennial Puzzle","Dead Branch","Tiny House","DollysMirror"],"potions_floor_usage":[16,18,21,22],"damage_taken":[{"damage":0,"enemies":"2 Louse","floor":1,"turns":1},{"damage":0,"enemies":"Small Slimes","floor":5,"turns":1},{"damage":0,"enemies":"3 Sentries","floor":11,"turns":1},{"damage":1,"enemies":"Jaw Worm","floor":12,"turns":3},{"damage":28,"enemies":"Slime Boss","floor":16,"turns":10},{"damage":8,"enemies":"3 Byrds","floor":18,"turns":4},{"damage":10,"enemies":"Shell Parasite","floor":21,"turns":3},{"damage":40,"enemies":"Snake Plant","floor":22,"turns":4},{"damage":16,"enemies":"Cultist and Chosen","floor":24,"turns":5}],"seed_played":"6857428128700244094","potions_obtained":[{"floor":1,"key":"Poison Potion"},{"floor":11,"key":"Swift Potion"},{"floor":16,"key":"Ancient Potion"},{"floor":17,"key":"AttackPotion"},{"floor":21,"key":"Swift Potion"},{"floor":22,"key":"FairyPotion"}],"is_trial":false,"path_per_floor":["M","?","?","?","M","R","?","R","T","R","E","M","R","T","R","B",null,"M","$","?","M","M","R","M"],"character_chosen":"DEFECT","items_purchased":["DollysMirror"],"campfire_rested":0,"item_purchase_floors":[19],"current_hp_per_floor":[75,75,75,68,68,68,68,68,68,68,68,67,67,67,67,39,80,72,72,72,62,22,22,6],"gold":244,"neow_bonus":"THREE_ENEMY_KILL","is_prod":false,"is_daily":false,"chose_seed":false,"campfire_upgraded":6,"win_rate":0,"timestamp":1551213551,"path_taken":["M","?","?","?","M","R","?","R","T","R","E","?","R","?","R","BOSS","M","$","?","?","M","R","M"],"build_version":"2019-01-23","purchased_purges":0,"victory":false,"max_hp_per_floor":[75,75,75,75,75,75,75,75,75,75,75,75,75,75,75,75,80,80,80,80,80,80,80,80],"card_choices":[{"not_picked":["Double Energy","Streamline"],"picked":"Redo","floor":1},{"not_picked":["Leap","Coolheaded"],"picked":"Go for the Eyes","floor":5},{"not_picked":["Rip and Tear","Scrape"],"picked":"Barrage","floor":11},{"not_picked":["Force Field","Sunder"],"picked":"Beam Cell","floor":12},{"not_picked":["Steam","Sweeping Beam"],"picked":"Beam Cell","floor":17},{"not_picked":["Storm+1","Sweeping Beam"],"picked":"Turbo+1","floor":18},{"not_picked":["Force Field+1","Recycle+1"],"picked":"Hologram","floor":21},{"not_picked":["Rip and Tear+1","Beam Cell","Leap"],"picked":"SKIP","floor":22}],"player_experience":842764,"relics_obtained":[{"floor":9,"key":"Sundial"},{"floor":11,"key":"Centennial Puzzle"},{"floor":14,"key":"Dead Branch"}],"event_choices":[{"damage_healed":0,"gold_gain":0,"player_choice":"Take Wound","damage_taken":0,"relics_obtained":["Golden Idol"],"max_hp_gain":0,"max_hp_loss":0,"event_name":"Golden Idol","floor":2,"gold_loss":0,"cards_obtained":["Injury"]},{"damage_healed":0,"gold_gain":0,"player_choice":"Fled","damage_taken":0,"max_hp_gain":0,"max_hp_loss":0,"event_name":"Scrap Ooze","floor":3,"gold_loss":0},{"cards_removed":["Injury"],"damage_healed":0,"gold_gain":0,"player_choice":"Card Removal","damage_taken":7,"max_hp_gain":0,"max_hp_loss":0,"event_name":"Golden Wing","floor":4,"gold_loss":0},{"damage_healed":0,"gold_gain":0,"player_choice":"Leave","damage_taken":0,"max_hp_gain":0,"max_hp_loss":0,"event_name":"The Cleric","floor":7,"gold_loss":0},{"damage_healed":0,"gold_gain":0,"player_choice":"Copied","damage_taken":0,"max_hp_gain":0,"max_hp_loss":0,"event_name":"Duplicator","floor":20,"gold_loss":0,"cards_obtained":["Zap"]}],"is_beta":false,"boss_relics":[{"not_picked":["White Beast Statue","Busted Crown"],"picked":"Tiny House"}],"items_purged_floors":[],"is_endless":false,"potions_floor_spawned":[1,11,16,21,22],"killed_by":"Cultist and Chosen","ascension_level":0}