{"gold_per_floor":[143,159,173,173,138,138,156,156,156,64,64,92,102,135,135,232,232,249,266,266,285,170,203,203,216,266,266,277,290,290],"floor_reached":30,"playtime":2593,"items_purged":["Strike_B"],"score":265,"play_id":"3b40df68-7e58-4955-a31c-80b7a3d09a6c","local_time":"20181228111337","is_ascension_mode":true,"campfire_choices":[{"floor":6.0,"key":"RECALL"},{"data":"Beam Cell","floor":8.0,"key":"SMITH"},{"floor":15.0,"key":"REST"},{"floor":27.0,"key":"REST"}],"neow_cost":"NONE","seed_source_timestamp":0,"circlet_count":0,"master_deck":["Strike_B","Strike_B","Strike_B","Defend_B","Defend_B","Defend_B+1","Defend_B","Zap","Dualcast+1","Gash","Stack","Conserve Battery","Beam Cell+1","Beam Cell","FTL","Sweeping Beam","Gash","Rebound","Gash","FTL","Auto Shields","Hologram","Auto Shields","Hologram","Streamline+1","Reinforced Body+1","Genetic Algorithm"],"special_seed":0,"relics":["Cracked Core","Tiny Chest","Question Card","Potion Belt","Odd Mushroom","Vajra","Eternal Feather","Dodecahedron"],"potions_floor_usage":[30,30],"damage_taken":[{"damage":1.0,"enemies":"Cultist","floor":1.0,"turns":3.0},{"damage":2.0,"enemies":"Jaw Worm","floor":2.0,"turns":4.0},{"damage":0.0,"enemies":"Small Slimes","floor":3.0,"turns":3.0},{"damage":0.0,"enemies":"2 Fungi Beasts","floor":7.0,"turns":3.0},{"damage":9.0,"enemies":"The Mushroom Lair","floor":12.0,"turns":4.0},{"damage":0.0,"enemies":"Exordium Wildlife","floor":13.0,"turns":3.0},{"damage":29.0,"enemies":"Gremlin Nob","floor":14.0,"turns":4.0},{"damage":31.0,"enemies":"The Guardian","floor":16.0,"turns":11.0},{"damage":14.0,"enemies":"Spheric Guardian","floor":18.0,"turns":4.0},{"damage":2.0,"enemies":"Chosen","floor":19.0,"turns":3.0},{"damage":12.0,"enemies":"Centurion and Healer","floor":21.0,"turns":4.0},{"damage":23.0,"enemies":"Slavers","floor":23.0,"turns":7.0},{"damage":14.0,"enemies":"Colosseum Slavers","floor":24.0,"turns":3.0},{"damage":5.0,"enemies":"Shelled Parasite and Fungi","floor":25.0,"turns":5.0},{"damage":21.0,"enemies":"Snecko","floor":28.0,"turns":5.0},{"damage":21,"enemies":"Chosen and Byrds","floor":29,"turns":7},{"damage":19,"enemies":"3 Cultists","floor":30,"turns":4}],"seed_played":"-8722687314503542710","potions_obtained":[{"floor":7.0,"key":"Regen Potion"},{"floor":12.0,"key":"FocusPotion"},{"floor":13.0,"key":"LiquidBronze"},{"floor":16.0,"key":"FocusPotion"},{"floor":23.0,"key":"Block Potion"},{"floor":25.0,"key":"FocusPotion"},{"floor":28,"key":"Ancient Potion"}],"is_trial":false,"path_per_floor":["M","M","M","?","?","R","M","R","T","$","?","?","M","E","R","B",null,"M","M","?","M","$","E","?","M","T","R","M","M","M","M"],"character_chosen":"DEFECT","items_purchased":["Beam Cell","FTL","Auto Shields"],"campfire_rested":2,"item_purchase_floors":[10,10,22],"current_hp_per_floor":[74,72,72,57,75,75,75,75,75,75,68,59,59,30,52,21,75,61,59,59,47,47,39,25,20,20,57,36,15,0],"gold":290,"neow_bonus":"RANDOM_COMMON_RELIC","is_prod":false,"is_daily":false,"chose_seed":false,"campfire_upgraded":1,"win_rate":0,"timestamp":1546013617,"path_taken":["M","?","M","?","?","R","M","R","T","$","?","?","M","E","R","BOSS","M","M","?","M","$","E","?","M","T","R","M","M","M"],"build_version":"2018-12-20","purchased_purges":1,"victory":false,"max_hp_per_floor":[75,75,75,75,75,75,75,75,75,75,75,75,75,75,75,75,75,75,75,75,75,75,75,75,75,75,75,75,75,75],"card_choices":[{"not_picked":["Beam Cell","Steam"],"picked":"Gash","floor":1.0},{"not_picked":["Loop","Sunder"],"picked":"Stack","floor":2.0},{"not_picked":["Cold Snap","Ball Lightning"],"picked":"Conserve Battery","floor":3.0},{"not_picked":["Tempest","Self Repair"],"picked":"Beam Cell","floor":7.0},{"not_picked":["Buffer","Capacitor","Steam Power"],"picked":"Sweeping Beam","floor":12.0},{"not_picked":["Rebound","Cold Snap","Go for the Eyes"],"picked":"Gash","floor":13.0},{"not_picked":["Leap","Hologram","Redo"],"picked":"Rebound","floor":14.0},{"not_picked":["Compile Driver","Stack","Go for the Eyes"],"picked":"Gash","floor":18.0},{"not_picked":["Barrage","Aggregate","Sweeping Beam"],"picked":"FTL","floor":19.0},{"not_picked":["Barrage","Double Energy","Heatsinks"],"picked":"Hologram","floor":21.0},{"not_picked":["Chaos","Compile Driver+1","Doom and Gloom+1"],"picked":"Hologram","floor":23.0},{"not_picked":["Go for the Eyes+1","Compile Driver","Storm"],"picked":"Streamline+1","floor":25.0},{"not_picked":["Ball Lightning","Go for the Eyes+1","Reprogram"],"picked":"Reinforced Body+1","floor":28},{"not_picked":["Barrage","Redo","Meteor Strike"],"picked":"Genetic Algorithm","floor":29}],"player_experience":62412,"relics_obtained":[{"floor":9.0,"key":"Question Card"},{"floor":12.0,"key":"Odd Mushroom"},{"floor":14.0,"key":"Vajra"},{"floor":23.0,"key":"Dodecahedron"}],"event_choices":[{"damage_healed":0.0,"max_hp_gain":0.0,"max_hp_loss":0.0,"gold_gain":0.0,"event_name":"Shining Light","player_choice":"Entered Light","floor":4.0,"gold_loss":0.0,"damage_taken":15.0,"cards_upgraded":["Defend_B","Dualcast"]},{"damage_healed":18.0,"max_hp_gain":0.0,"max_hp_loss":0.0,"gold_gain":0.0,"event_name":"The Cleric","player_choice":"Healed","floor":5.0,"gold_loss":35.0,"damage_taken":0.0},{"damage_healed":0.0,"max_hp_gain":0.0,"max_hp_loss":0.0,"gold_gain":0.0,"event_name":"Scrap Ooze","player_choice":"Success","floor":11.0,"gold_loss":0.0,"damage_taken":7.0,"relics_obtained":["Potion Belt"]},{"damage_healed":0.0,"max_hp_gain":0.0,"max_hp_loss":0.0,"gold_gain":0.0,"event_name":"Mushrooms","player_choice":"Fought Mushrooms","floor":12.0,"gold_loss":0.0,"damage_taken":0.0},{"damage_healed":0.0,"max_hp_gain":0.0,"max_hp_loss":0.0,"gold_gain":0.0,"event_name":"The Library","player_choice":"Read","floor":20.0,"gold_loss":0.0,"damage_taken":0.0,"cards_obtained":["Auto Shields"]},{"damage_healed":0.0,"max_hp_gain":0.0,"max_hp_loss":0.0,"gold_gain":0.0,"event_name":"Colosseum","player_choice":"Fight","floor":24.0,"gold_loss":0.0,"damage_taken":0.0},{"damage_healed":0.0,"max_hp_gain":0.0,"max_hp_loss":0.0,"gold_gain":0.0,"event_name":"Colosseum","player_choice":"Fled From Nobs","floor":24.0,"gold_loss":0.0,"damage_taken":0.0}],"is_beta":false,"boss_relics":[{"not_picked":["Sozu","Cursed Key"],"picked":"Eternal Feather"}],"items_purged_floors":[22],"is_endless":false,"potions_floor_spawned":[7,12,13,16,23,24,25,28],"killed_by":"3 Cultists","ascension_level":1}