{"gold_per_floor":[112,112,112,112,126,142,67,82,128,140,154,154,154,173,173,270,270,284,284,301,201,211,223,223,240,318,328,339,339,339,108,108,211,211,230,246,96,106,125,125,144,144,170,170],"floor_reached":44,"playtime":3308,"items_purged":["Strike_R","Strike_R","Writhe","Injury"],"score":432,"play_id":"dd205a10-79b2-4e47-8885-669826821c18","local_time":"20180722131836","is_ascension_mode":false,"campfire_choices":[{"data":"Shrug It Off","floor":13,"key":"SMITH"},{"floor":15,"key":"REST"},{"data":"Shrug It Off","floor":24,"key":"SMITH"},{"data":"Bash","floor":32,"key":"SMITH"},{"data":"Defend_R","floor":40,"key":"SMITH"}],"neow_cost":"NONE","seed_source_timestamp":227387149853066,"circlet_count":0,"master_deck":["Strike_R","Strike_R","Defend_R","Defend_R+1","Defend_R","Defend_R","Bash+1","Body Slam+1","Shrug It Off+1","Shrug It Off+1","Iron Wave+1","Entrench+1","Madness","Impervious","Pommel Strike+1","Warcry+1","Parasite","Writhe"],"relics":["Cursed Key","Red Skull","Bag of Marbles","Black Star","Spirit Poop","Pear","Enchiridion","Bottled Flame","Sozu","Self Forming Clay","Vajra"],"potions_floor_usage":[8,16,16,18,22,33],"damage_taken":[{"damage":8,"enemies":"Jaw Worm","floor":1,"turns":3},{"damage":1,"enemies":"Cultist","floor":5,"turns":3},{"damage":6,"enemies":"2 Louse","floor":6,"turns":3},{"damage":0,"enemies":"Exordium Wildlife","floor":8,"turns":2},{"damage":11,"enemies":"Large Slime","floor":10,"turns":2},{"damage":2,"enemies":"Lots of Slimes","floor":11,"turns":3},{"damage":0,"enemies":"3 Louse","floor":14,"turns":3},{"damage":16,"enemies":"The Guardian","floor":16,"turns":9},{"damage":0,"enemies":"Spheric Guardian","floor":18,"turns":4},{"damage":18,"enemies":"3 Byrds","floor":20,"turns":9},{"damage":0,"enemies":"Snake Plant","floor":22,"turns":3},{"damage":12,"enemies":"Centurion and Healer","floor":23,"turns":7},{"damage":0,"enemies":"Cultist and Chosen","floor":25,"turns":5},{"damage":0,"enemies":"Snake Plant","floor":27,"turns":3},{"damage":0,"enemies":"Centurion and Healer","floor":28,"turns":7},{"damage":42,"enemies":"Automaton","floor":33,"turns":12},{"damage":18,"enemies":"Orb Walker","floor":35,"turns":4},{"damage":0,"enemies":"3 Darklings","floor":36,"turns":11},{"damage":0,"enemies":"Transient","floor":38,"turns":5},{"damage":18,"enemies":"4 Shapes","floor":39,"turns":5},{"damage":5,"enemies":"Sphere and 2 Shapes","floor":41,"turns":6},{"damage":0,"enemies":"Maw","floor":44,"turns":3}],"seed_played":"3341559632600879735","potions_obtained":[{"floor":1,"key":"AttackPotion"},{"floor":6,"key":"Explosive Potion"},{"floor":10,"key":"Fire Potion"},{"floor":11,"key":"Dexterity Potion"},{"floor":18,"key":"Swift Potion"},{"floor":22,"key":"FearPotion"},{"floor":33,"key":"Strength Potion"}],"is_trial":false,"path_per_floor":["M","?","?","?","M","M","$","M","T","M","M","?","R","M","R","B",null,"M","?","M","$","M","M","R","M","T","M","M","?","T","$","R","B",null,"M","M","$","M","M","R","M","T","T"],"character_chosen":"IRONCLAD","items_purchased":["Madness"],"campfire_rested":1,"item_purchase_floors":[31],"current_hp_per_floor":[72,72,65,58,57,51,51,51,51,40,38,38,38,38,62,46,80,80,80,62,62,62,50,50,50,60,60,60,44,44,44,44,2,90,72,72,72,72,54,54,49,49,49,49],"gold":170,"neow_bonus":"BOSS_RELIC","is_prod":false,"is_daily":false,"chose_seed":false,"campfire_upgraded":4,"win_rate":0,"timestamp":1532236716,"path_taken":["M","?","?","?","?","M","?","M","T","M","M","?","R","M","R","BOSS","M","?","M","$","M","?","R","M","T","M","M","?","?","$","R","BOSS","M","M","$","M","?","R","M","?","T","M"],"build_version":"2018-07-19v2","purchased_purges":4,"victory":false,"max_hp_per_floor":[80,80,80,80,80,80,80,80,80,80,80,80,80,80,80,80,80,80,80,80,80,80,80,80,80,90,90,90,90,90,90,90,90,90,90,90,90,90,90,90,90,90,90,90],"card_choices":[{"not_picked":["Blood for Blood","Havoc"],"picked":"Body Slam","floor":1},{"not_picked":["Flex","Headbutt","Twin Strike"],"picked":"SKIP","floor":5},{"not_picked":["Entrench","Wild Strike"],"picked":"Shrug It Off","floor":6},{"not_picked":["Burning Pact","Clothesline","Rupture"],"picked":"SKIP","floor":8},{"not_picked":["Havoc","Sword Boomerang","Body Slam"],"picked":"SKIP","floor":10},{"not_picked":["Combust","Feel No Pain"],"picked":"Shrug It Off","floor":11},{"not_picked":["Pommel Strike","Twin Strike","Ghostly Armor"],"picked":"SKIP","floor":14},{"not_picked":["Intimidate","True Grit","Corruption"],"picked":"SKIP","floor":18},{"not_picked":["Headbutt","Warcry","True Grit"],"picked":"SKIP","floor":20},{"not_picked":["Reckless Charge+1","Rupture+1"],"picked":"Iron Wave+1","floor":22},{"not_picked":["Wild Strike+1","Rampage+1","True Grit+1"],"picked":"SKIP","floor":23},{"not_picked":["Flex+1","Sword Boomerang"],"picked":"Entrench+1","floor":25},{"not_picked":["Wild Strike","Fire Breathing+1","Sword Boomerang"],"picked":"SKIP","floor":27},{"not_picked":["Pummel","Dropkick+1","Sword Boomerang"],"picked":"SKIP","floor":28},{"not_picked":["Pummel","Dropkick+1","Sword Boomerang"],"picked":"SKIP","floor":28},{"not_picked":["Double Tap","Brutality"],"picked":"Impervious","floor":33},{"not_picked":["Pummel","Cleave","Hemokinesis"],"picked":"SKIP","floor":35},{"not_picked":["Cleave+1","Dropkick"],"picked":"Pommel Strike+1","floor":36},{"not_picked":["Wild Strike+1","Flex+1"],"picked":"Warcry+1","floor":38},{"not_picked":["Cleave+1","Headbutt+1","Perfected Strike"],"picked":"SKIP","floor":39},{"not_picked":["Flame Barrier+1","Thunderclap","Infernal Blade"],"picked":"SKIP","floor":41}],"player_experience":311049,"relics_obtained":[{"floor":9,"key":"Bag of Marbles"},{"floor":26,"key":"Pear"},{"floor":29,"key":"Enchiridion"},{"floor":30,"key":"Bottled Flame"},{"floor":42,"key":"Self Forming Clay"},{"floor":43,"key":"Vajra"}],"event_choices":[{"event_name":"Accursed Blacksmith","player_choice":"Forge","floor":2,"damage_taken":0},{"event_name":"Golden Wing","player_choice":"Card Removal","floor":3,"damage_taken":0},{"event_name":"Scrap Ooze","player_choice":"success","floor":4,"damage_taken":7},{"event_name":"Liars Game","player_choice":"disagreed","floor":12,"damage_taken":0},{"event_name":"Bonfire Elementals","player_choice":"CURSE","floor":19,"damage_taken":0},{"event_name":"Cursed Tome","player_choice":"Obtained Book","floor":29,"damage_taken":0}],"is_beta":false,"boss_relics":[{"not_picked":["Velvet Choker","Pandora\u0027s Box"],"picked":"Black Star"},{"not_picked":["Philosopher\u0027s Stone","White Beast Statue"],"picked":"Sozu"}],"items_purged_floors":[7,21,31,37],"is_endless":false,"potions_floor_spawned":[1,6,10,11,14,18,22,33,35,39,41],"killed_by":"Maw","ascension_level":0}