{"gold_per_floor":[113,56,56,56,56,56,56,71,71,125,140,140,218,232,232,330,393,407,407,83,102,0,0,0,21,21,21,21],"floor_reached":28,"playtime":910,"items_purged":[],"score":408,"play_id":"187ed872-67b2-49e0-b5ef-0f6692ff02f3","local_time":"20190421130812","is_ascension_mode":true,"campfire_choices":[{"data":"Chaos","floor":6,"key":"SMITH"},{"floor":7,"key":"REST"},{"data":"Capacitor","floor":12,"key":"SMITH"},{"data":"Barrage","floor":15,"key":"SMITH"},{"data":"Fission","floor":23,"key":"SMITH"},{"floor":24,"key":"REST"}],"neow_cost":"PERCENT_DAMAGE","seed_source_timestamp":105225633273969,"circlet_count":0,"master_deck":["AscendersBane","Strike_B","Strike_B","Strike_B","Defend_B","Defend_B","Defend_B","Defend_B","Zap","Dualcast","Chaos+1","Beam Cell","Ball Lightning","Capacitor+1","Gash+1","Barrage+1","Core Surge","Compile Driver","Self Repair","Self Repair","Fission+1","Skim","Dark Shackles","Biased Cognition+1"],"relics":["Cracked Core","WingedGreaves","Golden Idol","Bottled Lightning","Centennial Puzzle","Omamori","Tiny House","Vajra","Singing Bowl"],"potions_floor_usage":[13,21],"damage_taken":[{"damage":4,"enemies":"2 Louse","floor":1,"turns":4},{"damage":4,"enemies":"Jaw Worm","floor":8,"turns":3},{"damage":0,"enemies":"Cultist","floor":11,"turns":3},{"damage":35,"enemies":"Gremlin Nob","floor":13,"turns":4},{"damage":1,"enemies":"2 Fungi Beasts","floor":14,"turns":3},{"damage":15,"enemies":"Hexaghost","floor":16,"turns":6},{"damage":33,"enemies":"3 Byrds","floor":18,"turns":5},{"damage":14,"enemies":"Shell Parasite","floor":21,"turns":2},{"damage":42,"enemies":"Centurion and Healer","floor":25,"turns":7},{"damage":24,"enemies":"Snake Plant","floor":28,"turns":2}],"seed_played":"-7374206209449416158","potions_obtained":[{"floor":1,"key":"Swift Potion"},{"floor":13,"key":"Energy Potion"},{"floor":14,"key":"Energy Potion"},{"floor":17,"key":"PowerPotion"}],"is_trial":false,"path_per_floor":["M","$","?","$","?","R","R","M","T","T","M","R","?","M","R","B",null,"M","?","$","M","$","R","R","M","T","?","M"],"character_chosen":"DEFECT","items_purchased":["Beam Cell","Fission","Vajra","Dark Shackles"],"campfire_rested":2,"item_purchase_floors":[2,20,20,22],"current_hp_per_floor":[42,42,42,42,35,35,56,52,52,52,52,52,17,16,16,1,59,26,26,26,26,26,26,48,20,20,20,0],"gold":21,"neow_bonus":"ONE_RARE_RELIC","is_prod":false,"is_daily":false,"chose_seed":false,"campfire_upgraded":4,"win_rate":0,"timestamp":1555866492,"path_taken":["M","$","?","$","?","R","R","M","T","?","M","R","?","M","R","BOSS","M","?","?","M","$","R","R","M","T","?","?"],"build_version":"2019-01-23","purchased_purges":0,"victory":false,"max_hp_per_floor":[71,71,71,71,71,71,71,71,71,71,71,71,71,71,71,71,76,76,76,76,76,76,76,76,76,76,76,76],"card_choices":[{"not_picked":["Heatsinks","Sweeping Beam"],"picked":"Chaos","floor":1},{"not_picked":["Streamline","Redo"],"picked":"Ball Lightning","floor":8},{"not_picked":["Compile Driver","Go for the Eyes"],"picked":"Capacitor","floor":11},{"not_picked":["Scrape","Melter"],"picked":"Gash","floor":13},{"not_picked":["Go for the Eyes","Auto Shields"],"picked":"Barrage","floor":14},{"not_picked":["Amplify","Machine Learning"],"picked":"Core Surge","floor":16},{"not_picked":["Hologram","Chaos"],"picked":"Compile Driver","floor":17},{"not_picked":["Cold Snap","Leap"],"picked":"Self Repair","floor":18},{"not_picked":["Sweeping Beam","Rebound"],"picked":"Skim","floor":21},{"not_picked":["Force Field","Ball Lightning"],"picked":"Biased Cognition","floor":25}],"player_experience":920969,"relics_obtained":[{"floor":9,"key":"Bottled Lightning"},{"floor":10,"key":"Centennial Puzzle"},{"floor":26,"key":"Singing Bowl"}],"event_choices":[{"damage_healed":0,"gold_gain":0,"player_choice":"Take Wound","damage_taken":0,"relics_obtained":["Golden Idol"],"max_hp_gain":0,"max_hp_loss":0,"event_name":"Golden Idol","floor":3,"gold_loss":0,"cards_obtained":["Injury"]},{"cards_removed":["Injury"],"damage_healed":0,"gold_gain":0,"player_choice":"Card Removal","damage_taken":7,"max_hp_gain":0,"max_hp_loss":0,"event_name":"Golden Wing","floor":5,"gold_loss":0},{"damage_healed":0,"gold_gain":0,"player_choice":"Searched \u00272\u0027 times","damage_taken":0,"relics_obtained":["Omamori"],"max_hp_gain":0,"max_hp_loss":0,"event_name":"Dead Adventurer","floor":13,"gold_loss":0},{"damage_healed":0,"gold_gain":0,"cards_transformed":["Strike_B"],"player_choice":"Transformed","damage_taken":0,"max_hp_gain":0,"max_hp_loss":0,"event_name":"Transmorgrifier","floor":19,"gold_loss":0,"cards_obtained":["Self Repair"]},{"damage_healed":0,"gold_gain":0,"player_choice":"Forge","damage_taken":0,"max_hp_gain":0,"max_hp_loss":0,"event_name":"Accursed Blacksmith","floor":27,"gold_loss":0,"cards_upgraded":["Biased Cognition"]}],"is_beta":false,"boss_relics":[{"not_picked":["Runic Pyramid","White Beast Statue"],"picked":"Tiny House"}],"items_purged_floors":[],"is_endless":false,"potions_floor_spawned":[1,13,14,18],"killed_by":"Snake Plant","ascension_level":20}