{"gold_per_floor":[113,130,40,40,52,86,86,119,119,139,159,159,159,177,177,254,254,265,265,85,99,99,99],"floor_reached":23,"playtime":673,"items_purged":[],"score":402,"play_id":"2512c3e9-7a98-4c9b-989c-fe9cbd7f1776","local_time":"20190429185339","is_ascension_mode":true,"campfire_choices":[{"data":"Static Discharge","floor":7.0,"key":"SMITH"},{"floor":15,"key":"REST"}],"neow_cost":"NONE","seed_source_timestamp":0,"circlet_count":0,"master_deck":["AscendersBane","Strike_B+1","Strike_B+1","Strike_B+1","Defend_B+1","Defend_B+1","Defend_B+1","Defend_B+1","Zap","Dualcast","Genetic Algorithm","Sunder+1","Static Discharge+1","Sweeping Beam","Amplify","Thunder Strike","BootSequence","White Noise","Conserve Battery","Parasite","Biased Cognition","Hologram+1","Fission","Coolheaded+1"],"special_seed":0,"relics":["Cracked Core","NeowsBlessing","Blood Vial","Shuriken","Strawberry","Inserter","Nilry\u0027s Codex"],"potions_floor_usage":[16,18],"damage_taken":[{"damage":0.0,"enemies":"Small Slimes","floor":1.0,"turns":2.0},{"damage":0.0,"enemies":"Cultist","floor":2.0,"turns":1.0},{"damage":0.0,"enemies":"Jaw Worm","floor":5.0,"turns":1.0},{"damage":30.0,"enemies":"3 Sentries","floor":6.0,"turns":5.0},{"damage":32.0,"enemies":"Gremlin Nob","floor":8.0,"turns":4.0},{"damage":0.0,"enemies":"2 Fungi Beasts","floor":10.0,"turns":2.0},{"damage":11.0,"enemies":"Looter","floor":11.0,"turns":3.0},{"damage":1,"enemies":"Blue Slaver","floor":14,"turns":2},{"damage":38,"enemies":"Slime Boss","floor":16,"turns":7},{"damage":15,"enemies":"Chosen","floor":18,"turns":5},{"damage":3,"enemies":"3 Byrds","floor":21,"turns":3},{"damage":31,"enemies":"Slavers","floor":23,"turns":2}],"seed_played":"-4896030644973980055","potions_obtained":[{"floor":1.0,"key":"Energy Potion"},{"floor":8.0,"key":"Strength Potion"},{"floor":10.0,"key":"SteroidPotion"},{"floor":11.0,"key":"PowerPotion"},{"floor":16,"key":"Block Potion"}],"is_trial":false,"path_per_floor":["M","M","$","?","M","E","R","E","T","M","M","?","?","M","R","B",null,"M","?","$","M","?","E"],"character_chosen":"DEFECT","items_purchased":["Static Discharge","Fission"],"campfire_rested":1,"item_purchase_floors":[3,20],"current_hp_per_floor":[64,64,64,64,64,34,34,4,11,13,4,23,23,24,47,11,61,48,48,48,47,26,0],"gold":99,"neow_bonus":"THREE_ENEMY_KILL","is_prod":false,"is_daily":false,"chose_seed":false,"campfire_upgraded":1,"win_rate":0,"timestamp":1556578419,"path_taken":["M","M","$","?","?","E","R","E","T","M","M","?","?","M","R","BOSS","M","?","$","M","?","E"],"build_version":"2019-01-23","purchased_purges":0,"victory":false,"max_hp_per_floor":[71,71,71,71,71,71,71,71,78,78,78,78,78,78,78,78,78,78,78,78,78,78,78],"card_choices":[{"not_picked":["Coolheaded","Stack"],"picked":"Genetic Algorithm","floor":1.0},{"not_picked":["Compile Driver","Hologram"],"picked":"Sunder","floor":2.0},{"not_picked":["Turbo","Hologram"],"picked":"Amplify","floor":5.0},{"not_picked":["Steam","FTL"],"picked":"Thunder Strike","floor":6.0},{"not_picked":["Consume","Go for the Eyes"],"picked":"BootSequence","floor":8.0},{"not_picked":["Streamline","Double Energy"],"picked":"White Noise","floor":10.0},{"not_picked":["Melter","Doom and Gloom"],"picked":"Conserve Battery","floor":11.0},{"not_picked":["Undo","Reprogram","Stack"],"picked":"SKIP","floor":14},{"not_picked":["Thunder Strike","Fission"],"picked":"Biased Cognition","floor":16},{"not_picked":["Lockon","Rebound+1"],"picked":"Hologram+1","floor":18},{"not_picked":["Barrage","Aggregate"],"picked":"Coolheaded+1","floor":21}],"player_experience":939733,"relics_obtained":[{"floor":6.0,"key":"Blood Vial"},{"floor":8.0,"key":"Shuriken"},{"floor":9.0,"key":"Strawberry"},{"floor":22,"key":"Nilry\u0027s Codex"}],"event_choices":[{"damage_healed":0.0,"max_hp_gain":0.0,"max_hp_loss":0.0,"gold_gain":0.0,"cards_transformed":["Strike_B"],"event_name":"Transmorgrifier","player_choice":"Transformed","floor":4.0,"gold_loss":0.0,"damage_taken":0.0,"cards_obtained":["Sweeping Beam"]},{"damage_healed":19.0,"max_hp_gain":0.0,"max_hp_loss":0.0,"gold_gain":0.0,"event_name":"Mushrooms","player_choice":"Healed and dodged fight","floor":12.0,"gold_loss":0.0,"damage_taken":0.0,"cards_obtained":["Parasite"]},{"damage_healed":0.0,"max_hp_gain":0.0,"max_hp_loss":0.0,"gold_gain":0.0,"event_name":"Living Wall","player_choice":"Grow","floor":13.0,"gold_loss":0.0,"damage_taken":0.0,"cards_upgraded":["Sunder"]},{"damage_healed":0,"gold_gain":0,"player_choice":"Simplicity","damage_taken":0,"max_hp_gain":0,"max_hp_loss":0,"event_name":"Back to Basics","floor":19,"gold_loss":0,"cards_upgraded":["Strike_B","Strike_B","Strike_B","Defend_B","Defend_B","Defend_B","Defend_B"]},{"damage_healed":0,"gold_gain":0,"player_choice":"Obtained Book","damage_taken":21,"max_hp_gain":0,"max_hp_loss":0,"event_name":"Cursed Tome","floor":22,"gold_loss":0}],"is_beta":false,"boss_relics":[{"not_picked":["Empty Cage","Pandora\u0027s Box"],"picked":"Inserter"}],"items_purged_floors":[],"is_endless":false,"potions_floor_spawned":[1,8,10,11,16],"killed_by":"Slavers","ascension_level":20}