{"gold_per_floor":[113,113,113,127,138,88,88,88,135,135,145,176,190,225,225,328,378,389,51,68,68,68,68,99,112,193,193,193,193,209,209,209,209],"floor_reached":33,"playtime":2072,"items_purged":[],"score":312,"play_id":"90f202eb-62f7-45f6-b807-7b935d69a450","local_time":"20190504200312","is_ascension_mode":true,"campfire_choices":[{"data":"Iron Wave","floor":7,"key":"SMITH"},{"data":"Battle Trance","floor":10,"key":"SMITH"},{"data":"Double Tap","floor":15,"key":"SMITH"},{"floor":23,"key":"REST"},{"data":"Barricade","floor":28,"key":"SMITH"},{"data":"Flame Barrier","floor":32,"key":"SMITH"}],"neow_cost":"NONE","seed_source_timestamp":24369813085200,"circlet_count":0,"master_deck":["Defend_R","Defend_R","Defend_R","Bash+1","Battle Trance+1","Iron Wave+1","Double Tap+1","Reaper","Barricade+1","Intimidate","Cleave","Dual Wield","Juggernaut","Ghostly Armor+1","Bite","Bite","Bite","Bite","Bite","Flame Barrier+1"],"relics":["Burning Blood","Magic Flower","Anchor","Meat on the Bone","Potion Belt","Tiny House","Toolbox","Letter Opener","Blue Candle","Pantograph"],"potions_floor_usage":[12,16,24,24,24,25,25,25,30],"damage_taken":[{"damage":6,"enemies":"Jaw Worm","floor":1,"turns":3},{"damage":12,"enemies":"Small Slimes","floor":4,"turns":3},{"damage":1,"enemies":"Cultist","floor":5,"turns":3},{"damage":3,"enemies":"3 Louse","floor":11,"turns":4},{"damage":32,"enemies":"Lagavulin","floor":12,"turns":6},{"damage":0,"enemies":"Looter","floor":13,"turns":3},{"damage":14,"enemies":"Gremlin Nob","floor":14,"turns":4},{"damage":77,"enemies":"The Guardian","floor":16,"turns":15},{"damage":34,"enemies":"3 Byrds","floor":18,"turns":8},{"damage":0,"enemies":"Chosen","floor":20,"turns":7},{"damage":28,"enemies":"Colosseum Slavers","floor":21,"turns":7},{"damage":66,"enemies":"Book of Stabbing","floor":24,"turns":7},{"damage":18,"enemies":"Snake Plant","floor":25,"turns":3},{"damage":37,"enemies":"Cultist and Chosen","floor":30,"turns":9},{"damage":124,"enemies":"Automaton","floor":33,"turns":12}],"seed_played":"4450250249439550049","potions_obtained":[{"floor":1,"key":"BloodPotion"},{"floor":5,"key":"LiquidBronze"},{"floor":13,"key":"BloodPotion"},{"floor":16,"key":"Swift Potion"},{"floor":17,"key":"Weak Potion"},{"floor":18,"key":"PowerPotion"},{"floor":24,"key":"Poison Potion"},{"floor":25,"key":"AttackPotion"}],"is_trial":false,"path_per_floor":["M","?","?","M","M","?","R","?","T","R","M","E","M","E","R","B",null,"M","$","M","?","?","R","E","M","T","?","R","?","M","T","R","B"],"character_chosen":"IRONCLAD","items_purchased":["Regen Potion","Toolbox","Energy Potion"],"campfire_rested":1,"item_purchase_floors":[19,19,19],"current_hp_per_floor":[80,80,80,74,79,79,79,79,79,79,80,69,78,73,73,53,85,66,66,81,68,52,79,49,72,72,63,63,63,58,58,58,0],"gold":209,"neow_bonus":"REMOVE_CARD","is_prod":false,"is_daily":false,"chose_seed":false,"campfire_upgraded":5,"win_rate":0,"timestamp":1557014592,"path_taken":["M","?","?","?","M","?","R","?","T","R","M","E","M","E","R","BOSS","M","$","M","?","?","R","E","M","T","?","R","?","M","?","R","BOSS"],"build_version":"2019-01-23","purchased_purges":0,"victory":false,"max_hp_per_floor":[80,80,80,80,80,80,80,80,80,80,80,80,80,80,80,80,85,85,85,85,85,90,90,90,90,90,63,63,63,63,63,63,63],"card_choices":[{"not_picked":["Rampage","Blood for Blood"],"picked":"Battle Trance","floor":1},{"not_picked":["Blood for Blood","Iron Wave","Sword Boomerang"],"picked":"SKIP","floor":4},{"not_picked":["Body Slam","Corruption"],"picked":"Iron Wave","floor":5},{"not_picked":["Entrench","True Grit","Burning Pact"],"picked":"SKIP","floor":11},{"not_picked":["Bloodletting","Pommel Strike"],"picked":"Double Tap","floor":12},{"not_picked":["Thunderclap","Flex","Sword Boomerang"],"picked":"SKIP","floor":13},{"not_picked":["Reckless Charge","Twin Strike"],"picked":"Reaper","floor":14},{"not_picked":["Brutality","Berserk"],"picked":"Barricade","floor":16},{"not_picked":["Fire Breathing","Corruption"],"picked":"Intimidate","floor":17},{"not_picked":["Sword Boomerang+1","Hemokinesis+1"],"picked":"Cleave","floor":18},{"not_picked":["Battle Trance+1","Clothesline"],"picked":"Dual Wield","floor":20},{"not_picked":["Entrench","Warcry+1"],"picked":"Juggernaut","floor":24},{"not_picked":["Hemokinesis","Heavy Blade"],"picked":"Ghostly Armor+1","floor":25},{"not_picked":["Warcry+1","Corruption","Anger"],"picked":"SKIP","floor":30}],"player_experience":91603,"relics_obtained":[{"floor":9,"key":"Anchor"},{"floor":12,"key":"Meat on the Bone"},{"floor":14,"key":"Potion Belt"},{"floor":24,"key":"Letter Opener"},{"floor":26,"key":"Blue Candle"},{"floor":31,"key":"Pantograph"}],"event_choices":[{"damage_healed":0,"gold_gain":0,"player_choice":"Ignored","damage_taken":0,"max_hp_gain":0,"max_hp_loss":0,"event_name":"Golden Wing","floor":2,"gold_loss":0},{"damage_healed":0,"gold_gain":0,"player_choice":"Grow","damage_taken":0,"max_hp_gain":0,"max_hp_loss":0,"event_name":"Living Wall","floor":3,"gold_loss":0,"cards_upgraded":["Bash"]},{"cards_removed":["Defend_R"],"damage_healed":0,"gold_gain":0,"player_choice":"Card Removal","damage_taken":0,"max_hp_gain":0,"max_hp_loss":0,"event_name":"The Cleric","floor":6,"gold_loss":50},{"damage_healed":0,"gold_gain":0,"player_choice":"Gave Potion","damage_taken":0,"relics_obtained":["Magic Flower"],"max_hp_gain":0,"max_hp_loss":0,"event_name":"WeMeetAgain","floor":8,"gold_loss":0},{"damage_healed":0,"gold_gain":0,"player_choice":"Fight","damage_taken":0,"max_hp_gain":0,"max_hp_loss":0,"event_name":"Colosseum","floor":21,"gold_loss":0},{"damage_healed":0,"gold_gain":0,"player_choice":"Fled From Nobs","damage_taken":0,"max_hp_gain":0,"max_hp_loss":0,"event_name":"Colosseum","floor":21,"gold_loss":0},{"damage_healed":0,"gold_gain":0,"player_choice":"Shed Blood","damage_taken":21,"max_hp_gain":5,"max_hp_loss":0,"event_name":"Forgotten Altar","floor":22,"gold_loss":0},{"damage_healed":0,"gold_gain":0,"player_choice":"Became a vampire","damage_taken":0,"max_hp_gain":0,"max_hp_loss":27,"event_name":"Vampires","floor":27,"gold_loss":0,"cards_obtained":["Bite","Bite","Bite","Bite","Bite"]},{"damage_healed":0,"gold_gain":0,"player_choice":"Read","damage_taken":0,"max_hp_gain":0,"max_hp_loss":0,"event_name":"The Library","floor":29,"gold_loss":0,"cards_obtained":["Flame Barrier"]}],"is_beta":false,"boss_relics":[{"not_picked":["Runic Dome","Coffee Dripper"],"picked":"Tiny House"}],"items_purged_floors":[],"is_endless":false,"potions_floor_spawned":[1,5,13,16,18,24,25],"killed_by":"Automaton","ascension_level":1}