{"gold_per_floor":[118,118,137,137,154,154,174,194,194,61,61,61,80,24,24,96,96,0,0,46,46],"floor_reached":21,"playtime":531,"items_purged":["Strike_R"],"score":334,"play_id":"1abdcee5-1871-4d33-8165-e929bb79b9a2","local_time":"20190326144617","is_ascension_mode":true,"campfire_choices":[{"data":"Armaments","floor":6.0,"key":"SMITH"},{"data":"True Grit","floor":11.0,"key":"SMITH"},{"floor":15.0,"key":"REST"}],"neow_cost":"NONE","seed_source_timestamp":2056593824960975,"circlet_count":0,"master_deck":["AscendersBane","Strike_R","Strike_R","Strike_R","Defend_R","Defend_R","Defend_R","Defend_R","Trip","Armaments+1","Evolve","True Grit+1","Pommel Strike","Barricade","Shockwave+1","Pummel+1","Body Slam+1","Rage"],"special_seed":0,"relics":["Burning Blood","Unceasing Top","Ginger","Potion Belt","Astrolabe","Bag of Marbles"],"potions_floor_usage":[],"damage_taken":[{"damage":9.0,"enemies":"Small Slimes","floor":1.0,"turns":4.0},{"damage":9.0,"enemies":"Jaw Worm","floor":3.0,"turns":4.0},{"damage":0.0,"enemies":"Cultist","floor":5.0,"turns":4.0},{"damage":22.0,"enemies":"Exordium Thugs","floor":7.0,"turns":4.0},{"damage":17.0,"enemies":"Large Slime","floor":8.0,"turns":6.0},{"damage":13.0,"enemies":"Blue Slaver","floor":13.0,"turns":3.0},{"damage":24.0,"enemies":"Slime Boss","floor":16.0,"turns":9.0},{"damage":22,"enemies":"2 Thieves","floor":18,"turns":5},{"damage":9,"enemies":"Chosen","floor":21,"turns":3}],"seed_played":"-53600940269430925","potions_obtained":[{"floor":1.0,"key":"Explosive Potion"},{"floor":8.0,"key":"GamblersBrew"},{"floor":16.0,"key":"SpeedPotion"}],"is_trial":false,"path_per_floor":["M","?","M","?","M","R","M","M","T","$","R","T","M","?","R","B",null,"M","?","T","M"],"character_chosen":"IRONCLAD","items_purchased":["Pommel Strike"],"campfire_rested":1,"item_purchase_floors":[10],"current_hp_per_floor":[65,65,62,36,42,42,26,15,15,15,15,15,8,8,30,12,59,43,43,43,34],"gold":46,"neow_bonus":"RANDOM_COLORLESS","is_prod":false,"is_daily":false,"chose_seed":true,"campfire_upgraded":2,"win_rate":0,"timestamp":1553582777,"path_taken":["M","?","M","?","?","R","M","?","T","$","R","?","M","?","R","BOSS","M","?","?","M"],"build_version":"2019-01-23","purchased_purges":1,"victory":false,"max_hp_per_floor":[75,75,75,75,75,75,75,75,75,75,75,75,75,75,75,75,75,75,75,75,75],"card_choices":[{"not_picked":["Clothesline","Iron Wave","Heavy Blade"],"picked":"SKIP","floor":1.0},{"not_picked":["Cleave","Thunderclap"],"picked":"Armaments","floor":3.0},{"not_picked":["Armaments","Thunderclap"],"picked":"Limit Break","floor":5.0},{"not_picked":["Flex","Thunderclap"],"picked":"Evolve","floor":7.0},{"not_picked":["Flex","Shrug It Off"],"picked":"True Grit","floor":8.0},{"not_picked":["Twin Strike","Armaments"],"picked":"Perfected Strike","floor":13.0},{"not_picked":["Bludgeon","Exhume"],"picked":"Barricade","floor":16.0},{"not_picked":["Corruption","Body Slam","Wild Strike"],"picked":"SKIP","floor":18}],"player_experience":1272060,"relics_obtained":[{"floor":9.0,"key":"Ginger"},{"floor":12.0,"key":"Potion Belt"},{"floor":20,"key":"Bag of Marbles"}],"event_choices":[{"cards_removed":["Bash"],"damage_healed":0.0,"max_hp_gain":0.0,"max_hp_loss":0.0,"gold_gain":0.0,"event_name":"Living Wall","player_choice":"Forget","floor":2.0,"gold_loss":0.0,"damage_taken":0.0},{"damage_healed":0.0,"max_hp_gain":0.0,"max_hp_loss":0.0,"gold_gain":0.0,"event_name":"Scrap Ooze","player_choice":"Success","floor":4.0,"gold_loss":0.0,"damage_taken":26.0,"relics_obtained":["Unceasing Top"]},{"damage_healed":0.0,"max_hp_gain":0.0,"max_hp_loss":0.0,"gold_gain":0.0,"event_name":"World of Goop","player_choice":"Left Gold","floor":14.0,"gold_loss":56.0,"damage_taken":0.0},{"damage_healed":0,"gold_gain":0,"player_choice":"Read","damage_taken":0,"max_hp_gain":0,"max_hp_loss":0,"event_name":"The Library","floor":19,"gold_loss":0,"cards_obtained":["Rage"]}],"is_beta":false,"boss_relics":[{"not_picked":["Black Star","Philosopher\u0027s Stone"],"picked":"Astrolabe"}],"items_purged_floors":[10],"is_endless":false,"potions_floor_spawned":[1,8,16],"killed_by":"Chosen","ascension_level":20}