{"gold_per_floor":[118,132,149,69,79,79,94,94,124,124,124,124],"floor_reached":12,"playtime":215,"items_purged":[],"score":70,"play_id":"c8901dbb-f39b-4885-b38d-a81d17de3aba","local_time":"20190309073406","is_ascension_mode":false,"campfire_choices":[{"data":"Whirlwind","floor":6,"key":"SMITH"},{"data":"Flex","floor":8,"key":"SMITH"},{"data":"Bash","floor":10,"key":"SMITH"}],"neow_cost":"NONE","seed_source_timestamp":655111520772480,"circlet_count":0,"master_deck":["Strike_R","Strike_R","Strike_R","Strike_R","Defend_R","Defend_R","Bash+1","Second Wind+1","Havoc+1","Fiend Fire+1","Whirlwind+1","Spot Weakness+1","Flex+1"],"relics":["Astrolabe","Tiny Chest"],"potions_floor_usage":[5],"damage_taken":[{"damage":1,"enemies":"Small Slimes","floor":1,"turns":2},{"damage":6,"enemies":"2 Louse","floor":2,"turns":2},{"damage":4,"enemies":"Jaw Worm","floor":3,"turns":2},{"damage":0,"enemies":"2 Fungi Beasts","floor":5,"turns":2},{"damage":0,"enemies":"Blue Slaver","floor":7,"turns":2}],"seed_played":"-4725526729318795715","potions_obtained":[{"floor":1,"key":"SteroidPotion"},{"floor":5,"key":"EssenceOfSteel"}],"is_trial":false,"path_per_floor":["M","M","M","$","M","R","M","R","T","R","?","$"],"character_chosen":"IRONCLAD","items_purchased":["Spot Weakness"],"campfire_rested":0,"item_purchase_floors":[4],"current_hp_per_floor":[79,73,69,69,69,69,69,69,69,69,69,69],"gold":124,"neow_bonus":"BOSS_RELIC","is_prod":false,"is_daily":false,"chose_seed":false,"campfire_upgraded":3,"win_rate":0,"timestamp":1552134846,"path_taken":["M","M","M","$","M","R","M","R","T","R","?","$"],"build_version":"2019-01-23","purchased_purges":0,"victory":false,"max_hp_per_floor":[80,80,80,80,80,80,80,80,80,80,80,80],"card_choices":[{"not_picked":["Iron Wave","Searing Blow","Cleave"],"picked":"SKIP","floor":1},{"not_picked":["Spot Weakness","Twin Strike"],"picked":"Whirlwind","floor":2},{"not_picked":["Pommel Strike","Anger","Armaments"],"picked":"SKIP","floor":3},{"not_picked":["Flame Barrier","Hemokinesis","Evolve"],"picked":"SKIP","floor":5},{"not_picked":["Hemokinesis","Disarm"],"picked":"Flex","floor":7}],"player_experience":857765,"relics_obtained":[{"floor":9,"key":"Tiny Chest"}],"event_choices":[{"damage_healed":0,"gold_gain":0,"player_choice":"Grow","damage_taken":0,"max_hp_gain":0,"max_hp_loss":0,"event_name":"Living Wall","floor":11,"gold_loss":0,"cards_upgraded":["Spot Weakness"]}],"is_beta":false,"boss_relics":[],"items_purged_floors":[],"is_endless":false,"potions_floor_spawned":[1,5],"ascension_level":0}