{"gold_per_floor":[119,9,184,201,201,201,222,246,246,246,6,22,37,92,92,92],"floor_reached":16,"playtime":393,"items_purged":["Strike_B","Doubt"],"score":92,"play_id":"e0194073-d5aa-4a2f-bc10-c144e7ebf53d","local_time":"20180716142409","is_ascension_mode":false,"campfire_choices":[{"data":"Recycle","floor":6,"key":"SMITH"},{"floor":10,"key":"REST"},{"floor":15,"key":"REST"}],"neow_cost":"","seed_source_timestamp":0,"circlet_count":0,"master_deck":["Strike_B","Strike_B","Strike_B","Defend_B","Defend_B","Defend_B","Defend_B","Zap","Dualcast","Recycle+1","Static Discharge","Gash","Capacitor","Gash","All For One","Loop"],"special_seed":0,"relics":["Cracked Core","Golden Idol","Gremlin Horn","Omamori"],"potions_floor_usage":[16,16],"damage_taken":[{"damage":11,"enemies":"Jaw Worm","floor":1,"turns":2},{"damage":1,"enemies":"2 Louse","floor":4,"turns":3},{"damage":1,"enemies":"Cultist","floor":7,"turns":3},{"damage":9,"enemies":"Blue Slaver","floor":8,"turns":3},{"damage":27,"enemies":"Exordium Wildlife","floor":12,"turns":4},{"damage":13,"enemies":"Red Slaver","floor":13,"turns":4},{"damage":46,"enemies":"The Guardian","floor":16,"turns":7}],"seed_played":"-4798375022077502525","potions_obtained":[{"floor":8,"key":"Swift Potion"},{"floor":12,"key":"FearPotion"},{"floor":13,"key":"Energy Potion"}],"is_trial":false,"path_per_floor":["M","$","?","M","?","R","M","M","T","R","$","M","M","T","R"],"character_chosen":"DEFECT","items_purchased":["Static Discharge","All For One"],"campfire_rested":2,"item_purchase_floors":[2,11],"current_hp_per_floor":[64,64,64,63,45,45,44,35,35,57,57,30,17,17,39,0],"gold":92,"neow_bonus":"","is_prod":false,"is_daily":false,"chose_seed":false,"campfire_upgraded":1,"win_rate":0,"timestamp":1531722249,"path_taken":["M","$","?","M","?","R","M","M","T","R","$","M","M","?","R","BOSS"],"build_version":"2018-07-12","purchased_purges":2,"victory":false,"max_hp_per_floor":[75,75,75,75,75,75,75,75,75,75,75,75,75,75,75,75],"card_choices":[{"not_picked":["Turbo","Stack"],"picked":"Recycle","floor":1},{"not_picked":["Turbo","Fusion"],"picked":"Gash","floor":4},{"not_picked":["Chaos","Rip and Tear"],"picked":"Capacitor","floor":7},{"not_picked":["Static Discharge","Barrage"],"picked":"Gash","floor":8},{"not_picked":["Static Discharge","Cold Snap"],"picked":"Loop","floor":12},{"not_picked":["Steam","Chill","Genetic Algorithm"],"picked":"SKIP","floor":13}],"player_experience":295745,"relics_obtained":[{"floor":9,"key":"Gremlin Horn"},{"floor":14,"key":"Omamori"}],"event_choices":[{"event_name":"Liars Game","player_choice":"agreed","floor":3,"damage_taken":0},{"event_name":"Golden Idol","player_choice":"Take Damage","floor":5,"damage_taken":0}],"boss_relics":[],"items_purged_floors":[2,11],"is_endless":false,"potions_floor_spawned":[8,12,13],"killed_by":"The Guardian","ascension_level":0}