{"gold_per_floor":[117,127,52,52,52,81,96,123,149,149,149,165,165,9,9,86,86,100,100,120,120,20,20,49,49,118,149,149,149,164,174,174,174],"floor_reached":33,"playtime":855,"items_purged":["Strike_B","FTL"],"score":592,"play_id":"7148cf64-f9aa-4a06-94a0-7975ef998938","local_time":"20190424161300","is_ascension_mode":true,"campfire_choices":[{"data":"Consume","floor":11.0,"key":"SMITH"},{"data":"Sunder","floor":13.0,"key":"SMITH"},{"data":"Defragment","floor":15.0,"key":"SMITH"},{"data":"Zap","floor":23.0,"key":"SMITH"},{"data":"Coolheaded","floor":25,"key":"SMITH"},{"data":"Defragment","floor":28,"key":"SMITH"},{"data":"Heatsinks","floor":32,"key":"SMITH"}],"neow_cost":"NONE","seed_source_timestamp":89639285497345,"circlet_count":0,"master_deck":["AscendersBane","Zap+1","Dualcast","Turbo","Defragment+1","Consume+1","Hologram","Sunder+1","Heatsinks+1","Amplify","Turbo","Compile Driver","Defragment+1","Self Repair+1","Ball Lightning","Coolheaded+1","Double Energy","Tempest","Leap","Cold Snap"],"special_seed":0,"relics":["Cracked Core","NeowsBlessing","Centennial Puzzle","Bag of Marbles","Letter Opener","Omamori","Pandora\u0027s Box","Dream Catcher","Bottled Flame","Red Mask"],"potions_floor_usage":[27],"damage_taken":[{"damage":0.0,"enemies":"Jaw Worm","floor":1.0,"turns":1.0},{"damage":0.0,"enemies":"Small Slimes","floor":2.0,"turns":1.0},{"damage":0.0,"enemies":"Gremlin Nob","floor":6.0,"turns":1.0},{"damage":1.0,"enemies":"Cultist","floor":7.0,"turns":3.0},{"damage":20.0,"enemies":"Lagavulin","floor":8.0,"turns":7.0},{"damage":14.0,"enemies":"Exordium Wildlife","floor":12.0,"turns":4.0},{"damage":22.0,"enemies":"Slime Boss","floor":16.0,"turns":8.0},{"damage":11.0,"enemies":"Spheric Guardian","floor":18.0,"turns":3.0},{"damage":0.0,"enemies":"Chosen","floor":20.0,"turns":2.0},{"damage":28,"enemies":"Gremlin Leader","floor":24,"turns":5},{"damage":11,"enemies":"Masked Bandits","floor":27,"turns":3},{"damage":0,"enemies":"3 Cultists","floor":30,"turns":3},{"damage":9,"enemies":"Snake Plant","floor":31,"turns":2},{"damage":35,"enemies":"Champ","floor":33,"turns":15}],"seed_played":"8778295956064384569","potions_obtained":[{"floor":1.0,"key":"Strength Potion"},{"floor":6.0,"key":"FearPotion"},{"floor":24,"key":"Ancient Potion"},{"floor":31,"key":"Dexterity Potion"}],"is_trial":false,"path_per_floor":["M","M","?","?","T","E","M","E","T","?","R","M","R","$","R","B",null,"M","?","M","?","$","R","E","R","T","?","R","?","M","M","R","B"],"character_chosen":"DEFECT","items_purchased":["Heatsinks"],"campfire_rested":0,"item_purchase_floors":[14],"current_hp_per_floor":[64,64,64,64,64,64,63,43,43,66,66,52,52,52,52,30,61,50,50,50,50,50,50,42,42,42,41,41,41,51,52,52,17],"gold":174,"neow_bonus":"THREE_ENEMY_KILL","is_prod":false,"is_daily":false,"chose_seed":false,"campfire_upgraded":7,"win_rate":0,"timestamp":1556093580,"path_taken":["M","M","?","?","?","E","M","E","T","?","R","?","R","?","R","BOSS","M","?","M","?","$","R","E","R","T","?","R","?","M","?","R","BOSS"],"build_version":"2019-01-23","purchased_purges":2,"victory":false,"max_hp_per_floor":[71,71,71,71,71,71,71,71,71,71,71,71,71,71,71,71,71,71,71,71,71,71,71,71,71,71,71,71,71,71,71,71,71],"card_choices":[{"not_picked":["Go for the Eyes","Scrape","Barrage"],"picked":"SKIP","floor":1.0},{"not_picked":["Beam Cell","Static Discharge"],"picked":"Turbo","floor":2.0},{"not_picked":["Melter","Streamline"],"picked":"Defragment","floor":6.0},{"not_picked":["Barrage","Sweeping Beam"],"picked":"Consume","floor":7.0},{"not_picked":["Scrape","Go for the Eyes"],"picked":"Hologram","floor":8.0},{"not_picked":["Go for the Eyes","Redo"],"picked":"Sunder","floor":12.0},{"not_picked":["Thunder Strike","Machine Learning"],"picked":"Amplify","floor":16.0},{"not_picked":["Sweeping Beam","Redo"],"picked":"Self Repair+1","floor":18.0},{"not_picked":["White Noise","Sweeping Beam"],"picked":"Ball Lightning","floor":20.0},{"not_picked":["Gash","Scrape"],"picked":"Coolheaded","floor":24},{"not_picked":["FTL","Stack"],"picked":"Double Energy","floor":27},{"not_picked":["Rebound","Melter","Redo"],"picked":"SKIP","floor":30},{"not_picked":["Aggregate","Steam Power"],"picked":"Cold Snap","floor":31}],"player_experience":1458993,"relics_obtained":[{"floor":5.0,"key":"Centennial Puzzle"},{"floor":6.0,"key":"Bag of Marbles"},{"floor":8.0,"key":"Letter Opener"},{"floor":9.0,"key":"Omamori"},{"floor":24,"key":"Dream Catcher"},{"floor":26,"key":"Bottled Flame"},{"floor":27,"key":"Red Mask"}],"event_choices":[{"cards_removed":["Strike_B"],"damage_healed":0.0,"max_hp_gain":0.0,"max_hp_loss":0.0,"gold_gain":0.0,"event_name":"The Cleric","player_choice":"Card Removal","floor":3.0,"gold_loss":75.0,"damage_taken":0.0},{"damage_healed":0.0,"max_hp_gain":0.0,"max_hp_loss":0.0,"gold_gain":0.0,"cards_transformed":["Strike_B"],"event_name":"Living Wall","player_choice":"Change","floor":4.0,"gold_loss":0.0,"damage_taken":0.0,"cards_obtained":["Beam Cell"]},{"damage_healed":23.0,"max_hp_gain":0.0,"max_hp_loss":0.0,"gold_gain":0.0,"event_name":"Big Fish","player_choice":"Banana","floor":10.0,"gold_loss":0.0,"damage_taken":0.0},{"damage_healed":0.0,"max_hp_gain":0.0,"max_hp_loss":0.0,"gold_gain":0.0,"event_name":"Ghosts","player_choice":"Ignored","floor":21.0,"gold_loss":0.0,"damage_taken":0.0},{"damage_healed":0,"gold_gain":0,"player_choice":"Fought Bandits","damage_taken":0,"max_hp_gain":0,"max_hp_loss":0,"event_name":"Masked Bandits","floor":27,"gold_loss":0},{"damage_healed":0,"gold_gain":0,"cards_transformed":["Stack","Beam Cell"],"player_choice":"Became Test Subject","damage_taken":0,"max_hp_gain":0,"max_hp_loss":0,"event_name":"Drug Dealer","floor":29,"gold_loss":0,"cards_obtained":["Tempest","Leap"]}],"is_beta":false,"boss_relics":[{"not_picked":["Coffee Dripper","White Beast Statue"],"picked":"Pandora\u0027s Box"}],"items_purged_floors":[14,22],"is_endless":false,"potions_floor_spawned":[1,6,8,12,24,31],"killed_by":"Champ","ascension_level":20}