{"gold_per_floor":[117,133,145,110,19,19,37,63,63,63,120,130,144,171,171,243,243,255,170,184,184,198,198,213,232,258,258,113,113,34,45,45,45],"floor_reached":33,"playtime":1264,"items_purged":[],"score":411,"play_id":"b54d42f9-0c1f-46ef-b86e-95f230359e72","local_time":"20180923090747","is_ascension_mode":true,"campfire_choices":[{"data":"Beam Cell","floor":6,"key":"SMITH"},{"data":"Go for the Eyes","floor":10,"key":"SMITH"},{"floor":15,"key":"REST"},{"floor":23,"key":"REST"},{"floor":27,"key":"REST"},{"data":"Rip and Tear","floor":29,"key":"SMITH"},{"floor":32,"key":"REST"}],"neow_cost":"NONE","seed_source_timestamp":307022196811792,"circlet_count":0,"master_deck":["Strike_B","Strike_B","Strike_B","Strike_B","Defend_B","Defend_B","Defend_B","Defend_B","Zap","Dualcast","AscendersBane","Biased Cognition","Conserve Battery","Beam Cell+1","Barrage","Dramatic Entrance","Seek","Go for the Eyes+1","Steam","Machine Learning","Reboot","Leap+1","Ball Lightning","Reboot","Glacier","Rip and Tear+1","Static Discharge","Steam Power+1"],"relics":["Cracked Core","Gremlin Horn","Bottled Flame","Pen Nib","Odd Mushroom","Busted Crown","Nloth\u0027s Gift","Strawberry"],"potions_floor_usage":[7,8,8,11,14,16,22,24,33],"damage_taken":[{"damage":7,"enemies":"Jaw Worm","floor":1,"turns":3},{"damage":1,"enemies":"Small Slimes","floor":2,"turns":3},{"damage":1,"enemies":"2 Louse","floor":3,"turns":3},{"damage":5,"enemies":"Exordium Wildlife","floor":7,"turns":2},{"damage":15,"enemies":"Lagavulin","floor":8,"turns":6},{"damage":14,"enemies":"Lagavulin Event","floor":11,"turns":4},{"damage":0,"enemies":"Looter","floor":12,"turns":2},{"damage":4,"enemies":"Exordium Thugs","floor":13,"turns":3},{"damage":0,"enemies":"The Mushroom Lair","floor":14,"turns":2},{"damage":36,"enemies":"Hexaghost","floor":16,"turns":9},{"damage":2,"enemies":"3 Byrds","floor":18,"turns":5},{"damage":6,"enemies":"Shell Parasite","floor":20,"turns":4},{"damage":31,"enemies":"Shelled Parasite and Fungi","floor":22,"turns":6},{"damage":21,"enemies":"Snecko","floor":24,"turns":5},{"damage":0,"enemies":"3 Cultists","floor":25,"turns":5},{"damage":29,"enemies":"Snake Plant","floor":31,"turns":3},{"damage":52,"enemies":"Champ","floor":33,"turns":11}],"seed_played":"1444406196474322180","potions_obtained":[{"floor":2,"key":"EntropicBrew"},{"floor":3,"key":"AttackPotion"},{"floor":11,"key":"AttackPotion"},{"floor":13,"key":"Explosive Potion"},{"floor":14,"key":"Explosive Potion"},{"floor":18,"key":"SteroidPotion"},{"floor":22,"key":"SpeedPotion"}],"is_trial":false,"path_per_floor":["M","M","M","?","$","R","M","E","T","R","?","M","M","?","R","B",null,"M","?","M","?","M","R","M","M","T","R","$","R","$","M","R"],"character_chosen":"DEFECT","items_purchased":["Dramatic Entrance","Glacier","Rip and Tear","Static Discharge"],"campfire_rested":4,"item_purchase_floors":[5,28,28,30],"current_hp_per_floor":[61,60,59,75,75,75,70,55,55,55,41,41,37,37,59,23,62,60,60,54,54,23,45,24,24,31,55,55,55,55,26,50,0],"gold":45,"neow_bonus":"ONE_RANDOM_RARE_CARD","is_prod":false,"is_daily":false,"chose_seed":false,"campfire_upgraded":3,"win_rate":0,"timestamp":1537708067,"path_taken":["M","M","M","?","$","R","M","E","T","R","?","M","?","?","R","BOSS","M","?","?","?","M","R","M","M","T","R","$","R","?","M","R","BOSS"],"build_version":"2018-09-20","purchased_purges":0,"victory":false,"max_hp_per_floor":[75,75,75,75,75,75,75,75,75,75,75,75,75,75,75,75,75,75,75,75,75,75,75,75,75,82,82,82,82,82,82,82,82],"card_choices":[{"not_picked":["Gash","Leap"],"picked":"Conserve Battery","floor":1},{"not_picked":["Conserve Battery","Gash"],"picked":"Beam Cell","floor":2},{"not_picked":["Gash","Auto Shields"],"picked":"Barrage","floor":3},{"not_picked":["Coolheaded","Auto Shields"],"picked":"Seek","floor":7},{"not_picked":["Gash","Reinforced Body"],"picked":"Go for the Eyes","floor":8},{"not_picked":["Sweeping Beam","Rebound"],"picked":"Steam","floor":12},{"not_picked":["Go for the Eyes","Undo"],"picked":"Machine Learning","floor":13},{"not_picked":["Hyperbeam","Meteor Strike"],"picked":"Reboot","floor":16},{"not_picked":["Redo"],"picked":"SKIP","floor":18},{"not_picked":[],"picked":"Leap+1","floor":20},{"not_picked":[],"picked":"Ball Lightning","floor":22},{"not_picked":["Barrage"],"picked":"SKIP","floor":24},{"not_picked":[],"picked":"Reboot","floor":25},{"not_picked":[],"picked":"Steam Power+1","floor":31}],"player_experience":574608,"relics_obtained":[{"floor":8,"key":"Gremlin Horn"},{"floor":9,"key":"Bottled Flame"},{"floor":11,"key":"Pen Nib"},{"floor":14,"key":"Odd Mushroom"},{"floor":26,"key":"Strawberry"}],"event_choices":[{"event_name":"The Cleric","player_choice":"Healed","floor":4,"damage_taken":0},{"event_name":"Dead Adventurer","player_choice":"Searched \u00272\u0027 times","floor":11,"damage_taken":0},{"event_name":"Mushrooms","player_choice":"Fought Mushrooms","floor":14,"damage_taken":0},{"event_name":"Addict","player_choice":"Obtained Relic","floor":19,"damage_taken":0},{"event_name":"N\u0027loth","player_choice":"Traded a Smiling Mask","floor":21,"damage_taken":0}],"is_beta":false,"boss_relics":[{"not_picked":["Snecko Eye","Calling Bell"],"picked":"Busted Crown"}],"items_purged_floors":[],"is_endless":false,"potions_floor_spawned":[2,3,11,13,14,18,22],"killed_by":"Champ","ascension_level":13}