{"gold_per_floor":[109,109,109,134,134,134,178,194,194,232,232,197,2,18,18,142,142,163,163,88,104,104,104,128,142,195,195,213,0,0,0,0,124,124,145,145,169,169,184,184,184,27,27,27,43,43,79,92,92,92],"floor_reached":51,"playtime":2704,"items_purged":[],"score":766,"play_id":"67d2286a-7536-425e-b519-29410e018df4","local_time":"20190427174224","is_ascension_mode":true,"campfire_choices":[{"floor":6,"key":"REST"},{"data":"Poisoned Stab","floor":11,"key":"SMITH"},{"data":"Crippling Poison","floor":15,"key":"SMITH"},{"floor":23,"key":"REST"},{"floor":27,"key":"REST"},{"floor":32,"key":"REST"},{"data":"Malaise","floor":40,"key":"SMITH"},{"data":"Catalyst","floor":44,"key":"SMITH"},{"data":"Noxious Fumes","floor":46,"key":"SMITH"},{"floor":49,"key":"REST"}],"neow_cost":"NONE","seed_source_timestamp":3521699253400,"circlet_count":0,"master_deck":["Defend_G","Defend_G","Defend_G","Defend_G","Defend_G","Survivor","Neutralize","Poisoned Stab","Infinite Blades","Poisoned Stab+1","Catalyst+1","Dagger Spray","Malaise+1","Finisher","Crippling Poison+1","Envenom","Noxious Fumes+1","Backflip","Backflip","Bite","Bite","Bite","Bite","Bite","Bane","Madness","Madness","Pain","Cloak And Dagger+1","Footwork+1"],"relics":["Ring of the Snake","Mummified Hand","Golden Idol","Ancient Tea Set","Pear","Singing Bowl","Blue Candle","Lizard Tail","Kunai","Paper Crane","Vajra","Eternal Feather","WarpedTongs","Snake Skull","Bronze Scales","Incense Burner"],"potions_floor_usage":[7,16,25,37,45,50],"damage_taken":[{"damage":0,"enemies":"Cultist","floor":1,"turns":3},{"damage":0,"enemies":"Small Slimes","floor":4,"turns":3},{"damage":22,"enemies":"Gremlin Nob","floor":7,"turns":4},{"damage":0,"enemies":"2 Louse","floor":8,"turns":3},{"damage":19,"enemies":"3 Sentries","floor":10,"turns":10},{"damage":0,"enemies":"Large Slime","floor":14,"turns":3},{"damage":18,"enemies":"Slime Boss","floor":16,"turns":8},{"damage":21,"enemies":"3 Byrds","floor":18,"turns":5},{"damage":38,"enemies":"Spheric Guardian","floor":21,"turns":6},{"damage":8,"enemies":"Centurion and Healer","floor":24,"turns":5},{"damage":12,"enemies":"Snake Plant","floor":25,"turns":5},{"damage":26,"enemies":"Snecko","floor":28,"turns":6},{"damage":36,"enemies":"Automaton","floor":33,"turns":10},{"damage":0,"enemies":"3 Shapes","floor":35,"turns":4},{"damage":20,"enemies":"3 Darklings","floor":37,"turns":6},{"damage":11,"enemies":"4 Shapes","floor":39,"turns":7},{"damage":22,"enemies":"Sphere and 2 Shapes","floor":45,"turns":6},{"damage":30,"enemies":"Nemesis","floor":47,"turns":5},{"damage":9,"enemies":"3 Darklings","floor":48,"turns":4},{"damage":69,"enemies":"Donu and Deca","floor":50,"turns":8}],"seed_played":"-3189402130265534644","potions_obtained":[{"floor":1,"key":"Regen Potion"},{"floor":10,"key":"PowerPotion"},{"floor":21,"key":"FearPotion"},{"floor":24,"key":"Swift Potion"},{"floor":33,"key":"Fire Potion"},{"floor":37,"key":"SpeedPotion"},{"floor":47,"key":"SkillPotion"}],"is_trial":false,"path_per_floor":["M","T","?","M","?","R","E","M","T","E","R","?","$","M","R","B",null,"M","?","?","M","?","R","M","M","T","R","M","?","?","$","R","B",null,"M","?","M","?","M","R","?","$","T","R","M","R","E","M","R","B",null],"character_chosen":"THE_SILENT","items_purchased":["Malaise","Finisher","Snake Skull"],"campfire_rested":5,"item_purchase_floors":[13,13,42],"current_hp_per_floor":[70,70,53,53,46,67,62,62,62,43,43,63,63,63,63,45,80,59,59,59,21,21,45,37,27,27,51,27,27,27,27,44,24,60,60,52,46,46,41,56,56,56,56,62,45,62,37,37,66,9],"gold":92,"neow_bonus":"THREE_CARDS","is_prod":false,"is_daily":false,"chose_seed":false,"campfire_upgraded":5,"win_rate":0,"timestamp":1556404944,"path_taken":["M","?","?","M","?","R","E","M","T","E","R","?","$","M","R","BOSS","M","?","?","M","?","R","M","?","T","R","M","?","?","?","R","BOSS","M","?","M","?","?","R","?","$","T","R","M","R","E","M","R","BOSS"],"build_version":"2019-01-23","purchased_purges":0,"victory":true,"max_hp_per_floor":[70,70,70,70,70,70,80,80,80,80,80,80,80,80,80,80,80,80,80,80,80,80,80,80,82,82,82,84,84,58,58,58,60,60,60,60,62,62,62,62,62,62,62,62,62,62,64,66,66,66],"card_choices":[{"not_picked":["Flying Knee","Choke"],"picked":"Poisoned Stab","floor":0},{"not_picked":["Underhanded Strike","Deflect"],"picked":"Infinite Blades","floor":1},{"not_picked":["Deadly Poison","Backflip"],"picked":"Poisoned Stab","floor":4},{"not_picked":["Dagger Spray","Outmaneuver"],"picked":"Catalyst","floor":7},{"not_picked":["PiercingWail","Masterful Stab","Prepared"],"picked":"SKIP","floor":8},{"not_picked":["Heel Hook","PiercingWail"],"picked":"Dagger Spray","floor":10},{"not_picked":["Acrobatics","Sucker Punch"],"picked":"Crippling Poison","floor":14},{"not_picked":["Unload","Wraith Form v2"],"picked":"Envenom","floor":16},{"not_picked":["Outmaneuver","Dodge and Roll"],"picked":"Noxious Fumes","floor":18},{"not_picked":["Underhanded Strike","Well Laid Plans"],"picked":"Backflip","floor":21},{"not_picked":["PiercingWail","Bane"],"picked":"Backflip","floor":24},{"not_picked":["Flying Knee","Leg Sweep+1","Reflex"],"picked":"Singing Bowl","floor":25},{"not_picked":["Underhanded Strike+1","Outmaneuver","Caltrops"],"picked":"Singing Bowl","floor":28},{"not_picked":["Doppelganger","Envenom","Night Terror"],"picked":"Singing Bowl","floor":33},{"not_picked":["Deadly Poison","Slice"],"picked":"Bane","floor":35},{"not_picked":["Sucker Punch+1","Endless Agony","Concentrate"],"picked":"Singing Bowl","floor":37},{"not_picked":["Expertise","Slice+1"],"picked":"Cloak And Dagger+1","floor":39},{"not_picked":["PiercingWail+1","Noxious Fumes+1"],"picked":"Footwork+1","floor":45},{"not_picked":["Skewer","Slice","PiercingWail+1"],"picked":"Singing Bowl","floor":47},{"not_picked":["Terror+1","Cloak And Dagger","Quick Slash"],"picked":"Singing Bowl","floor":48}],"player_experience":157513,"relics_obtained":[{"floor":2,"key":"Mummified Hand"},{"floor":7,"key":"Pear"},{"floor":9,"key":"Singing Bowl"},{"floor":10,"key":"Blue Candle"},{"floor":26,"key":"Vajra"},{"floor":43,"key":"Bronze Scales"},{"floor":47,"key":"Incense Burner"}],"event_choices":[{"damage_healed":0,"gold_gain":0,"player_choice":"Take Damage","damage_taken":17,"relics_obtained":["Golden Idol"],"max_hp_gain":0,"max_hp_loss":0,"event_name":"Golden Idol","floor":3,"gold_loss":0},{"damage_healed":0,"gold_gain":0,"player_choice":"Success","damage_taken":7,"relics_obtained":["Ancient Tea Set"],"max_hp_gain":0,"max_hp_loss":0,"event_name":"Scrap Ooze","floor":5,"gold_loss":0},{"damage_healed":20,"gold_gain":0,"player_choice":"Healed","damage_taken":0,"max_hp_gain":0,"max_hp_loss":0,"event_name":"The Cleric","floor":12,"gold_loss":35},{"damage_healed":0,"gold_gain":0,"player_choice":"Opened","damage_taken":0,"relics_obtained":["Kunai"],"max_hp_gain":0,"max_hp_loss":0,"event_name":"The Mausoleum","floor":19,"gold_loss":0,"cards_obtained":["Writhe"]},{"cards_removed":["Writhe"],"damage_healed":0,"gold_gain":0,"player_choice":"Gave Gold","damage_taken":0,"max_hp_gain":0,"max_hp_loss":0,"event_name":"Beggar","floor":20,"gold_loss":75},{"damage_healed":0,"gold_gain":0,"player_choice":"Gave Potion","damage_taken":0,"relics_obtained":["Paper Crane"],"max_hp_gain":0,"max_hp_loss":0,"event_name":"WeMeetAgain","floor":22,"gold_loss":0},{"damage_healed":0,"gold_gain":0,"player_choice":"Paid Fearfully","damage_taken":0,"max_hp_gain":0,"max_hp_loss":0,"event_name":"Masked Bandits","floor":29,"gold_loss":213},{"damage_healed":0,"gold_gain":0,"player_choice":"Became a vampire","damage_taken":0,"max_hp_gain":0,"max_hp_loss":26,"event_name":"Vampires","floor":30,"gold_loss":0,"cards_obtained":["Bite","Bite","Bite","Bite","Bite"]},{"damage_healed":0,"gold_gain":0,"player_choice":"Embrace Madness","damage_taken":8,"max_hp_gain":0,"max_hp_loss":0,"event_name":"Winding Halls","floor":36,"gold_loss":0,"cards_obtained":["Madness","Madness"]},{"damage_healed":0,"gold_gain":0,"player_choice":"Rummage","damage_taken":0,"relics_obtained":["WarpedTongs"],"max_hp_gain":0,"max_hp_loss":0,"event_name":"Accursed Blacksmith","floor":38,"gold_loss":0,"cards_obtained":["Pain"]},{"damage_healed":0,"gold_gain":0,"player_choice":"Ignored","damage_taken":0,"max_hp_gain":0,"max_hp_loss":0,"event_name":"Tomb of Lord Red Mask","floor":41,"gold_loss":0}],"is_beta":false,"boss_relics":[{"not_picked":["Philosopher\u0027s Stone","Velvet Choker"],"picked":"Lizard Tail"},{"not_picked":["Coffee Dripper","HoveringKite"],"picked":"Eternal Feather"}],"items_purged_floors":[],"is_endless":false,"potions_floor_spawned":[1,10,21,24,33,37,47],"ascension_level":1}