{"gold_per_floor":[116,116,116,116,126,153,153,180,254,254,266,277,277,303,303,403,403,418,418,126,136,146,146,178,189,241,241,258,258,270,270,270,369,369,382,435,435,450,450],"floor_reached":39,"playtime":2930,"items_purged":[],"score":558,"play_id":"122629c5-11f9-4963-9945-3233c5e06d19","local_time":"20190409001618","is_ascension_mode":true,"campfire_choices":[{"data":"Zap","floor":7.0,"key":"SMITH"},{"data":"Dualcast","floor":10.0,"key":"SMITH"},{"data":"Chaos","floor":15.0,"key":"SMITH"},{"floor":23.0,"key":"REST"},{"floor":27.0,"key":"REST"},{"floor":29.0,"key":"REST"},{"floor":32.0,"key":"REST"}],"neow_cost":"NONE","seed_source_timestamp":0,"circlet_count":0,"master_deck":["Defend_B","Defend_B","Defend_B","Defend_B","Zap+1","Dualcast+1","Melter+1","Self Repair","Beam Cell","Streamline","Sunder","Chaos+1","Echo Form+1","Heatsinks+1","Biased Cognition+1","White Noise+1","Auto Shields+1","Coolheaded","Ball Lightning","Sweeping Beam+1","Leap","Cold Snap+1","Machine Learning","Reinforced Body+1","BootSequence","Glacier+1"],"special_seed":0,"relics":["Cracked Core","NeowsBlessing","Potion Belt","Letter Opener","Shuriken","Boot","Astrolabe","FaceOfCleric","Mango","Anchor","Dream Catcher","Eternal Feather","Shovel"],"potions_floor_usage":[36,38,39],"damage_taken":[{"damage":0.0,"enemies":"Jaw Worm","floor":1.0,"turns":1.0},{"damage":0.0,"enemies":"Small Slimes","floor":5.0,"turns":1.0},{"damage":0.0,"enemies":"Gremlin Nob","floor":6.0,"turns":1.0},{"damage":40.0,"enemies":"Lagavulin","floor":8.0,"turns":7.0},{"damage":1.0,"enemies":"Cultist","floor":11.0,"turns":3.0},{"damage":10.0,"enemies":"Lots of Slimes","floor":12.0,"turns":3.0},{"damage":6.0,"enemies":"3 Sentries","floor":14.0,"turns":4.0},{"damage":24.0,"enemies":"Hexaghost","floor":16.0,"turns":9.0},{"damage":25.0,"enemies":"Shell Parasite","floor":18.0,"turns":4.0},{"damage":34.0,"enemies":"3 Byrds","floor":21.0,"turns":3.0},{"damage":27.0,"enemies":"Snake Plant","floor":22.0,"turns":4.0},{"damage":16.0,"enemies":"Book of Stabbing","floor":24.0,"turns":5.0},{"damage":7.0,"enemies":"Sentry and Sphere","floor":25.0,"turns":4.0},{"damage":17.0,"enemies":"Shelled Parasite and Fungi","floor":28.0,"turns":4.0},{"damage":16.0,"enemies":"Centurion and Healer","floor":30.0,"turns":5.0},{"damage":42,"enemies":"Collector","floor":33,"turns":10},{"damage":9,"enemies":"3 Shapes","floor":35,"turns":3},{"damage":62,"enemies":"2 Orb Walkers","floor":36,"turns":4},{"damage":22,"enemies":"3 Darklings","floor":38,"turns":6},{"damage":21,"enemies":"Transient","floor":39,"turns":2}],"seed_played":"2755773484366652254","potions_obtained":[{"floor":1.0,"key":"SpeedPotion"},{"floor":5.0,"key":"Ancient Potion"},{"floor":8.0,"key":"EssenceOfSteel"},{"floor":12.0,"key":"LiquidBronze"},{"floor":21.0,"key":"Ancient Potion"},{"floor":28.0,"key":"Dexterity Potion"},{"floor":33,"key":"Ancient Potion"},{"floor":36,"key":"Fire Potion"},{"floor":38,"key":"Poison Potion"}],"is_trial":false,"path_per_floor":["M","$","?","$","M","E","R","E","T","R","M","M","?","E","R","B",null,"M","?","$","M","M","R","E","M","T","R","M","R","M","?","R","B",null,"M","?","?","M","M"],"character_chosen":"DEFECT","items_purchased":["Mango"],"campfire_rested":4,"item_purchase_floors":[20],"current_hp_per_floor":[75,75,75,75,75,75,75,42,42,42,48,45,45,46,46,29,75,57,57,71,38,12,39,24,18,18,45,29,57,42,42,70,36,96,88,27,27,13,0],"gold":450,"neow_bonus":"THREE_ENEMY_KILL","is_prod":false,"is_daily":false,"chose_seed":false,"campfire_upgraded":3,"win_rate":0,"timestamp":1554783378,"path_taken":["M","$","?","$","M","E","R","E","T","R","M","M","?","E","R","BOSS","M","?","$","M","M","R","E","M","T","R","M","R","?","?","R","BOSS","M","?","?","M","?"],"build_version":"2019-01-23","purchased_purges":0,"victory":false,"max_hp_per_floor":[75,75,75,75,75,75,75,75,75,75,75,75,75,75,75,75,75,75,75,89,90,91,91,92,93,93,93,94,94,95,95,95,96,96,97,98,98,99,99],"card_choices":[{"not_picked":["Steam Power","Streamline"],"picked":"Melter","floor":1.0},{"not_picked":["Consume","Blizzard","Storm"],"picked":"SKIP","floor":5.0},{"not_picked":["Sweeping Beam","Turbo"],"picked":"Self Repair","floor":6.0},{"not_picked":["Stack","Static Discharge"],"picked":"Beam Cell","floor":8.0},{"not_picked":["Rebound","Barrage"],"picked":"Streamline","floor":11.0},{"not_picked":["Stack","Scrape"],"picked":"Steam","floor":12.0},{"not_picked":["Stack","Beam Cell"],"picked":"Chaos","floor":14.0},{"not_picked":["Rainbow","Meteor Strike"],"picked":"Echo Form","floor":16.0},{"not_picked":["Beam Cell","Steam"],"picked":"Auto Shields+1","floor":18.0},{"not_picked":["Hologram","Compile Driver","Undo"],"picked":"SKIP","floor":21.0},{"not_picked":["Sweeping Beam","Barrage+1"],"picked":"Coolheaded","floor":22.0},{"not_picked":["Sunder","Hyperbeam","Consume"],"picked":"SKIP","floor":24.0},{"not_picked":["Turbo","Rip and Tear","Beam Cell"],"picked":"SKIP","floor":25.0},{"not_picked":["Turbo","Heatsinks"],"picked":"Ball Lightning","floor":27.0},{"not_picked":["Sunder+1","Chill"],"picked":"Sweeping Beam+1","floor":28.0},{"not_picked":["Coolheaded","Steam"],"picked":"Leap","floor":30.0},{"not_picked":["Hologram","Meteor Strike"],"picked":"Cold Snap+1","floor":32.0},{"not_picked":["Biased Cognition","Echo Form"],"picked":"Machine Learning","floor":33},{"not_picked":["Compile Driver+1","Darkness"],"picked":"Reinforced Body+1","floor":35},{"not_picked":["Turbo+1","Sweeping Beam"],"picked":"BootSequence","floor":36},{"not_picked":["Coolheaded+1","Gash"],"picked":"Glacier+1","floor":38}],"player_experience":214516,"relics_obtained":[{"floor":6.0,"key":"Potion Belt"},{"floor":8.0,"key":"Letter Opener"},{"floor":9.0,"key":"Shuriken"},{"floor":14.0,"key":"Boot"},{"floor":24.0,"key":"Anchor"},{"floor":26.0,"key":"Dream Catcher"},{"floor":36,"key":"Shovel"}],"event_choices":[{"damage_healed":0.0,"max_hp_gain":0.0,"max_hp_loss":0.0,"gold_gain":0.0,"event_name":"Living Wall","player_choice":"Grow","floor":3.0,"gold_loss":0.0,"damage_taken":0.0,"cards_upgraded":["Melter"]},{"damage_healed":0.0,"max_hp_gain":0.0,"max_hp_loss":0.0,"gold_gain":0.0,"cards_transformed":["Steam"],"event_name":"Transmorgrifier","player_choice":"Transformed","floor":13.0,"gold_loss":0.0,"damage_taken":0.0,"cards_obtained":["Sunder"]},{"damage_healed":0.0,"max_hp_gain":0.0,"max_hp_loss":0.0,"gold_gain":0.0,"event_name":"FaceTrader","player_choice":"Trade","floor":19.0,"gold_loss":0.0,"damage_taken":0.0,"relics_obtained":["FaceOfCleric"]},{"damage_healed":0.0,"max_hp_gain":0.0,"max_hp_loss":0.0,"gold_gain":0.0,"event_name":"Accursed Blacksmith","player_choice":"Forge","floor":31.0,"gold_loss":0.0,"damage_taken":0.0,"cards_upgraded":["Echo Form"]},{"damage_healed":0,"gold_gain":0,"player_choice":"Fight","damage_taken":0,"max_hp_gain":0,"max_hp_loss":0,"event_name":"Mysterious Sphere","floor":36,"gold_loss":0},{"cards_removed":["Strike_B"],"damage_healed":0,"gold_gain":0,"player_choice":"Purged","damage_taken":0,"max_hp_gain":0,"max_hp_loss":0,"event_name":"Purifier","floor":37,"gold_loss":0}],"is_beta":false,"boss_relics":[{"not_picked":["Black Star","Fusion Hammer"],"picked":"Astrolabe"},{"not_picked":["Coffee Dripper","Runic Dome"],"picked":"Eternal Feather"}],"items_purged_floors":[],"is_endless":false,"potions_floor_spawned":[1,5,8,12,21,28,33,36,38],"killed_by":"Transient","ascension_level":4}