{"path_per_floor":["M","M","?","M","$","R","E","$","T","M","R","M","?","M","R","B",null,"M","$","?","?","M","R","M","E","T","R","M","T","R","M","R"],"character_chosen":"DEFECT","items_purchased":["Hologram","Gash","Finesse"],"gold_per_floor":[114,133,133,153,31,31,60,13,59,76,76,95,95,115,115,215,215,228,26,26,26,45,45,64,90,90,90,101,127,127,144,144,144],"floor_reached":33,"campfire_rested":3,"playtime":1301,"item_purchase_floors":[5,8,19],"current_hp_per_floor":[68,68,73,73,73,73,54,54,54,45,45,40,40,21,45,30,80,56,56,56,56,56,56,38,7,7,31,16,16,16,9,33,0],"items_purged":["Strike_B","Strike_B"],"gold":144,"score":320,"play_id":"128f32e4-bf6e-4419-9ba4-1f766e72d3cb","local_time":"20180612225959","is_prod":false,"is_daily":false,"chose_seed":false,"is_ascension_mode":true,"campfire_upgraded":4,"win_rate":0,"timestamp":1528815599,"campfire_choices":[{"data":"Zap","floor":6,"key":"SMITH"},{"data":"Hologram","floor":11,"key":"SMITH"},{"floor":15,"key":"REST"},{"data":"Gash","floor":23,"key":"SMITH"},{"floor":27,"key":"REST"},{"data":"Coolheaded","floor":30,"key":"SMITH"},{"floor":32,"key":"REST"}],"path_taken":["M","M","?","M","$","R","E","?","T","M","R","M","?","M","R","BOSS","M","$","?","?","M","R","M","E","T","R","M","?","R","M","R","BOSS"],"build_version":"2018-06-07v3","seed_source_timestamp":451965543848543,"purchased_purges":2,"victory":false,"master_deck":["Strike_B","Strike_B","Defend_B","Defend_B","Zap+1","Dualcast","FTL","Coolheaded","Conserve Battery","Hologram+1","Fusion","Gash+1","Gash","Redo","Rebound","Reboot","Beam Cell","Finesse","Writhe","Reinforced Body","Scrape","Compile Driver","Coolheaded+1"],"max_hp_per_floor":[75,75,80,80,80,80,80,80,80,80,80,80,80,80,80,80,80,80,80,80,80,80,80,80,80,80,80,80,80,80,80,80,80],"relics":["Cracked Core","Oddly Smooth Stone","Ancient Tea Set","Nuclear Battery","Cables","Blood Vial","Emotion Chip","Bag of Marbles"],"card_choices":[{"not_picked":["Hologram","Barrage"],"picked":"FTL","floor":1},{"not_picked":["Leap","Doom and Gloom"],"picked":"Coolheaded","floor":2},{"not_picked":["Auto Shields","Double Energy"],"picked":"Conserve Battery","floor":4},{"not_picked":["Redo","Leap"],"picked":"Fusion","floor":7},{"not_picked":["Compile Driver","Go for the Eyes"],"picked":"Gash","floor":10},{"not_picked":["Multi-Cast","Consume"],"picked":"Redo","floor":12},{"not_picked":["Cold Snap","Tempest"],"picked":"Rebound","floor":14},{"not_picked":["Seek","Hyperbeam"],"picked":"Reboot","floor":16},{"not_picked":["Consume","Stack"],"picked":"Beam Cell","floor":18},{"not_picked":["Steam","Undo+1"],"picked":"Reinforced Body","floor":22},{"not_picked":["Conserve Battery","Coolheaded"],"picked":"Scrape","floor":24},{"not_picked":["Barrage","Undo"],"picked":"Compile Driver","floor":25},{"not_picked":["Rebound+1","Amplify"],"picked":"Coolheaded","floor":28},{"not_picked":["Cold Snap","Gash","Capacitor+1"],"picked":"SKIP","floor":31}],"player_experience":254469,"potions_floor_usage":[7,16,16,33,33],"damage_taken":[{"damage":7,"enemies":"Small Slimes","floor":1,"turns":4},{"damage":0,"enemies":"2 Louse","floor":2,"turns":1},{"damage":0,"enemies":"Cultist","floor":4,"turns":4},{"damage":19,"enemies":"Lagavulin","floor":7,"turns":5},{"damage":9,"enemies":"Exordium Thugs","floor":10,"turns":5},{"damage":5,"enemies":"Blue Slaver","floor":12,"turns":3},{"damage":19,"enemies":"Lots of Slimes","floor":14,"turns":4},{"damage":30,"enemies":"Hexaghost","floor":16,"turns":9},{"damage":24,"enemies":"3 Byrds","floor":18,"turns":4},{"damage":0,"enemies":"Spheric Guardian","floor":22,"turns":3},{"damage":18,"enemies":"Cultist and Chosen","floor":24,"turns":6},{"damage":31,"enemies":"Slavers","floor":25,"turns":7},{"damage":17,"enemies":"Sentry and Sphere","floor":28,"turns":5},{"damage":9,"enemies":"Snecko","floor":31,"turns":3},{"damage":52,"enemies":"Champ","floor":33,"turns":8}],"relics_obtained":[{"floor":7,"key":"Oddly Smooth Stone"},{"floor":9,"key":"Ancient Tea Set"},{"floor":25,"key":"Blood Vial"},{"floor":26,"key":"Emotion Chip"},{"floor":29,"key":"Bag of Marbles"}],"event_choices":[{"event_name":"Big Fish","player_choice":"Donut","floor":3,"damage_taken":0},{"event_name":"Living Wall","player_choice":"Forget","floor":13,"damage_taken":0},{"event_name":"The Mausoleum","player_choice":"Yes","floor":20,"damage_taken":0},{"event_name":"Back to Basics","player_choice":"Elegance","floor":21,"damage_taken":0}],"boss_relics":[{"not_picked":["Eternal Feather","Tiny House"],"picked":"Nuclear Battery"}],"items_purged_floors":[5,19],"potions_floor_spawned":[1,2,14,28,31],"seed_played":"7567922803252890708","killed_by":"Champ","ascension_level":4,"potions_obtained":[{"floor":1,"key":"SteroidPotion"},{"floor":2,"key":"Regen Potion"},{"floor":14,"key":"Weak Potion"},{"floor":28,"key":"LiquidBronze"},{"floor":31,"key":"SteroidPotion"}],"is_trial":false}