{"gold_per_floor":[113,113,126,51,64,77,77,77,104,124,1,1,21,21,21,121,121,141,160,178,178,93,93],"floor_reached":23,"playtime":566,"items_purged":["Defend_R"],"score":185,"play_id":"ed3f7098-5075-4a48-bd05-9d847f065e65","local_time":"20180726164054","is_ascension_mode":false,"campfire_choices":[{"data":"Limit Break","floor":7.0,"key":"SMITH"},{"data":"Flex","floor":12.0,"key":"SMITH"},{"data":"Inflame","floor":15.0,"key":"SMITH"}],"neow_cost":"FIFTY_PERCENT_DAMAGE","seed_source_timestamp":0,"circlet_count":0,"master_deck":["Limit Break+1","Battle Trance+1","Flex+1","Inflame+1","Double Tap","Iron Wave","Inflame","Power Through","Sentinel","Anger","Spot Weakness","Havoc"],"special_seed":0,"relics":["Burning Blood","War Paint","Pandora\u0027s Box","Boot"],"potions_floor_usage":[],"damage_taken":[{"damage":0.0,"enemies":"Small Slimes","floor":1.0,"turns":3.0},{"damage":10.0,"enemies":"Cultist","floor":3.0,"turns":4.0},{"damage":11.0,"enemies":"Jaw Worm","floor":5.0,"turns":2.0},{"damage":25.0,"enemies":"Exordium Thugs","floor":6.0,"turns":5.0},{"damage":13.0,"enemies":"Large Slime","floor":10.0,"turns":7.0},{"damage":6.0,"enemies":"2 Fungi Beasts","floor":13.0,"turns":3.0},{"damage":24.0,"enemies":"The Guardian","floor":16.0,"turns":5.0},{"damage":22.0,"enemies":"Shell Parasite","floor":18.0,"turns":3.0},{"damage":15.0,"enemies":"3 Byrds","floor":19.0,"turns":4.0},{"damage":21.0,"enemies":"Snake Plant","floor":20.0,"turns":3.0},{"damage":2.0,"enemies":"Centurion and Healer","floor":22.0,"turns":3.0},{"damage":29,"enemies":"Slavers","floor":23,"turns":2}],"seed_played":"5760285542672630031","potions_obtained":[{"floor":1.0,"key":"Energy Potion"},{"floor":5.0,"key":"SkillPotion"},{"floor":6.0,"key":"SneckoOil"},{"floor":19.0,"key":"SkillPotion"},{"floor":20.0,"key":"SkillPotion"}],"is_trial":false,"path_per_floor":["M","?","M","$","M","M","R","?","T","M","$","R","M","?","R","B",null,"M","M","M","?","?"],"character_chosen":"IRONCLAD","items_purchased":["Flex","Inflame"],"campfire_rested":0,"item_purchase_floors":[11,11],"current_hp_per_floor":[46,46,42,42,37,18,18,44,44,37,37,37,37,30,30,12,80,64,55,40,25,29,0],"gold":93,"neow_bonus":"THREE_RARE_CARDS","is_prod":false,"is_daily":false,"chose_seed":false,"campfire_upgraded":3,"win_rate":0,"timestamp":1532594454,"path_taken":["M","?","M","$","M","?","R","?","T","M","?","R","M","?","R","BOSS","M","?","M","?","?","E"],"build_version":"2018-07-19v2","purchased_purges":1,"victory":false,"max_hp_per_floor":[80,80,80,80,80,80,80,80,80,80,80,80,80,80,80,80,80,80,80,80,85,85,85],"card_choices":[{"not_picked":["Bludgeon","Reaper"],"picked":"Limit Break","floor":0.0},{"not_picked":["Body Slam","Power Through","Disarm"],"picked":"SKIP","floor":1.0},{"not_picked":["Evolve","Warcry","Metallicize"],"picked":"SKIP","floor":3.0},{"not_picked":["Body Slam","Warcry"],"picked":"Battle Trance","floor":5.0},{"not_picked":["Armaments","Metallicize","Evolve"],"picked":"SKIP","floor":6.0},{"not_picked":["Metallicize","Perfected Strike","Pommel Strike"],"picked":"SKIP","floor":10.0},{"not_picked":["Headbutt","Wild Strike","Sentinel"],"picked":"SKIP","floor":13.0},{"not_picked":["Demon Form","Reaper"],"picked":"Double Tap","floor":16.0},{"not_picked":["Reckless Charge+1","Wild Strike","True Grit"],"picked":"SKIP","floor":18.0},{"not_picked":["Iron Wave+1","Spot Weakness","Clash+1"],"picked":"SKIP","floor":19.0},{"not_picked":["Clash+1","Heavy Blade","Armaments"],"picked":"SKIP","floor":20.0}],"player_experience":319259,"relics_obtained":[{"floor":9.0,"key":"War Paint"}],"event_choices":[{"event_name":"Purifier","player_choice":"One Purge","floor":2.0,"damage_taken":0.0},{"event_name":"Big Fish","player_choice":"Banana","floor":8.0,"damage_taken":0.0},{"event_name":"Golden Wing","player_choice":"Card Removal","floor":14.0,"damage_taken":0.0},{"event_name":"Forgotten Altar","player_choice":"Shed Blood","floor":21.0,"damage_taken":0.0},{"event_name":"Addict","player_choice":"Obtained Relic","floor":22,"damage_taken":0}],"is_beta":false,"boss_relics":[{"not_picked":["Calling Bell","Black Blood"],"picked":"Pandora\u0027s Box"}],"items_purged_floors":[4],"is_endless":false,"potions_floor_spawned":[1,5,6,19,20,22],"killed_by":"Slavers","ascension_level":0}