{"gold_per_floor":[114,189,199,217,217,217,248,248,248,315,315,315,345,361,361,440,440,453,470,244,256,256,256],"floor_reached":23,"playtime":577,"items_purged":[],"score":398,"play_id":"048b4a11-95d9-4cd2-bd10-8f5e3c6f7f17","local_time":"20190501180215","is_ascension_mode":true,"campfire_choices":[{"data":"Ball Lightning","floor":6,"key":"SMITH"},{"data":"Sunder","floor":8,"key":"SMITH"},{"floor":12,"key":"REST"},{"floor":15,"key":"REST"}],"neow_cost":"NONE","seed_source_timestamp":706500779629598,"circlet_count":0,"master_deck":["AscendersBane","Strike_B","Strike_B","Strike_B","Strike_B","Defend_B","Defend_B","Defend_B","Defend_B","Zap+1","Dualcast","Compile Driver","Ball Lightning+1","Rebound","Sunder+1","Core Surge","Loop","Buffer","Auto Shields","White Noise"],"relics":["Cracked Core","Smiling Mask","Boot","Shuriken","Anchor","Pen Nib","Busted Crown","Runic Capacitor","Enchiridion"],"potions_floor_usage":[7,16,16,23,23],"damage_taken":[{"damage":2,"enemies":"Cultist","floor":1,"turns":4},{"damage":8,"enemies":"Small Slimes","floor":3,"turns":3},{"damage":1,"enemies":"2 Louse","floor":4,"turns":2},{"damage":30,"enemies":"Lagavulin","floor":7,"turns":5},{"damage":15,"enemies":"3 Sentries","floor":13,"turns":5},{"damage":9,"enemies":"Red Slaver","floor":14,"turns":3},{"damage":23,"enemies":"Hexaghost","floor":16,"turns":8},{"damage":11,"enemies":"Shell Parasite","floor":18,"turns":2},{"damage":13,"enemies":"2 Thieves","floor":19,"turns":4},{"damage":7,"enemies":"Centurion and Healer","floor":21,"turns":5},{"damage":5,"enemies":"Slavers","floor":23,"turns":1}],"seed_played":"-460589426830233666","potions_obtained":[{"floor":3,"key":"SkillPotion"},{"floor":7,"key":"SpeedPotion"},{"floor":14,"key":"FearPotion"},{"floor":19,"key":"Strength Potion"},{"floor":21,"key":"SteroidPotion"}],"is_trial":false,"path_per_floor":["M","?","M","M","?","R","E","R","T","?","T","R","E","M","R","B",null,"M","M","$","M","?","E"],"character_chosen":"DEFECT","items_purchased":["Runic Capacitor"],"campfire_rested":2,"item_purchase_floors":[20],"current_hp_per_floor":[62,51,43,42,42,42,12,12,12,12,12,33,18,9,30,7,55,44,31,31,24,3,0],"gold":256,"neow_bonus":"RANDOM_COMMON_RELIC","is_prod":false,"is_daily":false,"chose_seed":false,"campfire_upgraded":2,"win_rate":0,"timestamp":1556748135,"path_taken":["M","?","M","M","?","R","E","R","T","?","?","R","E","M","R","BOSS","M","M","$","M","?","E"],"build_version":"2019-01-23","purchased_purges":0,"victory":false,"max_hp_per_floor":[71,71,71,71,71,71,71,71,71,71,71,71,71,71,71,71,71,71,71,71,71,71,71],"card_choices":[{"not_picked":["Leap","Conserve Battery"],"picked":"Compile Driver","floor":1},{"not_picked":["Double Energy","Doom and Gloom"],"picked":"Ball Lightning","floor":3},{"not_picked":["Reprogram","Leap"],"picked":"Rebound","floor":4},{"not_picked":["Gash","Scrape"],"picked":"Sunder","floor":7},{"not_picked":["Chill","Capacitor"],"picked":"Core Surge","floor":13},{"not_picked":["Rebound","Barrage"],"picked":"Loop","floor":14},{"not_picked":["Amplify","Seek"],"picked":"Buffer","floor":16},{"not_picked":[],"picked":"Auto Shields","floor":18},{"not_picked":["Leap"],"picked":"SKIP","floor":19},{"not_picked":[],"picked":"White Noise","floor":21}],"player_experience":940406,"relics_obtained":[{"floor":7,"key":"Boot"},{"floor":9,"key":"Shuriken"},{"floor":11,"key":"Anchor"},{"floor":13,"key":"Pen Nib"},{"floor":22,"key":"Enchiridion"}],"event_choices":[{"damage_healed":0,"gold_gain":75,"player_choice":"Gather Gold","damage_taken":11,"max_hp_gain":0,"max_hp_loss":0,"event_name":"World of Goop","floor":2,"gold_loss":0},{"damage_healed":0,"gold_gain":0,"player_choice":"Grow","damage_taken":0,"max_hp_gain":0,"max_hp_loss":0,"event_name":"Living Wall","floor":5,"gold_loss":0,"cards_upgraded":["Zap"]},{"damage_healed":0,"gold_gain":67,"player_choice":"Gained Gold","damage_taken":0,"max_hp_gain":0,"max_hp_loss":0,"event_name":"Golden Wing","floor":10,"gold_loss":0},{"damage_healed":0,"gold_gain":0,"player_choice":"Obtained Book","damage_taken":21,"max_hp_gain":0,"max_hp_loss":0,"event_name":"Cursed Tome","floor":22,"gold_loss":0}],"is_beta":false,"boss_relics":[{"not_picked":["Runic Pyramid","Runic Dome"],"picked":"Busted Crown"}],"items_purged_floors":[],"is_endless":false,"potions_floor_spawned":[3,7,14,19,21],"killed_by":"Slavers","ascension_level":20}