{"gold_per_floor":[118,135,145,164,164,192,192,219,290,309,309,328,328,328,328,428,428,447,460,149,149,49,82,82,99,99,0,16,16,28,38,38,138,138,150,163,173,29,429,429,429],"floor_reached":41,"playtime":2325,"items_purged":["Decay","Parasite"],"score":475,"play_id":"281f6554-ae22-42c2-96c0-5c1dc3baeb40","local_time":"20190218214810","is_ascension_mode":false,"campfire_choices":[{"floor":7,"key":"REST"},{"data":"Armaments","floor":13,"key":"SMITH"},{"floor":15,"key":"REST"},{"data":"Parasite","floor":24,"key":"PURGE"},{"floor":32,"key":"REST"},{"data":"Demon Form","floor":40,"key":"SMITH"}],"neow_cost":"CURSE","seed_source_timestamp":184058149654894,"circlet_count":0,"master_deck":["Strike_R","Strike_R","Strike_R","Strike_R","Defend_R","Defend_R","Defend_R","Defend_R","Bash","Iron Wave","Anger","Inflame+1","Pommel Strike","Perfected Strike","Perfected Strike","Armaments+1","Metallicize","Iron Wave","Anger","Clash+1","Pommel Strike","Iron Wave+1","Perfected Strike+1","Clash","Heavy Blade","Ghostly Armor+1","Impervious","Flame Barrier+1","Barricade+1","Entrench+1","Searing Blow+1","Twin Strike","Spot Weakness+1","Demon Form+1","Clash"],"relics":["Burning Blood","Peace Pipe","Mercury Hourglass","Turnip","Self Forming Clay","Calling Bell","Ancient Tea Set","Matryoshka","Pocketwatch","ClockworkSouvenir","MutagenicStrength","Pen Nib","Vajra","StoneCalendar","Astrolabe","Old Coin"],"potions_floor_usage":[25,33,33,41,41,41],"damage_taken":[{"damage":1,"enemies":"Cultist","floor":1,"turns":3},{"damage":16,"enemies":"Jaw Worm","floor":2,"turns":4},{"damage":5,"enemies":"Small Slimes","floor":3,"turns":4},{"damage":34,"enemies":"Exordium Thugs","floor":4,"turns":4},{"damage":23,"enemies":"Gremlin Nob","floor":6,"turns":4},{"damage":26,"enemies":"3 Sentries","floor":8,"turns":4},{"damage":7,"enemies":"2 Fungi Beasts","floor":10,"turns":2},{"damage":3,"enemies":"Large Slime","floor":12,"turns":4},{"damage":3,"enemies":"Slime Boss","floor":16,"turns":5},{"damage":22,"enemies":"3 Byrds","floor":18,"turns":4},{"damage":5,"enemies":"Chosen","floor":19,"turns":4},{"damage":21,"enemies":"Slavers","floor":23,"turns":5},{"damage":11,"enemies":"Centurion and Healer","floor":25,"turns":6},{"damage":6,"enemies":"3 Cultists","floor":28,"turns":3},{"damage":0,"enemies":"Snecko","floor":30,"turns":2},{"damage":5,"enemies":"Chosen and Byrds","floor":31,"turns":3},{"damage":36,"enemies":"Champ","floor":33,"turns":8},{"damage":9,"enemies":"3 Shapes","floor":35,"turns":4},{"damage":5,"enemies":"Orb Walker","floor":36,"turns":3},{"damage":13,"enemies":"4 Shapes","floor":37,"turns":4},{"damage":0,"enemies":"Mind Bloom Boss Battle","floor":39,"turns":4},{"damage":88,"enemies":"Giant Head","floor":41,"turns":7}],"seed_played":"-9156082106145494835","potions_obtained":[{"floor":2,"key":"SneckoOil"},{"floor":3,"key":"Weak Potion"},{"floor":10,"key":"EssenceOfSteel"},{"floor":23,"key":"Regen Potion"},{"floor":25,"key":"PowerPotion"},{"floor":35,"key":"Regen Potion"},{"floor":37,"key":"SpeedPotion"},{"floor":39,"key":"Energy Potion"}],"is_trial":false,"path_per_floor":["M","M","M","M","?","E","R","E","T","M","?","M","R","?","R","B",null,"M","M","$","?","$","E","R","M","T","?","M","?","M","M","R","B",null,"M","M","M","$","?","R","E"],"character_chosen":"IRONCLAD","items_purchased":["Pommel Strike","ClockworkSouvenir","Demon Form"],"campfire_rested":3,"item_purchase_floors":[20,20,38],"current_hp_per_floor":[80,70,71,43,36,19,43,23,23,22,22,25,25,25,49,52,80,64,65,65,65,65,50,50,45,45,45,45,45,51,52,74,44,74,71,72,65,65,71,71,0],"gold":429,"neow_bonus":"ONE_RARE_RELIC","is_prod":false,"is_daily":false,"chose_seed":false,"campfire_upgraded":2,"win_rate":0.0,"timestamp":1550548090,"path_taken":["M","?","M","M","?","E","R","E","T","M","?","?","R","?","R","BOSS","M","M","$","?","$","E","R","M","T","?","M","?","M","M","R","BOSS","M","M","M","$","?","R","E"],"build_version":"2019-01-23","purchased_purges":2,"victory":false,"max_hp_per_floor":[80,80,80,80,80,80,80,80,80,80,80,80,80,80,80,80,80,80,80,80,80,77,77,74,74,74,74,74,74,74,74,74,74,74,74,74,74,74,74,74,74],"card_choices":[{"not_picked":["Bloodletting","Pummel"],"picked":"Iron Wave","floor":1},{"not_picked":["Thunderclap","Sword Boomerang"],"picked":"Anger","floor":2},{"not_picked":["Dropkick","Clash"],"picked":"Inflame","floor":3},{"not_picked":["Dual Wield","Hemokinesis"],"picked":"Pommel Strike","floor":4},{"not_picked":["Pommel Strike","Thunderclap"],"picked":"Perfected Strike","floor":6},{"not_picked":["Blood for Blood","Brutality"],"picked":"Perfected Strike","floor":8},{"not_picked":["Fire Breathing","Power Through"],"picked":"Clothesline","floor":10},{"not_picked":["Clothesline","Anger"],"picked":"Iron Wave","floor":12},{"not_picked":["Fiend Fire","Reaper"],"picked":"Juggernaut","floor":16},{"not_picked":["Hemokinesis+1","Sever Soul"],"picked":"Anger","floor":18},{"not_picked":["Burning Pact+1","True Grit"],"picked":"Clash+1","floor":19},{"not_picked":["Dual Wield","True Grit"],"picked":"Iron Wave+1","floor":23},{"not_picked":["Carnage","Sever Soul"],"picked":"Perfected Strike","floor":25},{"not_picked":["Warcry","Body Slam+1"],"picked":"Clash","floor":28},{"not_picked":["Battle Trance","Clothesline+1"],"picked":"Heavy Blade","floor":30},{"not_picked":["Whirlwind","Fiend Fire"],"picked":"Ghostly Armor+1","floor":31},{"not_picked":["Brutality","Fiend Fire"],"picked":"Impervious","floor":33},{"not_picked":["Headbutt","Clothesline"],"picked":"Searing Blow+1","floor":35},{"not_picked":["Carnage+1","Body Slam+1"],"picked":"Twin Strike","floor":36},{"not_picked":["Heavy Blade+1","Sword Boomerang"],"picked":"Spot Weakness+1","floor":37},{"not_picked":["Rupture+1","Battle Trance"],"picked":"Clash","floor":39}],"player_experience":37257,"relics_obtained":[{"floor":6,"key":"Mercury Hourglass"},{"floor":8,"key":"Turnip"},{"floor":9,"key":"Self Forming Clay"},{"floor":17,"key":"Ancient Tea Set"},{"floor":17,"key":"Matryoshka"},{"floor":17,"key":"Pocketwatch"},{"floor":23,"key":"Pen Nib"},{"floor":26,"key":"Vajra"},{"floor":26,"key":"StoneCalendar"},{"floor":39,"key":"Old Coin"}],"event_choices":[{"cards_removed":["Shame"],"damage_healed":0,"gold_gain":0,"player_choice":"Card Removal","damage_taken":7,"max_hp_gain":0,"max_hp_loss":0,"event_name":"Golden Wing","floor":5,"gold_loss":0},{"damage_healed":0,"gold_gain":0,"player_choice":"2 cards matched","damage_taken":0,"max_hp_gain":0,"max_hp_loss":0,"event_name":"Match and Keep!","floor":11,"gold_loss":0,"cards_obtained":["Armaments","Metallicize"]},{"damage_healed":0,"gold_gain":0,"player_choice":"Grow","damage_taken":0,"max_hp_gain":0,"max_hp_loss":0,"event_name":"Living Wall","floor":14,"gold_loss":0,"cards_upgraded":["Inflame"]},{"damage_healed":0,"gold_gain":0,"player_choice":"Inject Mutagens","damage_taken":0,"relics_obtained":["MutagenicStrength"],"max_hp_gain":0,"max_hp_loss":0,"event_name":"Drug Dealer","floor":21,"gold_loss":0},{"damage_healed":0,"gold_gain":0,"player_choice":"Paid Fearfully","damage_taken":0,"max_hp_gain":0,"max_hp_loss":0,"event_name":"Masked Bandits","floor":27,"gold_loss":99},{"damage_healed":0,"gold_gain":0,"player_choice":"Upgraded","damage_taken":0,"max_hp_gain":0,"max_hp_loss":0,"event_name":"Upgrade Shrine","floor":29,"gold_loss":0,"cards_upgraded":["Perfected Strike"]},{"damage_healed":0,"gold_gain":0,"player_choice":"Fight","damage_taken":0,"max_hp_gain":0,"max_hp_loss":0,"event_name":"MindBloom","floor":39,"gold_loss":0}],"is_beta":false,"boss_relics":[{"not_picked":["Fusion Hammer","Snecko Eye"],"picked":"Calling Bell"},{"not_picked":["Philosopher\u0027s Stone","Runic Pyramid"],"picked":"Astrolabe"}],"items_purged_floors":[20,22],"is_endless":false,"potions_floor_spawned":[2,3,10,12,23,25,35,37,39],"killed_by":"Giant Head","ascension_level":0}