{"gold_per_floor":[119,119,44,64,84,84,9,9,9,23,41,56,56,73,73,148,148,164,183,13,32,0,0,50,50,73,73,73,73,73,173,173,247,247,260,260,11,11,27,27,27],"floor_reached":41,"playtime":1054,"items_purged":["Strike_R","Strike_R"],"score":895,"play_id":"25d29927-a5ea-4c58-b57f-0031f585d3d0","local_time":"20190303232055","is_ascension_mode":true,"campfire_choices":[{"data":"Barricade","floor":6,"key":"SMITH"},{"data":"Power Through","floor":8,"key":"SMITH"},{"data":"True Grit","floor":15,"key":"SMITH"},{"data":"Feel No Pain","floor":23,"key":"SMITH"},{"data":"Feed","floor":25,"key":"SMITH"},{"floor":27,"key":"RECALL"},{"floor":32,"key":"REST"},{"data":"Dark Embrace","floor":40,"key":"SMITH"}],"neow_cost":"PERCENT_DAMAGE","seed_source_timestamp":102131218325980,"circlet_count":0,"master_deck":["AscendersBane","Strike_R","Defend_R+1","Defend_R","Defend_R+1","Defend_R","Bash","Barricade+1","Shrug It Off","Power Through+1","Sever Soul","True Grit+1","Demon Form","Feed+1","Feel No Pain+1","Body Slam+1","Parasite","Dark Embrace+1","Decay","Doubt","Parasite","True Grit+1"],"relics":["Burning Blood","Mercury Hourglass","Cursed Key","Gambling Chip","Ornamental Fan","Calling Bell","War Paint","Singing Bowl","Nunchaku","Bottled Tornado"],"potions_floor_usage":[19,31,33],"damage_taken":[{"damage":4,"enemies":"2 Louse","floor":1,"turns":4},{"damage":2,"enemies":"Small Slimes","floor":4,"turns":3},{"damage":14,"enemies":"Jaw Worm","floor":5,"turns":5},{"damage":12,"enemies":"Looter","floor":10,"turns":3},{"damage":8,"enemies":"Blue Slaver","floor":11,"turns":4},{"damage":0,"enemies":"2 Fungi Beasts","floor":12,"turns":4},{"damage":2,"enemies":"3 Louse","floor":14,"turns":4},{"damage":16,"enemies":"The Guardian","floor":16,"turns":11},{"damage":3,"enemies":"Chosen","floor":18,"turns":8},{"damage":26,"enemies":"3 Byrds","floor":19,"turns":6},{"damage":21,"enemies":"Snake Plant","floor":21,"turns":6},{"damage":22,"enemies":"Colosseum Slavers","floor":31,"turns":5},{"damage":24,"enemies":"Colosseum Nobs","floor":31,"turns":6},{"damage":0,"enemies":"Collector","floor":33,"turns":12},{"damage":20,"enemies":"Orb Walker","floor":35,"turns":6},{"damage":35,"enemies":"3 Darklings","floor":39,"turns":9},{"damage":41,"enemies":"Nemesis","floor":41,"turns":2}],"seed_played":"-309200742531212373","potions_obtained":[{"floor":1,"key":"Weak Potion"},{"floor":4,"key":"FearPotion"},{"floor":19,"key":"Explosive Potion"},{"floor":31,"key":"SpeedPotion"},{"floor":39,"key":"LiquidBronze"}],"is_trial":false,"path_per_floor":["M","?","?","M","M","R","$","R","T","M","M","M","?","M","R","B",null,"M","M","$","M","?","R","?","R","T","R","?","?","$","?","R","B",null,"M","?","$","?","M","R","E"],"character_chosen":"IRONCLAD","items_purchased":["Feel No Pain","Bottled Tornado"],"campfire_rested":1,"item_purchase_floors":[20,37],"current_hp_per_floor":[52,57,57,61,53,53,53,53,53,47,45,51,51,55,55,45,71,77,60,60,48,48,48,48,48,48,48,48,48,48,14,40,50,82,70,70,70,70,41,41,0],"gold":27,"neow_bonus":"THREE_RARE_CARDS","is_prod":false,"is_daily":false,"chose_seed":false,"campfire_upgraded":6,"win_rate":0,"timestamp":1551626455,"path_taken":["M","?","?","M","M","R","?","R","T","M","M","M","?","M","R","BOSS","M","M","$","M","?","R","?","R","T","R","?","?","$","?","R","BOSS","M","?","$","?","M","R","E"],"build_version":"2019-01-23","purchased_purges":2,"victory":false,"max_hp_per_floor":[75,80,80,80,80,80,80,80,80,80,80,80,80,80,80,80,80,83,86,86,89,89,89,89,89,89,89,89,89,89,89,89,93,93,95,95,95,90,90,90,90],"card_choices":[{"not_picked":["Berserk","Dark Embrace"],"picked":"Barricade","floor":0},{"not_picked":["Blood for Blood","Clothesline"],"picked":"Shrug It Off","floor":1},{"not_picked":["Thunderclap","Pommel Strike"],"picked":"Power Through","floor":4},{"not_picked":["Reckless Charge","Whirlwind","Ghostly Armor"],"picked":"SKIP","floor":5},{"not_picked":["Flex","Dual Wield","Ghostly Armor"],"picked":"SKIP","floor":10},{"not_picked":["Rage","Cleave"],"picked":"Sever Soul","floor":11},{"not_picked":["Inflame","Metallicize"],"picked":"True Grit","floor":12},{"not_picked":["Clash","Perfected Strike","Shrug It Off"],"picked":"SKIP","floor":14},{"not_picked":["Demon Form","Fiend Fire"],"picked":"Feed","floor":16},{"not_picked":["Havoc","Heavy Blade","Thunderclap"],"picked":"SKIP","floor":18},{"not_picked":["Pommel Strike","True Grit","Shrug It Off"],"picked":"SKIP","floor":19},{"not_picked":["Intimidate+1","Flex"],"picked":"Body Slam+1","floor":21},{"not_picked":["Exhume","Double Tap"],"picked":"Dark Embrace","floor":33},{"not_picked":["Body Slam+1","Intimidate+1","Anger"],"picked":"Singing Bowl","floor":35},{"not_picked":["Shrug It Off+1","Sentinel+1"],"picked":"True Grit+1","floor":39}],"player_experience":1095777,"relics_obtained":[{"floor":9,"key":"Mercury Hourglass"},{"floor":31,"key":"Gambling Chip"},{"floor":31,"key":"Ornamental Fan"},{"floor":34,"key":"War Paint"},{"floor":34,"key":"Singing Bowl"},{"floor":34,"key":"Nunchaku"}],"event_choices":[{"damage_healed":0,"gold_gain":0,"player_choice":"Donut","damage_taken":0,"max_hp_gain":5,"max_hp_loss":0,"event_name":"Big Fish","floor":2,"gold_loss":0},{"cards_removed":["Strike_R"],"damage_healed":0,"gold_gain":0,"player_choice":"Card Removal","damage_taken":0,"max_hp_gain":0,"max_hp_loss":0,"event_name":"The Cleric","floor":3,"gold_loss":75},{"damage_healed":0,"gold_gain":0,"cards_transformed":["Strike_R"],"player_choice":"Change","damage_taken":0,"max_hp_gain":0,"max_hp_loss":0,"event_name":"Living Wall","floor":13,"gold_loss":0,"cards_obtained":["Demon Form"]},{"damage_healed":0,"gold_gain":0,"player_choice":"Paid Fearfully","damage_taken":0,"max_hp_gain":0,"max_hp_loss":0,"event_name":"Masked Bandits","floor":22,"gold_loss":32},{"damage_healed":0,"gold_gain":50,"player_choice":"Stole From Cult","damage_taken":0,"max_hp_gain":0,"max_hp_loss":0,"event_name":"Nest","floor":24,"gold_loss":0},{"damage_healed":0,"gold_gain":0,"player_choice":"Ignored","damage_taken":0,"max_hp_gain":0,"max_hp_loss":0,"event_name":"Ghosts","floor":28,"gold_loss":0},{"damage_healed":0,"gold_gain":0,"player_choice":"Fight","damage_taken":0,"max_hp_gain":0,"max_hp_loss":0,"event_name":"Colosseum","floor":31,"gold_loss":0},{"damage_healed":0,"gold_gain":0,"player_choice":"Fought Nobs","damage_taken":0,"max_hp_gain":0,"max_hp_loss":0,"event_name":"Colosseum","floor":31,"gold_loss":0},{"damage_healed":0,"gold_gain":0,"player_choice":"Ignored","damage_taken":0,"max_hp_gain":0,"max_hp_loss":0,"event_name":"Mysterious Sphere","floor":36,"gold_loss":0},{"damage_healed":0,"gold_gain":0,"player_choice":"Max HP","damage_taken":0,"max_hp_gain":0,"max_hp_loss":5,"event_name":"Winding Halls","floor":38,"gold_loss":0}],"is_beta":false,"boss_relics":[{"not_picked":["Eternal Feather","Ectoplasm"],"picked":"Cursed Key"},{"not_picked":["White Beast Statue","Philosopher\u0027s Stone"],"picked":"Calling Bell"}],"items_purged_floors":[7,20],"is_endless":false,"potions_floor_spawned":[1,4,14,16,19,31,39],"killed_by":"Nemesis","ascension_level":15}