{"path_per_floor":["M","?","M","M","?","E","M","R","T","M","M","$","M","M","R","B",null,"M","$","M","$","?","R","E","M","T","R","?","R","M","M","R","B",null,"M","?","?","M","$","R","M","R","T","?","M","$","?","M","R"],"character_chosen":"DEFECT","items_purchased":["Sundial","Mind Blast","Gash","Self Repair","FearPotion"],"gold_per_floor":[361,361,375,387,562,589,599,599,599,616,629,155,171,190,190,291,291,304,204,218,47,47,47,77,88,88,88,88,88,104,121,121,217,217,231,283,283,303,77,77,94,94,143,143,155,106,106,116,116,116],"floor_reached":50,"campfire_rested":5,"playtime":3403,"item_purchase_floors":[12,12,21,39,46],"current_hp_per_floor":[65,70,64,63,63,22,13,34,34,32,32,32,32,30,51,6,73,70,70,65,65,65,65,20,9,9,30,30,30,20,18,39,24,73,35,20,20,13,13,34,32,32,32,50,43,43,43,43,43,0],"items_purged":["Doubt","Redo","Consume","Writhe"],"gold":116,"score":514,"play_id":"aa075e77-e867-42bf-8cc6-e73f34349da7","local_time":"20180603223856","is_prod":false,"is_daily":false,"chose_seed":false,"is_ascension_mode":true,"campfire_upgraded":4,"win_rate":0,"timestamp":1528036736,"campfire_choices":[{"floor":8,"key":"REST"},{"floor":15,"key":"REST"},{"data":"Machine Learning","floor":23,"key":"SMITH"},{"floor":27,"key":"REST"},{"data":"Mind Blast","floor":29,"key":"SMITH"},{"floor":32,"key":"REST"},{"floor":40,"key":"REST"},{"data":"Dualcast","floor":42,"key":"SMITH"},{"data":"Seek","floor":49,"key":"SMITH"}],"path_taken":["M","?","M","M","?","E","M","R","T","M","?","$","M","M","R","BOSS","M","$","M","$","?","R","E","?","T","R","?","R","M","M","R","BOSS","M","?","?","M","$","R","?","R","T","?","M","$","?","M","R","BOSS"],"build_version":"2018-05-31","seed_source_timestamp":3064207100632,"purchased_purges":4,"victory":false,"master_deck":["Zap","Dualcast+1","BootSequence","Streamline","All For One","Steam Power","Hologram","Mind Blast+1","Steam","Beam Cell","Hologram","Machine Learning+1","Steam+1","Leap+1","Cold Snap","Hologram","Conserve Battery","Gash","Go for the Eyes","Steam","Gash","Sweeping Beam+1","Conserve Battery","Seek+1","White Noise","Sweeping Beam+1","Rebound","Cold Snap","Electrodynamics","Writhe","Gash"],"max_hp_per_floor":[68,73,73,73,73,73,73,73,73,73,73,73,73,73,73,73,73,73,73,73,73,73,73,73,73,73,73,73,73,73,73,73,73,73,73,73,73,73,73,73,73,73,73,73,73,73,73,73,73,73],"relics":["Cracked Core","Bronze Scales","Dream Catcher","Sundial","Pandora\u0027s Box","Kunai","Gremlin Horn","Mercury Hourglass","Lizard Tail","Calipers","War Paint"],"card_choices":[{"not_picked":["Sweeping Beam","Streamline"],"picked":"Consume","floor":1},{"not_picked":["Auto Shields","Stack"],"picked":"BootSequence","floor":3},{"not_picked":["Cold Snap","Stack"],"picked":"Streamline","floor":4},{"not_picked":["Machine Learning","Compile Driver"],"picked":"All For One","floor":6},{"not_picked":["Compile Driver","Rip and Tear"],"picked":"Steam Power","floor":7},{"not_picked":["Redo","Compile Driver","Ball Lightning"],"picked":"SKIP","floor":10},{"not_picked":["Steam Power","Sunder"],"picked":"Hologram","floor":11},{"not_picked":["Rebound","Stack"],"picked":"Steam","floor":13},{"not_picked":["Skim","Stack"],"picked":"Beam Cell","floor":14},{"not_picked":["Redo","Fusion"],"picked":"Hologram","floor":15},{"not_picked":["Fission","Core Surge"],"picked":"Machine Learning","floor":16},{"not_picked":["Tempest","Ball Lightning"],"picked":"Steam","floor":18},{"not_picked":["Lockon","Barrage","Steam"],"picked":"SKIP","floor":20},{"not_picked":["Lockon","Compile Driver","Barrage"],"picked":"SKIP","floor":24},{"not_picked":["Compile Driver","Beam Cell"],"picked":"Sweeping Beam+1","floor":25},{"not_picked":["Defragment","Heatsinks"],"picked":"Conserve Battery","floor":30},{"not_picked":["Redo","Doom and Gloom","Go for the Eyes"],"picked":"SKIP","floor":31},{"not_picked":["Electrodynamics","Buffer"],"picked":"Seek","floor":33},{"not_picked":["Doom and Gloom","Hologram"],"picked":"White Noise","floor":35},{"not_picked":["Barrage","Sunder+1"],"picked":"Sweeping Beam+1","floor":36},{"not_picked":["Blizzard","Barrage+1"],"picked":"Rebound","floor":38},{"not_picked":["Heatsinks","Loop+1"],"picked":"Cold Snap","floor":40},{"not_picked":["Ball Lightning+1","Sweeping Beam+1"],"picked":"Electrodynamics","floor":41},{"not_picked":["Tempest","Go for the Eyes+1"],"picked":"Gash","floor":45},{"not_picked":["Sweeping Beam","Recycle+1","Leap"],"picked":"SKIP","floor":48}],"player_experience":221984,"potions_floor_usage":[6,11,16,16,18,33,38,45,50],"damage_taken":[{"damage":3,"enemies":"Small Slimes","floor":1,"turns":3},{"damage":6,"enemies":"2 Louse","floor":3,"turns":3},{"damage":1,"enemies":"Cultist","floor":4,"turns":3},{"damage":41,"enemies":"Lagavulin","floor":6,"turns":6},{"damage":9,"enemies":"2 Fungi Beasts","floor":7,"turns":3},{"damage":2,"enemies":"Large Slime","floor":10,"turns":5},{"damage":0,"enemies":"3 Louse","floor":11,"turns":2},{"damage":0,"enemies":"Lots of Slimes","floor":13,"turns":2},{"damage":2,"enemies":"Blue Slaver","floor":14,"turns":3},{"damage":45,"enemies":"The Guardian","floor":16,"turns":8},{"damage":3,"enemies":"2 Thieves","floor":18,"turns":3},{"damage":5,"enemies":"Spheric Guardian","floor":20,"turns":4},{"damage":45,"enemies":"Slavers","floor":24,"turns":5},{"damage":11,"enemies":"Snake Plant","floor":25,"turns":5},{"damage":10,"enemies":"Snecko","floor":30,"turns":4},{"damage":2,"enemies":"Centurion and Healer","floor":31,"turns":4},{"damage":15,"enemies":"Collector","floor":33,"turns":8},{"damage":38,"enemies":"3 Darklings","floor":35,"turns":3},{"damage":15,"enemies":"Mysterious Sphere","floor":36,"turns":4},{"damage":7,"enemies":"3 Shapes","floor":38,"turns":3},{"damage":9,"enemies":"Maw","floor":41,"turns":8},{"damage":7,"enemies":"Sphere and 2 Shapes","floor":45,"turns":3},{"damage":0,"enemies":"4 Shapes","floor":48,"turns":3},{"damage":88,"enemies":"Time Eater","floor":50,"turns":11}],"relics_obtained":[{"floor":6,"key":"Bronze Scales"},{"floor":9,"key":"Dream Catcher"},{"floor":24,"key":"Kunai"},{"floor":26,"key":"Gremlin Horn"},{"floor":36,"key":"Calipers"},{"floor":43,"key":"War Paint"}],"event_choices":[{"event_name":"Big Fish","player_choice":"Donut","floor":2,"damage_taken":0},{"event_name":"Liars Game","player_choice":"agreed","floor":5,"damage_taken":0},{"event_name":"Vampires","player_choice":"Ignored","floor":22,"damage_taken":0},{"event_name":"The Mausoleum","player_choice":"Yes","floor":28,"damage_taken":0},{"event_name":"Mysterious Sphere","player_choice":"Fight","floor":36,"damage_taken":0},{"event_name":"SecretPortal","player_choice":"Rejected Portal.","floor":37,"damage_taken":0},{"event_name":"Winding Halls","player_choice":"Writhe","floor":44,"damage_taken":0}],"boss_relics":[{"not_picked":["Snecko Eye","Philosopher\u0027s Stone"],"picked":"Pandora\u0027s Box"},{"not_picked":["Inserter","Runic Pyramid"],"picked":"Lizard Tail"}],"items_purged_floors":[12,19,21,39],"potions_floor_spawned":[3,6,10,13,16,20,36,38],"seed_played":"-3647825494763579780","killed_by":"Time Eater","ascension_level":1,"potions_obtained":[{"floor":3,"key":"SteroidPotion"},{"floor":6,"key":"LiquidBronze"},{"floor":10,"key":"LiquidBronze"},{"floor":13,"key":"AttackPotion"},{"floor":16,"key":"Explosive Potion"},{"floor":20,"key":"Fire Potion"},{"floor":36,"key":"Weak Potion"},{"floor":38,"key":"Ancient Potion"}],"is_trial":false}