{"path_per_floor":["M","$","?","M","M","R","M","?","T","?","M","$","M","E","R","B",null,"M","$","?","?","$","R","E","R","T","R","M","M","$","M","R","B",null,"M","$","M","?","M","R","?","R","T","M","M","R","M","M","R"],"character_chosen":"DEFECT","items_purchased":["Ball Lightning","Rebound","Reboot","Thunder Strike","Auto Shields","Regen Potion","Vajra"],"gold_per_floor":[117,42,42,54,72,72,83,146,172,347,359,211,229,263,263,360,360,375,124,124,124,124,124,154,154,204,204,219,237,161,179,179,278,278,288,82,98,98,113,113,113,113,137,156,166,166,183,195,195,195],"floor_reached":50,"campfire_rested":3,"playtime":1674,"current_hp_per_floor":[74,74,74,74,74,74,67,51,51,51,47,47,47,34,34,18,75,70,70,54,40,40,64,50,50,50,50,49,49,49,49,73,54,80,60,60,55,55,55,79,79,79,79,80,73,73,73,63,63,0],"items_purged":["Doubt","Strike_B"],"gold":195,"score":464,"play_id":"e4732ee0-9582-4bec-a348-0ebbeff78b3b","local_time":"20180429132109","is_prod":false,"is_daily":false,"chose_seed":false,"is_ascension_mode":false,"campfire_upgraded":7,"timestamp":1525022469,"path_taken":["M","$","?","M","M","R","M","?","T","?","?","?","M","E","R","BOSS","M","$","?","?","$","R","E","R","T","R","M","M","$","M","R","BOSS","M","$","?","?","M","R","?","R","T","M","M","R","?","M","R","BOSS"],"build_version":"2018-04-27v3","seed_source_timestamp":0,"purchased_purges":2,"victory":false,"master_deck":["Strike_B","Strike_B","Defend_B","Defend_B","Defend_B","Defend_B","Zap","Dualcast+1","Auto Shields+1","Ball Lightning+1","Rebound+1","Static Discharge+1","Ball Lightning+1","Defragment+1","Reboot+1","Capacitor","Meteor Strike+1","Beam Cell","Thunder Strike+1","Necronomicurse","Melter","Auto Shields","Defragment+1","Skim+1","Skim+1","Fusion+1"],"max_hp_per_floor":[75,75,75,75,75,75,75,75,75,75,75,75,75,75,75,75,75,75,75,75,80,80,80,80,80,80,80,80,80,80,80,80,80,80,80,80,80,80,80,80,80,80,80,80,80,80,80,80,80,80],"relics":["Cracked Core","Bag of Preparation","Pen Nib","Happy Flower","Runic Dome","Necronomicon","Whetstone","Bag of Marbles","Philosopher\u0027s Stone","Vajra","Orichalcum"],"card_choices":[{"not_picked":["Double Energy","Undo"],"picked":"Auto Shields","floor":1.0},{"not_picked":["Rip and Tear","Skim"],"picked":"Static Discharge","floor":4.0},{"not_picked":["Conserve Battery","Loop"],"picked":"Ball Lightning","floor":7.0},{"not_picked":["Force Field","Capacitor"],"picked":"Defragment","floor":11.0},{"not_picked":["All For One","Skim"],"picked":"Capacitor","floor":13.0},{"not_picked":["Machine Learning","Prime"],"picked":"Meteor Strike","floor":16},{"not_picked":["Go for the Eyes","Skim"],"picked":"Beam Cell","floor":18},{"not_picked":["Streamline","Rebound"],"picked":"Melter","floor":28},{"not_picked":["Cold Snap","Streamline"],"picked":"Defragment","floor":35},{"not_picked":["Coolheaded","Hyperbeam"],"picked":"Skim","floor":37},{"not_picked":["Go for the Eyes","Barrage"],"picked":"Skim","floor":39},{"not_picked":["Hologram","Skim"],"picked":"Fusion","floor":45}],"player_experience":19496,"potions_floor_usage":[16,24,24,31,33,33,39,44,50,50],"damage_taken":[{"damage":1.0,"enemies":"2 Louse","floor":1.0,"turns":3.0},{"damage":0.0,"enemies":"Jaw Worm","floor":4.0,"turns":3.0},{"damage":0.0,"enemies":"Cultist","floor":5.0,"turns":2.0},{"damage":7.0,"enemies":"Blue Slaver","floor":7.0,"turns":3.0},{"damage":16.0,"enemies":"3 Sentries","floor":8.0,"turns":3.0},{"damage":4.0,"enemies":"2 Fungi Beasts","floor":11.0,"turns":3.0},{"damage":0.0,"enemies":"Large Slime","floor":13.0,"turns":4.0},{"damage":13.0,"enemies":"Lagavulin","floor":14.0,"turns":4.0},{"damage":16,"enemies":"Slime Boss","floor":16,"turns":6},{"damage":5,"enemies":"3 Byrds","floor":18,"turns":1},{"damage":14,"enemies":"Slavers","floor":24,"turns":5},{"damage":1,"enemies":"Chosen","floor":28,"turns":4},{"damage":0,"enemies":"Snecko","floor":29,"turns":2},{"damage":0,"enemies":"Centurion and Healer","floor":31,"turns":3},{"damage":19,"enemies":"Champ","floor":33,"turns":8},{"damage":20,"enemies":"3 Shapes","floor":35,"turns":2},{"damage":5,"enemies":"Orb Walker","floor":37,"turns":3},{"damage":0,"enemies":"Sphere and 2 Shapes","floor":39,"turns":3},{"damage":5,"enemies":"4 Shapes","floor":44,"turns":4},{"damage":7,"enemies":"Spire Growth","floor":45,"turns":3},{"damage":0,"enemies":"Sphere and 2 Shapes","floor":47,"turns":3},{"damage":10,"enemies":"Maw","floor":48,"turns":3},{"damage":72,"enemies":"Time Eater","floor":50,"turns":3}],"event_choices":[{"event_name":"Living Wall","player_choice":"Grow","floor":3.0,"damage_taken":0.0},{"event_name":"Dead Adventurer","player_choice":"Searched \u00271\u0027 times","floor":8.0,"damage_taken":0.0},{"event_name":"Liars Game","player_choice":"agreed","floor":10.0,"damage_taken":0.0},{"event_name":"Cursed Tome","player_choice":"Obtained Book","floor":20,"damage_taken":0},{"event_name":"Forgotten Altar","player_choice":"Shed Blood","floor":21,"damage_taken":0},{"event_name":"Mysterious Sphere","player_choice":"Ignore","floor":41,"damage_taken":0}],"boss_relics":[{"not_picked":["Astrolabe","Velvet Choker"],"picked":"Runic Dome"},{"not_picked":["White Beast Statue","Eternal Feather"],"picked":"Philosopher\u0027s Stone"}],"potions_floor_spawned":[1,4,5,13,18,28,29,31,37,44,45,48],"seed_played":"-1704420753461270479","killed_by":"Time Eater","ascension_level":0,"is_trial":false}