{"gold_per_floor":[99,19,19,19,19,19,19,19,19,0,0,0,0,0,0,0,0,0,0,0,0,0,0,0,0,0,0,0,0,0,0,0,0,0,0,0,0,0,0,0,0,0,0,0,0,0,0,0,0,0],"floor_reached":50,"playtime":2646,"items_purged":[],"score":561,"play_id":"895fe82b-3507-441d-8135-0fafbf2fbc28","local_time":"20190502161817","is_ascension_mode":false,"campfire_choices":[{"data":"Inflame","floor":6.0,"key":"SMITH"},{"data":"Bash","floor":11.0,"key":"SMITH"},{"data":"Sword Boomerang","floor":13.0,"key":"SMITH"},{"data":"Flame Barrier","floor":15.0,"key":"SMITH"},{"data":"RitualDagger","floor":23.0,"key":"SMITH"},{"data":"Corruption","floor":25,"key":"SMITH"},{"data":"Inflame","floor":30,"key":"SMITH"},{"data":"Heavy Blade","floor":32,"key":"SMITH"},{"data":"Metallicize","floor":40,"key":"SMITH"},{"data":"Impervious","floor":44,"key":"SMITH"},{"data":"True Grit","floor":47,"key":"SMITH"},{"data":"Discovery","floor":49,"key":"SMITH"}],"neow_cost":"NONE","seed_source_timestamp":755869202533300,"circlet_count":0,"master_deck":["Strike_R+1","Strike_R+1","Strike_R+1","Strike_R+1","Defend_R+1","Defend_R+1","Defend_R+1","Defend_R+1","Bash+1","Cleave","Inflame+1","Flame Barrier+1","Twin Strike","True Grit+1","Finesse","Metallicize+1","Twin Strike","Sword Boomerang+1","Impervious+1","Reaper","Disarm+1","Corruption+1","RitualDagger+1","Inflame+1","Headbutt","Twin Strike+1","Heavy Blade+1","Heavy Blade+1","Reaper","Pummel+1","Pummel+1","Twin Strike+1","Pummel+1","Spot Weakness+1","Discovery+1"],"special_seed":0,"relics":["Ectoplasm"],"potions_floor_usage":[42,50,50,50],"damage_taken":[{"damage":1.0,"enemies":"Cultist","floor":1.0,"turns":3.0},{"damage":0.0,"enemies":"2 Louse","floor":3.0,"turns":2.0},{"damage":0.0,"enemies":"Jaw Worm","floor":5.0,"turns":3.0},{"damage":0.0,"enemies":"2 Fungi Beasts","floor":8.0,"turns":2.0},{"damage":2.0,"enemies":"Exordium Thugs","floor":10.0,"turns":4.0},{"damage":3.0,"enemies":"Looter","floor":12.0,"turns":3.0},{"damage":3.0,"enemies":"Exordium Wildlife","floor":14.0,"turns":3.0},{"damage":31.0,"enemies":"Hexaghost","floor":16.0,"turns":6.0},{"damage":2.0,"enemies":"Chosen","floor":18.0,"turns":3.0},{"damage":0.0,"enemies":"3 Byrds","floor":22.0,"turns":3.0},{"damage":19.0,"enemies":"Gremlin Leader","floor":24.0,"turns":7.0},{"damage":4,"enemies":"Shelled Parasite and Fungi","floor":28,"turns":5},{"damage":5,"enemies":"Snake Plant","floor":29,"turns":4},{"damage":12,"enemies":"Sentry and Sphere","floor":31,"turns":6},{"damage":21,"enemies":"Champ","floor":33,"turns":10},{"damage":2,"enemies":"3 Shapes","floor":35,"turns":3},{"damage":11,"enemies":"3 Darklings","floor":37,"turns":6},{"damage":2,"enemies":"Maw","floor":38,"turns":5},{"damage":14,"enemies":"4 Shapes","floor":39,"turns":6},{"damage":0,"enemies":"Sphere and 2 Shapes","floor":41,"turns":4},{"damage":37,"enemies":"Nemesis","floor":42,"turns":3},{"damage":18,"enemies":"3 Darklings","floor":45,"turns":6},{"damage":116,"enemies":"Awakened One","floor":50,"turns":11}],"seed_played":"5278676599770665275","potions_obtained":[{"floor":1.0,"key":"EssenceOfSteel"},{"floor":3.0,"key":"Ancient Potion"},{"floor":8.0,"key":"SkillPotion"},{"floor":28,"key":"Ancient Potion"},{"floor":35,"key":"FearPotion"},{"floor":42,"key":"Ancient Potion"}],"is_trial":false,"path_per_floor":["M","$","M","?","M","R","?","M","T","M","R","M","R","M","R","B",null,"M","?","?","?","M","R","E","R","T","T","M","M","R","M","R","B",null,"M","?","M","M","M","R","M","E","T","R","M","?","R","?","R","B"],"character_chosen":"IRONCLAD","items_purchased":["Inflame"],"campfire_rested":0,"item_purchase_floors":[2],"current_hp_per_floor":[79,79,79,79,79,79,79,79,79,77,77,74,74,71,71,40,80,78,78,72,72,72,72,71,71,71,71,67,69,69,67,67,57,80,80,80,69,74,80,80,80,43,43,43,74,74,74,74,74,0],"gold":0,"neow_bonus":"BOSS_RELIC","is_prod":false,"is_daily":false,"chose_seed":false,"campfire_upgraded":12,"win_rate":0,"timestamp":1556828297,"path_taken":["M","$","M","?","M","R","?","?","T","M","R","M","R","M","R","BOSS","M","?","?","?","?","R","E","R","T","?","?","M","R","M","R","BOSS","M","?","M","M","M","R","M","E","T","R","M","?","R","?","R","BOSS"],"build_version":"2019-01-23","purchased_purges":0,"victory":false,"max_hp_per_floor":[80,80,80,80,80,80,80,80,80,80,80,80,80,80,80,80,80,80,80,80,80,80,80,80,80,80,80,80,80,80,80,80,80,80,80,80,80,80,80,80,80,80,80,80,80,80,80,80,80,80],"card_choices":[{"not_picked":["Evolve","Clash"],"picked":"Cleave","floor":1.0},{"not_picked":["Body Slam","Clash"],"picked":"Flame Barrier","floor":3.0},{"not_picked":["Clothesline","Pommel Strike"],"picked":"Twin Strike","floor":5.0},{"not_picked":["Body Slam","Battle Trance"],"picked":"Metallicize","floor":8.0},{"not_picked":["Body Slam","Flex"],"picked":"Twin Strike","floor":10.0},{"not_picked":["Clothesline","Flex"],"picked":"Sword Boomerang","floor":12.0},{"not_picked":["Reckless Charge","Flex"],"picked":"Impervious","floor":14.0},{"not_picked":["Feed","Exhume"],"picked":"Reaper","floor":16.0},{"not_picked":["Shrug It Off","Infernal Blade"],"picked":"Disarm+1","floor":18.0},{"not_picked":["Havoc+1","Corruption"],"picked":"Inflame","floor":22.0},{"not_picked":["Infernal Blade","Evolve"],"picked":"Headbutt","floor":24},{"not_picked":["Sword Boomerang","Searing Blow"],"picked":"Twin Strike+1","floor":28},{"not_picked":["Warcry","Battle Trance"],"picked":"Heavy Blade+1","floor":29},{"not_picked":["Searing Blow+1","Cleave"],"picked":"Heavy Blade","floor":31},{"not_picked":["Fiend Fire","Double Tap"],"picked":"Reaper","floor":33},{"not_picked":["Reckless Charge","Dual Wield+1"],"picked":"Pummel+1","floor":35},{"not_picked":["Ghostly Armor","Whirlwind"],"picked":"Pummel+1","floor":37},{"not_picked":["Perfected Strike","Rampage","Searing Blow+1"],"picked":"SKIP","floor":38},{"not_picked":["Rampage+1","Warcry"],"picked":"Twin Strike+1","floor":39},{"not_picked":["Sword Boomerang","Intimidate+1"],"picked":"Pummel+1","floor":41},{"not_picked":["Clash","Bludgeon"],"picked":"Spot Weakness+1","floor":42},{"not_picked":["Twin Strike+1","Warcry+1","Searing Blow"],"picked":"SKIP","floor":45},{"not_picked":["The Bomb","Secret Technique"],"picked":"Discovery","floor":48}],"player_experience":409440,"relics_obtained":[],"event_choices":[{"damage_healed":0.0,"max_hp_gain":0.0,"max_hp_loss":0.0,"gold_gain":0.0,"event_name":"Liars Game","player_choice":"Ignored","floor":4.0,"gold_loss":0.0,"damage_taken":0.0},{"damage_healed":0.0,"max_hp_gain":0.0,"max_hp_loss":0.0,"gold_gain":0.0,"event_name":"Match and Keep!","player_choice":"2 cards matched","floor":7.0,"gold_loss":0.0,"damage_taken":0.0,"cards_obtained":["True Grit","Finesse"]},{"damage_healed":0.0,"max_hp_gain":0.0,"max_hp_loss":0.0,"gold_gain":0.0,"event_name":"The Library","player_choice":"Read","floor":19.0,"gold_loss":0.0,"damage_taken":0.0,"cards_obtained":["Corruption"]},{"damage_healed":0.0,"max_hp_gain":0.0,"max_hp_loss":0.0,"gold_gain":0.0,"event_name":"Nest","player_choice":"Joined the Cult","floor":20.0,"gold_loss":0.0,"damage_taken":6.0,"cards_obtained":["RitualDagger"]},{"damage_healed":0.0,"max_hp_gain":0.0,"max_hp_loss":0.0,"gold_gain":0.0,"event_name":"Back to Basics","player_choice":"Simplicity","floor":21.0,"gold_loss":0.0,"damage_taken":0.0,"cards_upgraded":["Strike_R","Strike_R","Strike_R","Strike_R","Strike_R","Defend_R","Defend_R","Defend_R","Defend_R"]},{"cards_removed":["Strike_R"],"damage_healed":0,"gold_gain":0,"player_choice":"Removed Attack","damage_taken":0,"max_hp_gain":0,"max_hp_loss":0,"event_name":"Falling","floor":36,"gold_loss":0},{"damage_healed":0,"gold_gain":0,"player_choice":"Ignored","damage_taken":0,"max_hp_gain":0,"max_hp_loss":0,"event_name":"Mysterious Sphere","floor":46,"gold_loss":0},{"damage_healed":0,"gold_gain":0,"player_choice":"Memory 1","damage_taken":0,"max_hp_gain":0,"max_hp_loss":0,"event_name":"SensoryStone","floor":48,"gold_loss":0}],"is_beta":false,"boss_relics":[{"not_picked":["Empty Cage","Eternal Feather","Runic Cube"]},{"not_picked":["Black Star","Sozu","Snecko Eye"]}],"items_purged_floors":[],"is_endless":false,"potions_floor_spawned":[1,3,8,12,28,31,35,42],"killed_by":"Awakened One","ascension_level":0}