{"gold_per_floor":[114,39,39,39,58,92,92,102,102,102,102,114,114,127,127,200,200,210,210,210,226,226,259,274,274,327,346,379,396,396,409,409,409],"floor_reached":33,"playtime":919,"items_purged":["Strike_R"],"score":546,"play_id":"6fbc6c9d-c545-4d50-8c39-7f07de922f12","local_time":"20190303002554","is_ascension_mode":true,"campfire_choices":[{"data":"Whirlwind","floor":7,"key":"SMITH"},{"data":"Power Through","floor":13,"key":"SMITH"},{"data":"Bash","floor":15,"key":"SMITH"},{"data":"Feel No Pain","floor":25,"key":"SMITH"},{"floor":30,"key":"REST"},{"data":"Inflame","floor":32,"key":"SMITH"}],"neow_cost":"NONE","seed_source_timestamp":19763622715990,"circlet_count":0,"master_deck":["AscendersBane","Strike_R+1","Strike_R+1","Defend_R","Defend_R","Defend_R","Defend_R","Bash+1","Whirlwind+1","Power Through+1","Flex+1","Armaments+1","Burning Pact+1","Body Slam+1","True Grit+1","Feel No Pain+1","Inflame+1","Disarm+1","Seeing Red+1","Inflame"],"relics":["Burning Blood","NeowsBlessing","Toxic Egg 2","Molten Egg 2","Mark of Pain","Self Forming Clay","Turnip"],"potions_floor_usage":[16,21,33,33],"damage_taken":[{"damage":0,"enemies":"Small Slimes","floor":1,"turns":1},{"damage":0,"enemies":"Jaw Worm","floor":5,"turns":1},{"damage":0,"enemies":"3 Sentries","floor":6,"turns":1},{"damage":0,"enemies":"Cultist","floor":8,"turns":2},{"damage":11,"enemies":"Looter","floor":12,"turns":3},{"damage":1,"enemies":"2 Fungi Beasts","floor":14,"turns":4},{"damage":38,"enemies":"Slime Boss","floor":16,"turns":8},{"damage":46,"enemies":"Chosen","floor":18,"turns":6},{"damage":36,"enemies":"2 Thieves","floor":21,"turns":4},{"damage":30,"enemies":"Book of Stabbing","floor":23,"turns":5},{"damage":24,"enemies":"Sentry and Sphere","floor":24,"turns":8},{"damage":0,"enemies":"Centurion and Healer","floor":27,"turns":7},{"damage":48,"enemies":"Gremlin Leader","floor":28,"turns":7},{"damage":4,"enemies":"Shelled Parasite and Fungi","floor":29,"turns":8},{"damage":0,"enemies":"Chosen and Byrds","floor":31,"turns":6},{"damage":47,"enemies":"Collector","floor":33,"turns":7}],"seed_played":"-4665366194000688530","potions_obtained":[{"floor":6,"key":"Explosive Potion"},{"floor":8,"key":"EssenceOfSteel"},{"floor":18,"key":"AttackPotion"},{"floor":21,"key":"Explosive Potion"}],"is_trial":false,"path_per_floor":["M","$","?","?","M","E","R","M","T","?","?","M","R","M","R","B",null,"M","?","?","M","?","E","M","R","T","M","E","M","R","M","R","B"],"character_chosen":"IRONCLAD","items_purchased":[],"campfire_rested":1,"item_purchase_floors":[],"current_hp_per_floor":[74,74,51,51,57,63,63,69,69,74,74,69,69,74,74,42,71,40,40,40,16,90,66,48,48,48,54,12,14,41,47,47,0],"gold":409,"neow_bonus":"THREE_ENEMY_KILL","is_prod":false,"is_daily":false,"chose_seed":false,"campfire_upgraded":5,"win_rate":0,"timestamp":1551543954,"path_taken":["M","$","?","?","M","E","R","?","T","?","?","?","R","M","R","BOSS","M","?","?","?","?","E","M","R","T","M","E","?","R","M","R","BOSS"],"build_version":"2019-01-23","purchased_purges":1,"victory":false,"max_hp_per_floor":[75,75,75,75,75,75,75,75,75,80,80,80,80,80,80,80,80,80,80,80,80,90,90,90,90,90,90,90,90,90,90,90,90],"card_choices":[{"not_picked":["Flex","Pommel Strike"],"picked":"Whirlwind","floor":1},{"not_picked":["Battle Trance","Heavy Blade"],"picked":"Power Through","floor":5},{"not_picked":["Sword Boomerang","Corruption"],"picked":"Flex","floor":6},{"not_picked":["Shockwave+1","Headbutt"],"picked":"Armaments+1","floor":8},{"not_picked":["Headbutt+1","Inflame"],"picked":"Burning Pact+1","floor":12},{"not_picked":["Iron Wave+1","Clash+1","Hemokinesis+1"],"picked":"SKIP","floor":14},{"not_picked":["Offering+1","Berserk"],"picked":"Reaper+1","floor":16},{"not_picked":["Iron Wave+1","Headbutt+1"],"picked":"Body Slam+1","floor":18},{"not_picked":["Body Slam+1","Bloodletting+1","Hemokinesis+1"],"picked":"SKIP","floor":21},{"not_picked":["Armaments+1","Twin Strike+1","Flex+1"],"picked":"SKIP","floor":23},{"not_picked":["Twin Strike+1","Clothesline+1"],"picked":"Feel No Pain","floor":24},{"not_picked":["Berserk","Power Through+1"],"picked":"Inflame","floor":27},{"not_picked":["Searing Blow+1","Sword Boomerang+1"],"picked":"Disarm+1","floor":28},{"not_picked":["Clothesline+1","Fire Breathing"],"picked":"Seeing Red+1","floor":29},{"not_picked":["Fire Breathing","Thunderclap+1"],"picked":"Inflame","floor":31}],"player_experience":1079945,"relics_obtained":[{"floor":6,"key":"Toxic Egg 2"},{"floor":9,"key":"Molten Egg 2"},{"floor":23,"key":"Self Forming Clay"},{"floor":28,"key":"Turnip"}],"event_choices":[{"damage_healed":0,"gold_gain":0,"player_choice":"Entered Light","damage_taken":23,"max_hp_gain":0,"max_hp_loss":0,"event_name":"Shining Light","floor":3,"gold_loss":0,"cards_upgraded":["Strike_R","Strike_R"]},{"damage_healed":0,"gold_gain":0,"player_choice":"0 cards matched","damage_taken":0,"max_hp_gain":0,"max_hp_loss":0,"event_name":"Match and Keep!","floor":4,"gold_loss":0,"cards_obtained":[]},{"damage_healed":0,"gold_gain":0,"player_choice":"Donut","damage_taken":0,"max_hp_gain":5,"max_hp_loss":0,"event_name":"Big Fish","floor":10,"gold_loss":0},{"cards_removed":["Strike_R"],"damage_healed":0,"gold_gain":0,"player_choice":"Purged","damage_taken":0,"max_hp_gain":0,"max_hp_loss":0,"event_name":"Purifier","floor":11,"gold_loss":0},{"cards_removed":["Strike_R"],"damage_healed":0,"gold_gain":0,"player_choice":"Elegance","damage_taken":0,"max_hp_gain":0,"max_hp_loss":0,"event_name":"Back to Basics","floor":19,"gold_loss":0},{"damage_healed":0,"gold_gain":0,"player_choice":"Read","damage_taken":0,"max_hp_gain":0,"max_hp_loss":0,"event_name":"The Library","floor":20,"gold_loss":0,"cards_obtained":["True Grit"]},{"cards_removed":["Reaper"],"damage_healed":64,"gold_gain":0,"player_choice":"Offered Rare","damage_taken":0,"max_hp_gain":10,"max_hp_loss":0,"event_name":"Bonfire Elementals","floor":22,"gold_loss":0}],"is_beta":false,"boss_relics":[{"not_picked":["Cursed Key","Runic Pyramid"],"picked":"Mark of Pain"}],"items_purged_floors":[2],"is_endless":false,"potions_floor_spawned":[6,8,14,18,21,31],"killed_by":"Collector","ascension_level":15}