{"path_per_floor":["M","M","?","?","M","R","E","$","T","M","R","M","R","?","R","B",null,"M","$","?","?","M","R","$","R","T","E","M","M","M","M","R"],"character_chosen":"IRONCLAD","items_purchased":["Red Skull","Twin Strike","Cleave","Flex"],"gold_per_floor":[112,124,374,374,390,390,424,43,113,125,125,140,140,140,140,259,259,283,103,103,103,128,128,83,83,108,143,166,184,205,221,221,221],"floor_reached":33,"campfire_rested":5,"playtime":1092,"item_purchase_floors":[8,19,19,24],"current_hp_per_floor":[45,42,42,42,41,65,17,17,17,23,47,34,58,58,58,31,80,41,41,41,41,25,25,25,49,49,27,27,21,27,13,37,0],"items_purged":["Regret","Injury"],"gold":221,"score":294,"play_id":"e4a5dff3-c140-459a-bfd6-52bfdddb894f","local_time":"20180607072139","is_prod":false,"is_daily":false,"chose_seed":false,"is_ascension_mode":true,"campfire_upgraded":2,"win_rate":0,"timestamp":1528370499,"campfire_choices":[{"floor":6,"key":"REST"},{"floor":11,"key":"REST"},{"floor":13,"key":"REST"},{"data":"Bash","floor":15,"key":"SMITH"},{"data":"Limit Break","floor":23,"key":"SMITH"},{"floor":25,"key":"REST"},{"floor":32,"key":"REST"}],"path_taken":["M","M","?","?","M","R","E","$","T","?","R","M","R","?","R","BOSS","M","$","?","?","M","R","$","R","T","E","M","M","?","M","R","BOSS"],"build_version":"2018-06-06","seed_source_timestamp":44823071083886,"purchased_purges":2,"victory":false,"master_deck":["Strike_R","Strike_R","Strike_R","Strike_R","Defend_R","Defend_R","Defend_R","Defend_R","Bash+1","Iron Wave+1","Body Slam","Disarm","Seeing Red","Disarm","Limit Break+1","Carnage+1","Twin Strike","Cleave","Flex","Burning Pact+1","Flex","Whirlwind","Shrug It Off","Headbutt+1","Pummel"],"max_hp_per_floor":[80,80,80,80,80,80,80,80,80,80,80,80,80,80,80,80,80,80,80,80,80,80,80,80,80,80,80,80,80,80,80,80,80],"relics":["Burning Blood","Gambling Chip","Vajra","Red Skull","Mummified Hand","Golden Idol","Bronze Scales","Pen Nib"],"card_choices":[{"not_picked":["Armaments","Rupture","True Grit"],"picked":"SKIP","floor":1},{"not_picked":["Heavy Blade","Feel No Pain"],"picked":"Iron Wave","floor":2},{"not_picked":["Anger","Armaments"],"picked":"Body Slam","floor":5},{"not_picked":["Corruption","Sever Soul"],"picked":"Disarm","floor":7},{"not_picked":["Metallicize","Dropkick"],"picked":"Seeing Red","floor":10},{"not_picked":["Thunderclap","Entrench"],"picked":"Disarm","floor":12},{"not_picked":["Double Tap","Bludgeon"],"picked":"Limit Break","floor":16},{"not_picked":["Clash","Seeing Red"],"picked":"Carnage+1","floor":18},{"not_picked":["Rage","Anger"],"picked":"Burning Pact+1","floor":22},{"not_picked":["Rupture+1","Power Through","Body Slam+1"],"picked":"SKIP","floor":27},{"not_picked":["Pommel Strike","Perfected Strike"],"picked":"Whirlwind","floor":28},{"not_picked":["Headbutt","Uppercut"],"picked":"Shrug It Off","floor":29},{"not_picked":["Carnage","Corruption"],"picked":"Headbutt+1","floor":30},{"not_picked":["Heavy Blade","Dual Wield"],"picked":"Pummel","floor":31}],"player_experience":155396,"potions_floor_usage":[7,16,27,28,29,33],"damage_taken":[{"damage":1,"enemies":"Cultist","floor":1,"turns":4},{"damage":9,"enemies":"2 Louse","floor":2,"turns":3},{"damage":7,"enemies":"Jaw Worm","floor":5,"turns":4},{"damage":54,"enemies":"Lagavulin","floor":7,"turns":7},{"damage":0,"enemies":"2 Fungi Beasts","floor":10,"turns":2},{"damage":19,"enemies":"3 Louse","floor":12,"turns":3},{"damage":33,"enemies":"Hexaghost","floor":16,"turns":14},{"damage":45,"enemies":"Shell Parasite","floor":18,"turns":8},{"damage":22,"enemies":"Spheric Guardian","floor":22,"turns":4},{"damage":28,"enemies":"Slavers","floor":27,"turns":5},{"damage":6,"enemies":"3 Cultists","floor":28,"turns":3},{"damage":12,"enemies":"Snake Plant","floor":29,"turns":3},{"damage":0,"enemies":"Centurion and Healer","floor":30,"turns":2},{"damage":20,"enemies":"Chosen and Byrds","floor":31,"turns":4},{"damage":45,"enemies":"Automaton","floor":33,"turns":4}],"relics_obtained":[{"floor":7,"key":"Vajra"},{"floor":9,"key":"Mummified Hand"},{"floor":26,"key":"Bronze Scales"},{"floor":27,"key":"Pen Nib"}],"event_choices":[{"event_name":"Golden Shrine","player_choice":"Desecrate","floor":3,"damage_taken":0},{"event_name":"Living Wall","player_choice":"Grow","floor":4,"damage_taken":0},{"event_name":"Golden Idol","player_choice":"Take Wound","floor":14,"damage_taken":0},{"event_name":"Purifier","player_choice":"One Purge","floor":20,"damage_taken":0},{"event_name":"The Library","player_choice":"Read","floor":21,"damage_taken":0}],"boss_relics":[{"not_picked":[]}],"items_purged_floors":[8,19],"potions_floor_spawned":[2,7,10,22,28,31],"seed_played":"1992178288296812499","killed_by":"Automaton","ascension_level":2,"potions_obtained":[{"floor":2,"key":"SkillPotion"},{"floor":7,"key":"FearPotion"},{"floor":10,"key":"GamblersBrew"},{"floor":22,"key":"Fire Potion"},{"floor":28,"key":"Block Potion"},{"floor":31,"key":"AttackPotion"}],"is_trial":false}