{"gold_per_floor":[114,189,204,204,219,219,249,11,36,51,66,81,111,186,186,286,286,301,271,286,36,51,51,51,81,156,186,201,201,231,246,246,346,346,361,244,259,274,274,274,289,304,304,4,4,34,69,18,18,18],"floor_reached":51,"playtime":6784,"items_purged":[],"score":1026,"play_id":"4896626f-31de-4ded-9386-90b7bb4d4383","local_time":"20190124132010","daily_mods":["Cursed Run","ControlledChaos","Night Terrors"],"is_ascension_mode":false,"campfire_choices":[{"data":"Stack","floor":6.0,"key":"SMITH"},{"data":"Self Repair","floor":15.0,"key":"SMITH"},{"data":"Buffer","floor":23.0,"key":"SMITH"},{"data":"Steam","floor":29.0,"key":"SMITH"},{"data":"Barrage","floor":32.0,"key":"SMITH"},{"data":"Sweeping Beam","floor":40.0,"key":"SMITH"},{"data":"Defend_B","floor":49,"key":"SMITH"}],"neow_cost":"","seed_source_timestamp":0,"circlet_count":0,"master_deck":["Strike_B","Strike_B","Strike_B","Strike_B","Defend_B","Defend_B","Defend_B+1","Defend_B","Dualcast","Aggregate","Stack+1","Steam+1","Barrage+1","Pain","Self Repair+1","Leap+1","Rebound","Hologram+1","Doubt","Parasite","Buffer+1","Steam+1","Hologram+1","Leap+1","Hello World+1","Buffer+1","White Noise+1","Steam Power+1","Stack+1","White Noise+1","Creative AI+1","Sweeping Beam+1","Jack Of All Trades+1","Steam Power+1","Conserve Battery+1","Heatsinks+1","Hologram+1","Decay","Decay","Hologram+1","Chaos+1","Rebound+1","Hologram+1","Normality"],"special_seed":17919,"relics":["Cursed Key","Darkstone Periapt","Du-Vu Doll","Frozen Eye","PreservedInsect","MawBank","Toxic Egg 2","Strawberry","Dodecahedron","Letter Opener","Eternal Feather","Frozen Egg 2","Omamori","Gremlin Horn","Pear","Boot","Nuclear Battery","Ornamental Fan","Unceasing Top","Lantern"],"potions_floor_usage":[50,50,50],"damage_taken":[{"damage":0.0,"enemies":"2 Louse","floor":1.0,"turns":3.0},{"damage":6.0,"enemies":"Jaw Worm","floor":3.0,"turns":3.0},{"damage":0.0,"enemies":"Cultist","floor":5.0,"turns":3.0},{"damage":4.0,"enemies":"3 Sentries","floor":7.0,"turns":6.0},{"damage":7.0,"enemies":"Exordium Thugs","floor":10.0,"turns":5.0},{"damage":14.0,"enemies":"Gremlin Gang","floor":11.0,"turns":6.0},{"damage":14.0,"enemies":"Lots of Slimes","floor":12.0,"turns":4.0},{"damage":1.0,"enemies":"Lagavulin","floor":13.0,"turns":7.0},{"damage":27.0,"enemies":"The Guardian","floor":16.0,"turns":10.0},{"damage":9.0,"enemies":"Spheric Guardian","floor":18.0,"turns":6.0},{"damage":18.0,"enemies":"2 Thieves","floor":19.0,"turns":5.0},{"damage":44.0,"enemies":"Shelled Parasite and Fungi","floor":20.0,"turns":8.0},{"damage":2.0,"enemies":"Snecko","floor":22.0,"turns":7.0},{"damage":9.0,"enemies":"Book of Stabbing","floor":25.0,"turns":8.0},{"damage":22.0,"enemies":"Slavers","floor":27.0,"turns":5.0},{"damage":7.0,"enemies":"Snake Plant","floor":28.0,"turns":7.0},{"damage":4.0,"enemies":"Gremlin Leader","floor":30.0,"turns":7.0},{"damage":10.0,"enemies":"Chosen and Byrds","floor":31.0,"turns":6.0},{"damage":7.0,"enemies":"Automaton","floor":33.0,"turns":8.0},{"damage":0.0,"enemies":"Orb Walker","floor":35.0,"turns":3.0},{"damage":9.0,"enemies":"3 Darklings","floor":37.0,"turns":6.0},{"damage":49.0,"enemies":"Spire Growth","floor":38.0,"turns":7.0},{"damage":0.0,"enemies":"Transient","floor":41.0,"turns":5.0},{"damage":14.0,"enemies":"4 Shapes","floor":42.0,"turns":4.0},{"damage":13.0,"enemies":"Nemesis","floor":46.0,"turns":7.0},{"damage":3.0,"enemies":"Sphere and 2 Shapes","floor":47.0,"turns":3.0},{"damage":13,"enemies":"Donu and Deca","floor":50,"turns":11}],"seed_played":"-8779709241295091905","potions_obtained":[{"floor":1.0,"key":"Poison Potion"},{"floor":5.0,"key":"Energy Potion"},{"floor":7.0,"key":"Strength Potion"},{"floor":12.0,"key":"GamblersBrew"},{"floor":19.0,"key":"SteroidPotion"},{"floor":20.0,"key":"GamblersBrew"},{"floor":28.0,"key":"GamblersBrew"},{"floor":33.0,"key":"Fire Potion"},{"floor":35.0,"key":"Ancient Potion"},{"floor":41.0,"key":"Dexterity Potion"}],"is_trial":false,"path_per_floor":["M","?","M","?","M","R","E","$","T","M","M","M","E","T","R","B",null,"M","M","M","$","M","R","$","E","T","E","M","R","E","M","R","B",null,"M","$","M","M","?","R","M","M","T","$","?","E","M","$","R","B",null],"character_chosen":"DEFECT","items_purchased":["Toxic Egg 2","Frozen Egg 2","Jack Of All Trades+1","Steam Power+1","Unceasing Top","Hologram+1"],"campfire_rested":0,"item_purchase_floors":[8,21,36,36,44,48],"current_hp_per_floor":[75,64,58,51,51,51,47,47,60,53,46,39,45,51,51,30,100,100,92,58,58,56,71,71,72,72,70,73,88,94,94,110,103,110,110,110,110,71,71,92,102,98,104,104,110,107,114,114,122,125],"gold":18,"neow_bonus":"","is_prod":false,"is_daily":true,"chose_seed":false,"campfire_upgraded":7,"win_rate":0,"timestamp":1548354010,"path_taken":["M","?","M","?","?","R","E","$","T","?","M","M","E","?","R","BOSS","M","M","?","$","M","R","$","E","T","E","?","R","E","M","R","BOSS","M","$","?","M","?","R","M","M","T","$","?","E","?","$","R","BOSS"],"build_version":"2019-01-23","purchased_purges":0,"victory":true,"max_hp_per_floor":[75,75,75,75,75,75,75,75,88,88,88,88,88,94,94,100,100,100,100,100,100,100,100,100,100,100,110,110,110,110,110,110,110,110,110,110,110,110,110,110,110,110,116,116,122,122,122,122,122,128],"card_choices":[{"not_picked":["Gash","Go for the Eyes"],"picked":"Aggregate","floor":1.0},{"not_picked":["Recycle","Loop"],"picked":"Stack","floor":3.0},{"not_picked":["Aggregate","Cold Snap"],"picked":"Steam","floor":5.0},{"not_picked":["Coolheaded","Beam Cell"],"picked":"Barrage","floor":7.0},{"not_picked":["Ball Lightning","Redo+1"],"picked":"Self Repair","floor":10.0},{"not_picked":["Aggregate+1","Redo+1"],"picked":"Leap+1","floor":11.0},{"not_picked":["Echo Form","Barrage"],"picked":"Rebound","floor":12.0},{"not_picked":["White Noise+1","Stack+1"],"picked":"Hologram+1","floor":13.0},{"not_picked":["Echo Form","Reboot+1"],"picked":"Buffer","floor":16.0},{"not_picked":["Gash+1","Genetic Algorithm+1"],"picked":"Steam+1","floor":18.0},{"not_picked":["Sunder","Streamline"],"picked":"Hologram+1","floor":19.0},{"not_picked":["Hologram+1","Auto Shields+1"],"picked":"Leap+1","floor":20.0},{"not_picked":["Sweeping Beam","Gash+1"],"picked":"Hello World+1","floor":22.0},{"not_picked":["FTL+1","Capacitor+1"],"picked":"Buffer+1","floor":25.0},{"not_picked":["Chill+1","Leap+1"],"picked":"White Noise+1","floor":27.0},{"not_picked":["Double Energy+1","Self Repair+1"],"picked":"Steam Power+1","floor":28.0},{"not_picked":["Cold Snap+1","Ball Lightning"],"picked":"Stack+1","floor":30.0},{"not_picked":["Recycle+1","Rip and Tear"],"picked":"White Noise+1","floor":31.0},{"not_picked":["Reboot+1","Meteor Strike"],"picked":"Creative AI+1","floor":33.0},{"not_picked":["Genetic Algorithm+1","Storm+1"],"picked":"Sweeping Beam","floor":35.0},{"not_picked":["Scrape","Recycle+1"],"picked":"Conserve Battery+1","floor":37.0},{"not_picked":["Turbo+1","Sunder+1"],"picked":"Heatsinks+1","floor":38.0},{"not_picked":["Sweeping Beam+1","Gash+1"],"picked":"Hologram+1","floor":41.0},{"not_picked":["Gash","Double Energy+1","Static Discharge+1"],"picked":"SKIP","floor":42.0},{"not_picked":["Rip and Tear","Rainbow+1"],"picked":"Chaos+1","floor":46.0},{"not_picked":["Compile Driver+1","Streamline"],"picked":"Rebound+1","floor":47.0}],"player_experience":139609,"relics_obtained":[{"floor":7.0,"key":"MawBank"},{"floor":9.0,"key":"Strawberry"},{"floor":13.0,"key":"Dodecahedron"},{"floor":14.0,"key":"Letter Opener"},{"floor":25.0,"key":"Omamori"},{"floor":26.0,"key":"Gremlin Horn"},{"floor":27.0,"key":"Pear"},{"floor":30.0,"key":"Boot"},{"floor":43.0,"key":"Ornamental Fan"},{"floor":46.0,"key":"Lantern"}],"event_choices":[{"damage_healed":0.0,"max_hp_gain":0.0,"max_hp_loss":0.0,"gold_gain":75.0,"event_name":"World of Goop","player_choice":"Gather Gold","floor":2.0,"gold_loss":0.0,"damage_taken":11.0},{"damage_healed":0.0,"max_hp_gain":0.0,"max_hp_loss":0.0,"gold_gain":0.0,"event_name":"Scrap Ooze","player_choice":"Success","floor":4.0,"gold_loss":0.0,"damage_taken":7.0,"relics_obtained":["PreservedInsect"]},{"cards_removed":["Zap"],"damage_healed":0.0,"max_hp_gain":0.0,"max_hp_loss":0.0,"gold_gain":0.0,"event_name":"Falling","player_choice":"Removed Skill","floor":39.0,"gold_loss":0.0,"damage_taken":0.0},{"damage_healed":0.0,"max_hp_gain":0.0,"max_hp_loss":0.0,"gold_gain":0.0,"event_name":"Match and Keep!","player_choice":"2 cards matched","floor":45.0,"gold_loss":0.0,"damage_taken":0.0,"cards_obtained":["Decay","Hologram"]}],"is_beta":false,"boss_relics":[{"not_picked":["Busted Crown","Lizard Tail"],"picked":"Eternal Feather"},{"not_picked":["Astrolabe","Empty Cage"],"picked":"Nuclear Battery"}],"items_purged_floors":[],"is_endless":false,"potions_floor_spawned":[1,5,7,12,19,20,28,30,33,35,37,41,46,47],"ascension_level":0}