{"gold_per_floor":[113,78,3,22,47,47,63,97,120,120,155,173,173,173,173,250,250,263,86,101,101],"floor_reached":21,"playtime":684,"items_purged":["Decay"],"score":365,"play_id":"b3a5264d-520d-4327-a0a8-a0f295a5833f","local_time":"20181117071816","is_ascension_mode":true,"campfire_choices":[{"floor":6,"key":"DIG"},{"floor":10,"key":"DIG"},{"floor":13,"key":"DIG"},{"data":"Footwork","floor":15,"key":"SMITH"}],"neow_cost":"CURSE","seed_source_timestamp":63349843960578,"circlet_count":0,"master_deck":["AscendersBane","Defend_G","Defend_G","Defend_G","Defend_G","Defend_G","Strike_G","Strike_G","Strike_G","Strike_G","Survivor","Neutralize","Footwork+1","Poisoned Stab","Dash","Dodge and Roll","Bane","After Image","Wraith Form v2","Poisoned Stab","Footwork","Good Instincts","Accuracy"],"relics":["Ring of the Serpent","Shovel","Omamori","Ninja Scroll","StoneCalendar","Dream Catcher","Orichalcum","Bronze Scales","Snake Skull"],"potions_floor_usage":[8,8,16,18,20],"damage_taken":[{"damage":4,"enemies":"Jaw Worm","floor":1,"turns":7},{"damage":0,"enemies":"2 Louse","floor":4,"turns":3},{"damage":0,"enemies":"Cultist","floor":7,"turns":3},{"damage":10,"enemies":"Gremlin Nob","floor":8,"turns":4},{"damage":14,"enemies":"3 Sentries","floor":11,"turns":7},{"damage":1,"enemies":"Looter","floor":12,"turns":3},{"damage":6,"enemies":"The Guardian","floor":16,"turns":11},{"damage":3,"enemies":"Chosen","floor":18,"turns":5},{"damage":15,"enemies":"Shell Parasite","floor":20,"turns":4},{"damage":43,"enemies":"3 Cultists","floor":21,"turns":6}],"seed_played":"8034452652841557979","potions_obtained":[{"floor":1,"key":"FearPotion"},{"floor":4,"key":"Ancient Potion"},{"floor":8,"key":"FearPotion"},{"floor":12,"key":"Block Potion"},{"floor":18,"key":"Poison Potion"}],"is_trial":false,"path_per_floor":["M","?","$","M","T","R","M","E","T","R","E","M","R","?","R","B",null,"M","$","M","M"],"character_chosen":"THE_SILENT","items_purchased":["Footwork","Good Instincts"],"campfire_rested":0,"item_purchase_floors":[19,19],"current_hp_per_floor":[55,66,66,66,66,66,66,56,56,56,42,41,41,41,41,35,58,55,55,40,0],"gold":101,"neow_bonus":"ONE_RARE_RELIC","is_prod":false,"is_daily":false,"chose_seed":false,"campfire_upgraded":1,"win_rate":0,"timestamp":1542457096,"path_taken":["M","?","$","M","?","R","M","E","T","R","E","M","R","?","R","BOSS","M","$","M","M"],"build_version":"2018-11-15","purchased_purges":1,"victory":false,"max_hp_per_floor":[66,66,66,66,66,66,66,66,66,66,66,66,66,66,66,66,66,66,66,66,66],"card_choices":[{"not_picked":["Quick Slash","Deflect"],"picked":"Footwork","floor":1},{"not_picked":["PiercingWail","Infinite Blades"],"picked":"Poisoned Stab","floor":4},{"not_picked":["Deadly Poison","Bouncing Flask"],"picked":"Dash","floor":7},{"not_picked":["Infinite Blades","Setup","Quick Slash"],"picked":"SKIP","floor":8},{"not_picked":["Poisoned Stab","Dagger Spray"],"picked":"Dodge and Roll","floor":11},{"not_picked":["Deadly Poison","Flechettes"],"picked":"Bane","floor":12},{"not_picked":["Bullet Time","Malaise"],"picked":"Wraith Form v2","floor":16},{"not_picked":["Underhanded Strike","Dash"],"picked":"Poisoned Stab","floor":18},{"not_picked":["Sucker Punch","Poisoned Stab"],"picked":"Accuracy","floor":20}],"player_experience":735580,"relics_obtained":[{"floor":5,"key":"Omamori"},{"floor":6,"key":"Ninja Scroll"},{"floor":8,"key":"StoneCalendar"},{"floor":9,"key":"Dream Catcher"},{"floor":10,"key":"Orichalcum"},{"floor":11,"key":"Bronze Scales"},{"floor":13,"key":"Snake Skull"}],"event_choices":[{"damage_healed":16,"gold_gain":0,"player_choice":"Healed","damage_taken":0,"max_hp_gain":0,"max_hp_loss":0,"event_name":"The Cleric","floor":2,"gold_loss":35},{"damage_healed":0,"gold_gain":0,"cards_transformed":["Strike_G"],"player_choice":"Transformed","damage_taken":0,"max_hp_gain":0,"max_hp_loss":0,"event_name":"Transmorgrifier","floor":14,"gold_loss":0,"cards_obtained":["After Image"]}],"is_beta":false,"boss_relics":[{"not_picked":["Snecko Eye","Busted Crown"],"picked":"Ring of the Serpent"}],"items_purged_floors":[3],"is_endless":false,"potions_floor_spawned":[1,4,8,12,18],"killed_by":"3 Cultists","ascension_level":19}