{"gold_per_floor":[113,113,125,135,162,237,237,253,253,253,285,182,202,218,218,323,323,339,367,367,391,404,404],"floor_reached":23,"playtime":2412,"items_purged":[],"score":201,"play_id":"f08ef451-5b99-4547-9ed2-079fce0a8807","local_time":"20190331125702","is_ascension_mode":true,"campfire_choices":[{"data":"Blade Dance","floor":7,"key":"SMITH"},{"data":"Blade Dance","floor":10,"key":"SMITH"},{"data":"Cloak And Dagger","floor":15,"key":"SMITH"}],"neow_cost":"NONE","seed_source_timestamp":1606600480698476,"circlet_count":0,"master_deck":["Defend_G","Defend_G","Defend_G","Defend_G","Defend_G","Strike_G","Strike_G","Strike_G","Strike_G","Strike_G","Survivor","Neutralize","All Out Attack","Dagger Spray","Blade Dance+1","Blade Dance+1","Tools of the Trade","Cloak And Dagger+1","Footwork","Underhanded Strike","Quick Slash","Adrenaline","Bane+1","Backflip","Dagger Throw"],"relics":["Ring of the Snake","Pen Nib","Potion Belt","Runic Pyramid","Red Mask","Nilry\u0027s Codex","Centennial Puzzle"],"potions_floor_usage":[11,16,23,23],"damage_taken":[{"damage":0,"enemies":"2 Louse","floor":1,"turns":3},{"damage":6,"enemies":"Jaw Worm","floor":3,"turns":4},{"damage":0,"enemies":"Small Slimes","floor":4,"turns":2},{"damage":0,"enemies":"2 Fungi Beasts","floor":8,"turns":2},{"damage":23,"enemies":"Gremlin Nob","floor":11,"turns":4},{"damage":10,"enemies":"Blue Slaver","floor":13,"turns":3},{"damage":6,"enemies":"Exordium Thugs","floor":14,"turns":4},{"damage":21,"enemies":"Slime Boss","floor":16,"turns":9},{"damage":5,"enemies":"3 Byrds","floor":18,"turns":4},{"damage":28,"enemies":"Masked Bandits","floor":19,"turns":5},{"damage":20,"enemies":"2 Thieves","floor":22,"turns":4},{"damage":23,"enemies":"Slavers","floor":23,"turns":1}],"seed_played":"5215352909002039507","potions_obtained":[{"floor":1,"key":"Regen Potion"},{"floor":8,"key":"FearPotion"},{"floor":11,"key":"Fire Potion"},{"floor":16,"key":"GamblersBrew"},{"floor":19,"key":"Poison Potion"}],"is_trial":false,"path_per_floor":["M","?","M","M","T","?","R","M","T","R","E","$","M","M","R","B",null,"M","?","?","T","M","E"],"character_chosen":"THE_SILENT","items_purchased":["Cloak And Dagger","Footwork"],"campfire_rested":0,"item_purchase_floors":[12,12],"current_hp_per_floor":[77,82,76,76,76,65,65,65,65,65,42,42,32,26,26,5,82,77,49,33,33,13,0],"gold":404,"neow_bonus":"TEN_PERCENT_HP_BONUS","is_prod":false,"is_daily":false,"chose_seed":false,"campfire_upgraded":3,"win_rate":0,"timestamp":1554055022,"path_taken":["M","?","M","M","?","?","R","M","T","R","E","?","M","M","R","BOSS","M","?","?","?","?","E"],"build_version":"2019-01-23","purchased_purges":0,"victory":false,"max_hp_per_floor":[77,82,82,82,82,82,82,82,82,82,82,82,82,82,82,82,82,82,82,82,82,82,82],"card_choices":[{"not_picked":["Catalyst","Blur"],"picked":"All Out Attack","floor":1},{"not_picked":["Deflect","Noxious Fumes"],"picked":"Dagger Spray","floor":3},{"not_picked":["Bane","Catalyst"],"picked":"Blade Dance","floor":4},{"not_picked":["Leg Sweep","Dodge and Roll"],"picked":"Blade Dance","floor":8},{"not_picked":["Flechettes","Venomology"],"picked":"Tools of the Trade","floor":11},{"not_picked":["Well Laid Plans","Deadly Poison"],"picked":"Underhanded Strike","floor":13},{"not_picked":["Poisoned Stab","Slice"],"picked":"Quick Slash","floor":14},{"not_picked":["Tools of the Trade","A Thousand Cuts"],"picked":"Adrenaline","floor":16},{"not_picked":["Sucker Punch","Crippling Poison"],"picked":"Bane+1","floor":18},{"not_picked":["Expertise+1","Prepared"],"picked":"Backflip","floor":19},{"not_picked":["Acrobatics","Heel Hook"],"picked":"Dagger Throw","floor":22}],"player_experience":130272,"relics_obtained":[{"floor":5,"key":"Pen Nib"},{"floor":11,"key":"Potion Belt"},{"floor":19,"key":"Red Mask"},{"floor":20,"key":"Nilry\u0027s Codex"},{"floor":21,"key":"Centennial Puzzle"}],"event_choices":[{"damage_healed":0,"gold_gain":0,"player_choice":"Donut","damage_taken":0,"max_hp_gain":5,"max_hp_loss":0,"event_name":"Big Fish","floor":2,"gold_loss":0},{"damage_healed":0,"gold_gain":75,"player_choice":"Gather Gold","damage_taken":11,"max_hp_gain":0,"max_hp_loss":0,"event_name":"World of Goop","floor":6,"gold_loss":0},{"damage_healed":0,"gold_gain":0,"player_choice":"Fought Bandits","damage_taken":0,"max_hp_gain":0,"max_hp_loss":0,"event_name":"Masked Bandits","floor":19,"gold_loss":0},{"damage_healed":0,"gold_gain":0,"player_choice":"Obtained Book","damage_taken":16,"max_hp_gain":0,"max_hp_loss":0,"event_name":"Cursed Tome","floor":20,"gold_loss":0}],"is_beta":false,"boss_relics":[{"not_picked":["Busted Crown","Runic Dome"],"picked":"Runic Pyramid"}],"items_purged_floors":[],"is_endless":false,"potions_floor_spawned":[1,8,11,16,19],"killed_by":"Slavers","ascension_level":1}