{"gold_per_floor":[110,35,35,58,58,91,91,114,140,140,140,140,159,175,175,271,271,286,299,52,71,85,85,120,120,150,150,150,171,171,184,184,275,275,288,413,473,491,491,491,530,44,44,44,57,57,71,87,87,87,87,87,87,122,122],"floor_reached":56,"playtime":1553,"items_purged":["Strike_R","Strike_R","Strike_R"],"score":2276,"play_id":"643571d3-537f-4488-bf2c-8922027673ee","local_time":"20190304145306","is_ascension_mode":true,"campfire_choices":[{"data":"Searing Blow","floor":7.0,"key":"SMITH"},{"data":"Searing Blow+1","floor":10.0,"key":"SMITH"},{"data":"Searing Blow+3","floor":15.0,"key":"SMITH"},{"data":"Searing Blow+4","floor":23.0,"key":"SMITH"},{"data":"Searing Blow+5","floor":25.0,"key":"SMITH"},{"data":"Searing Blow+6","floor":28.0,"key":"SMITH"},{"data":"Searing Blow+7","floor":32.0,"key":"SMITH"},{"data":"Searing Blow+8","floor":40.0,"key":"SMITH"},{"data":"Searing Blow+9","floor":44.0,"key":"SMITH"},{"data":"Searing Blow+10","floor":46.0,"key":"SMITH"},{"floor":49.0,"key":"RECALL"},{"data":"Searing Blow+11","floor":52.0,"key":"SMITH"}],"neow_cost":"NONE","seed_source_timestamp":157505924562208,"circlet_count":0,"master_deck":["AscendersBane","Defend_R","Defend_R","Defend_R","Defend_R","Bash","Searing Blow+12","True Grit","Shrug It Off","Battle Trance","Second Wind","Barricade","Impervious","Burning Pact","Feel No Pain+1","Disarm"],"special_seed":0,"relics":["Burning Blood","NeowsBlessing","Golden Idol","Red Skull","Matryoshka","Strawberry","Happy Flower","Runic Pyramid","Bottled Lightning","Pear","Tiny Chest","Enchiridion","Velvet Choker","Charon\u0027s Ashes","Incense Burner","Shuriken","OrangePellets","Anchor","Art of War"],"potions_floor_usage":[55,55],"damage_taken":[{"damage":0.0,"enemies":"Small Slimes","floor":1.0,"turns":1.0},{"damage":0.0,"enemies":"Cultist","floor":4.0,"turns":1.0},{"damage":0.0,"enemies":"Lagavulin","floor":6.0,"turns":1.0},{"damage":2.0,"enemies":"2 Louse","floor":8.0,"turns":3.0},{"damage":10.0,"enemies":"Gremlin Gang","floor":13.0,"turns":5.0},{"damage":0.0,"enemies":"Large Slime","floor":14.0,"turns":4.0},{"damage":30.0,"enemies":"Slime Boss","floor":16.0,"turns":11.0},{"damage":2.0,"enemies":"Spheric Guardian","floor":18.0,"turns":4.0},{"damage":14.0,"enemies":"Shell Parasite","floor":19.0,"turns":4.0},{"damage":18.0,"enemies":"Snake Plant","floor":21.0,"turns":6.0},{"damage":0.0,"enemies":"Snecko","floor":22.0,"turns":4.0},{"damage":43.0,"enemies":"Book of Stabbing","floor":24.0,"turns":6.0},{"damage":4.0,"enemies":"Cultist and Chosen","floor":29.0,"turns":5.0},{"damage":0.0,"enemies":"Centurion and Healer","floor":31.0,"turns":4.0},{"damage":0.0,"enemies":"Champ","floor":33.0,"turns":6.0},{"damage":0.0,"enemies":"Orb Walker","floor":35.0,"turns":3.0},{"damage":3.0,"enemies":"Mind Bloom Boss Battle","floor":36.0,"turns":4.0},{"damage":11.0,"enemies":"2 Orb Walkers","floor":37.0,"turns":3.0},{"damage":0.0,"enemies":"3 Shapes","floor":38.0,"turns":4.0},{"damage":0.0,"enemies":"Reptomancer","floor":41.0,"turns":3.0},{"damage":0.0,"enemies":"Sphere and 2 Shapes","floor":45.0,"turns":3.0},{"damage":0.0,"enemies":"4 Shapes","floor":47.0,"turns":4.0},{"damage":23.0,"enemies":"Transient","floor":48.0,"turns":5.0},{"damage":0.0,"enemies":"Time Eater","floor":50.0,"turns":5.0},{"damage":0.0,"enemies":"Shield and Spear","floor":54.0,"turns":5.0},{"damage":41,"enemies":"The Heart","floor":55,"turns":7}],"seed_played":"4982761291638313111","potions_obtained":[{"floor":4.0,"key":"EssenceOfSteel"},{"floor":8.0,"key":"EssenceOfSteel"},{"floor":33.0,"key":"SpeedPotion"},{"floor":35.0,"key":"GamblersBrew"}],"is_trial":false,"path_per_floor":["M","$","?","M","?","E","R","M","T","R","?","?","M","M","R","B",null,"M","M","$","M","M","R","E","R","T","?","R","M","?","M","R","B",null,"M","?","?","M","?","R","E","$","T","R","M","R","M","M","R","B",null,"R","$","E","B",null],"character_chosen":"IRONCLAD","items_purchased":["Impervious","OrangePellets","Anchor"],"campfire_rested":0,"item_purchase_floors":[20,42,42],"current_hp_per_floor":[74,74,68,68,68,68,68,68,75,75,75,75,71,75,75,51,69,73,65,65,53,59,59,22,22,32,32,32,34,13,19,19,25,70,76,79,74,80,80,80,85,85,85,85,85,85,85,68,68,74,82,82,82,85,50],"gold":122,"neow_bonus":"THREE_ENEMY_KILL","is_prod":false,"is_daily":false,"chose_seed":false,"campfire_upgraded":11,"win_rate":0,"timestamp":1551682386,"path_taken":["M","$","?","M","?","E","R","?","T","R","?","?","M","M","R","BOSS","M","?","$","M","M","R","E","R","T","?","R","M","?","M","R","BOSS","M","?","?","M","?","R","E","$","T","R","M","R","M","M","R","BOSS","R","$","E","BOSS"],"build_version":"2019-01-23","purchased_purges":3,"victory":true,"max_hp_per_floor":[75,75,68,68,68,68,68,68,75,75,75,75,75,75,75,75,75,75,75,75,75,75,75,75,75,85,85,85,85,85,85,85,85,85,85,85,85,85,85,85,85,85,85,85,85,85,85,85,85,85,85,85,85,85,85],"card_choices":[{"not_picked":["Perfected Strike","Armaments"],"picked":"Searing Blow","floor":1.0},{"not_picked":["Burning Pact","Warcry"],"picked":"True Grit","floor":4.0},{"not_picked":["Anger","Wild Strike"],"picked":"Shrug It Off","floor":6.0},{"not_picked":["Flex","Combust","Clash"],"picked":"SKIP","floor":8.0},{"not_picked":["Sever Soul","Warcry"],"picked":"Battle Trance","floor":13.0},{"not_picked":["Perfected Strike","Shrug It Off"],"picked":"Second Wind","floor":14.0},{"not_picked":["Berserk","Dark Embrace"],"picked":"Barricade","floor":16.0},{"not_picked":["Infernal Blade","True Grit","Havoc+1"],"picked":"SKIP","floor":18.0},{"not_picked":["Twin Strike","True Grit","Cleave"],"picked":"SKIP","floor":19.0},{"not_picked":["Rampage","Warcry+1","Uppercut+1"],"picked":"SKIP","floor":21.0},{"not_picked":["Sword Boomerang","Wild Strike"],"picked":"Burning Pact","floor":22.0},{"not_picked":["Heavy Blade","Exhume","Combust"],"picked":"SKIP","floor":24.0},{"not_picked":["Clash","Dropkick","Dual Wield"],"picked":"SKIP","floor":29.0},{"not_picked":["Havoc","Perfected Strike","Sword Boomerang"],"picked":"SKIP","floor":31.0},{"not_picked":["Perfected Strike+1","Armaments","True Grit"],"picked":"SKIP","floor":35.0},{"not_picked":["Perfected Strike","Fire Breathing"],"picked":"Feel No Pain+1","floor":36.0},{"not_picked":["Clash+1","Pommel Strike","Body Slam+1"],"picked":"SKIP","floor":38.0},{"not_picked":["Armaments","Thunderclap","Twin Strike+1"],"picked":"SKIP","floor":41.0},{"not_picked":["Flex","Warcry+1","Pommel Strike"],"picked":"SKIP","floor":45.0},{"not_picked":["Spot Weakness","Battle Trance"],"picked":"Disarm","floor":47.0},{"not_picked":["Twin Strike+1","Barricade","Thunderclap"],"picked":"SKIP","floor":48.0},{"not_picked":["Heavy Blade","Inflame","Thunderclap"],"picked":"SKIP","floor":54.0}],"player_experience":1101559,"relics_obtained":[{"floor":5.0,"key":"Red Skull"},{"floor":6.0,"key":"Matryoshka"},{"floor":9.0,"key":"Strawberry"},{"floor":9.0,"key":"Happy Flower"},{"floor":24.0,"key":"Bottled Lightning"},{"floor":26.0,"key":"Pear"},{"floor":26.0,"key":"Tiny Chest"},{"floor":30.0,"key":"Enchiridion"},{"floor":36.0,"key":"Charon\u0027s Ashes"},{"floor":37.0,"key":"Incense Burner"},{"floor":41.0,"key":"Shuriken"},{"floor":54.0,"key":"Art of War"}],"event_choices":[{"damage_healed":0.0,"max_hp_gain":0.0,"max_hp_loss":7.0,"gold_gain":0.0,"event_name":"Golden Idol","player_choice":"Lose Max HP","floor":3.0,"gold_loss":0.0,"damage_taken":0.0,"relics_obtained":["Golden Idol"]},{"damage_healed":0.0,"max_hp_gain":0.0,"max_hp_loss":0.0,"gold_gain":0.0,"event_name":"Wheel of Change","player_choice":"Relic","floor":5.0,"gold_loss":0.0,"damage_taken":0.0},{"damage_healed":0.0,"max_hp_gain":0.0,"max_hp_loss":0.0,"gold_gain":0.0,"event_name":"Living Wall","player_choice":"Grow","floor":11.0,"gold_loss":0.0,"damage_taken":0.0,"cards_upgraded":["Searing Blow"]},{"cards_removed":["Strike_R"],"damage_healed":0.0,"max_hp_gain":0.0,"max_hp_loss":0.0,"gold_gain":0.0,"event_name":"Bonfire Elementals","player_choice":"Offered Basic","floor":12.0,"gold_loss":0.0,"damage_taken":0.0},{"cards_removed":["Strike_R"],"damage_healed":0.0,"max_hp_gain":0.0,"max_hp_loss":0.0,"gold_gain":0.0,"event_name":"Back to Basics","player_choice":"Elegance","floor":27.0,"gold_loss":0.0,"damage_taken":0.0},{"damage_healed":0.0,"max_hp_gain":0.0,"max_hp_loss":0.0,"gold_gain":0.0,"event_name":"Cursed Tome","player_choice":"Obtained Book","floor":30.0,"gold_loss":0.0,"damage_taken":21.0},{"damage_healed":0.0,"max_hp_gain":0.0,"max_hp_loss":0.0,"gold_gain":0.0,"event_name":"MindBloom","player_choice":"Fight","floor":36.0,"gold_loss":0.0,"damage_taken":0.0},{"damage_healed":0.0,"max_hp_gain":0.0,"max_hp_loss":0.0,"gold_gain":0.0,"event_name":"Mysterious Sphere","player_choice":"Fight","floor":37.0,"gold_loss":0.0,"damage_taken":0.0},{"damage_healed":0.0,"max_hp_gain":0.0,"max_hp_loss":0.0,"gold_gain":0.0,"event_name":"SensoryStone","player_choice":"Memory 1","floor":39.0,"gold_loss":0.0,"damage_taken":0.0}],"is_beta":false,"boss_relics":[{"not_picked":["Ectoplasm","Orrery"],"picked":"Runic Pyramid"},{"not_picked":["Eternal Feather","Pandora\u0027s Box"],"picked":"Velvet Choker"}],"items_purged_floors":[2,20,42],"is_endless":false,"potions_floor_spawned":[4,8,13,19,24,29,33,35,36,45,48,54],"ascension_level":15}