{"gold_per_floor":[112,129,140,120,140,140,166,91,91,91,119,119,147,70,70,143,143,160,172,172,17,17,17,45,65,65,65,82,132,161,173,173,250,250,268,286,3,21,31,31,42,71,71,89,118,118,118,165,165,165,165,165,165,6,33,33],"floor_reached":57,"playtime":3324,"items_purged":["Strike_B"],"score":2790,"play_id":"c1fb026d-2a3b-4933-b10c-a5ceb5a288fd","local_time":"20190418161015","is_ascension_mode":true,"campfire_choices":[{"data":"Zap","floor":6.0,"key":"SMITH"},{"data":"Turbo","floor":10.0,"key":"SMITH"},{"floor":12.0,"key":"REST"},{"data":"Defragment","floor":15.0,"key":"SMITH"},{"floor":23.0,"key":"REST"},{"data":"Dualcast","floor":27.0,"key":"SMITH"},{"floor":32.0,"key":"REST"},{"data":"Heatsinks","floor":40.0,"key":"SMITH"},{"floor":46.0,"key":"RECALL"},{"data":"Recycle","floor":49.0,"key":"SMITH"},{"data":"Biased Cognition","floor":53.0,"key":"SMITH"}],"neow_cost":"PERCENT_DAMAGE","seed_source_timestamp":785952063530497,"circlet_count":0,"master_deck":["AscendersBane","Defend_B","Defend_B","Defend_B","Defend_B","Zap+1","Dualcast+1","Undo","Machine Learning","Turbo+1","Ball Lightning+1","Thunder Strike+1","Echo Form","Heatsinks+1","Cold Snap","Defragment+1","Biased Cognition+1","Recycle+1","Loop","White Noise","Rainbow","Fusion+1","Hologram+1","Meteor Strike","Double Energy+1","Hologram+1","Turbo+1","White Noise+1","Reboot+1","Compile Driver+1","Steam Power+1","Dark Shackles+1","Panacea+1","Glacier+1","Compile Driver","Reprogram+1"],"special_seed":0,"relics":["Cracked Core","Omamori","Blood Vial","Blue Candle","Gambling Chip","Nuclear Battery","WarpedTongs","Enchiridion","Du-Vu Doll","Toxic Egg 2","Coffee Dripper","Chemical X","Bronze Scales","Orichalcum","Meat on the Bone","Emotion Chip","Whetstone"],"potions_floor_usage":[56,56],"damage_taken":[{"damage":7.0,"enemies":"Jaw Worm","floor":1.0,"turns":5.0},{"damage":1.0,"enemies":"Cultist","floor":2.0,"turns":5.0},{"damage":3.0,"enemies":"2 Louse","floor":3.0,"turns":2.0},{"damage":12.0,"enemies":"Exordium Thugs","floor":5.0,"turns":4.0},{"damage":16.0,"enemies":"Lagavulin","floor":7.0,"turns":8.0},{"damage":19.0,"enemies":"3 Sentries","floor":11.0,"turns":5.0},{"damage":14.0,"enemies":"Gremlin Nob","floor":13.0,"turns":3.0},{"damage":6.0,"enemies":"Slime Boss","floor":16.0,"turns":8.0},{"damage":3.0,"enemies":"Shell Parasite","floor":18.0,"turns":5.0},{"damage":3.0,"enemies":"Chosen","floor":19.0,"turns":5.0},{"damage":12.0,"enemies":"Book of Stabbing","floor":24.0,"turns":4.0},{"damage":0.0,"enemies":"Snecko","floor":25.0,"turns":4.0},{"damage":11.0,"enemies":"Chosen and Byrds","floor":28.0,"turns":5.0},{"damage":44.0,"enemies":"Slavers","floor":30.0,"turns":6.0},{"damage":8.0,"enemies":"Centurion and Healer","floor":31.0,"turns":4.0},{"damage":13.0,"enemies":"Champ","floor":33.0,"turns":8.0},{"damage":0.0,"enemies":"Orb Walker","floor":35.0,"turns":2.0},{"damage":26.0,"enemies":"3 Darklings","floor":36.0,"turns":3.0},{"damage":2.0,"enemies":"Writhing Mass","floor":38.0,"turns":4.0},{"damage":2.0,"enemies":"Sphere and 2 Shapes","floor":39.0,"turns":4.0},{"damage":4.0,"enemies":"Jaw Worm Horde","floor":41.0,"turns":3.0},{"damage":4.0,"enemies":"Reptomancer","floor":42.0,"turns":7.0},{"damage":0.0,"enemies":"Maw","floor":44.0,"turns":2.0},{"damage":11.0,"enemies":"Nemesis","floor":45.0,"turns":5.0},{"damage":0.0,"enemies":"2 Orb Walkers","floor":48.0,"turns":3.0},{"damage":14.0,"enemies":"Awakened One","floor":50.0,"turns":8.0},{"damage":11.0,"enemies":"Donu and Deca","floor":51.0,"turns":5.0},{"damage":1.0,"enemies":"Shield and Spear","floor":55.0,"turns":4.0},{"damage":47,"enemies":"The Heart","floor":56,"turns":10}],"seed_played":"2160513322160848115","potions_obtained":[{"floor":3.0,"key":"Explosive Potion"},{"floor":4.0,"key":"Regen Potion"},{"floor":7.0,"key":"EssenceOfSteel"},{"floor":11.0,"key":"AttackPotion"},{"floor":13.0,"key":"Explosive Potion"},{"floor":18.0,"key":"EssenceOfSteel"},{"floor":24.0,"key":"EntropicBrew"},{"floor":30.0,"key":"SpeedPotion"},{"floor":39.0,"key":"Strength Potion"},{"floor":41.0,"key":"Poison Potion"},{"floor":44.0,"key":"Weak Potion"},{"floor":48.0,"key":"FearPotion"}],"is_trial":false,"path_per_floor":["M","M","M","?","M","R","E","?","T","R","E","R","E","$","R","B",null,"M","M","?","$","?","R","E","M","T","R","M","?","E","M","R","B",null,"M","M","$","M","M","R","M","E","T","M","E","R","?","?","R","B","B",null,"R","$","E","B",null],"character_chosen":"DEFECT","items_purchased":["Defragment","Loop","Chemical X","Swift Potion","Glacier+1","Compile Driver","PowerPotion"],"campfire_rested":3,"item_purchase_floors":[14,21,37,37,54,54,54],"current_hp_per_floor":[39,38,35,35,23,23,22,22,22,22,5,26,14,14,14,10,56,55,54,54,54,33,54,44,46,46,46,37,37,9,3,24,13,57,59,35,35,35,35,35,33,31,31,33,24,24,19,33,33,33,36,62,62,62,63,30],"gold":33,"neow_bonus":"TRANSFORM_TWO_CARDS","is_prod":false,"is_daily":false,"chose_seed":false,"campfire_upgraded":7,"win_rate":0,"timestamp":1555575015,"path_taken":["M","M","M","?","?","R","E","?","T","R","E","R","E","$","R","BOSS","M","M","?","?","?","R","E","M","T","R","?","?","E","M","R","BOSS","M","M","$","?","?","R","M","E","T","M","E","R","?","?","R","BOSS","BOSS","R","$","E","BOSS"],"build_version":"2019-01-23","purchased_purges":1,"victory":true,"max_hp_per_floor":[71,71,71,71,71,71,71,71,71,71,71,71,71,71,71,71,71,71,71,71,71,71,71,71,71,71,71,71,71,71,71,71,71,71,71,71,71,71,71,71,71,71,71,71,71,71,71,71,71,71,71,71,71,71,71,71],"card_choices":[{"not_picked":["Sweeping Beam","Undo"],"picked":"Turbo","floor":1.0},{"not_picked":["Gash","Cold Snap"],"picked":"Ball Lightning","floor":2.0},{"not_picked":["Rebound","BootSequence"],"picked":"Thunder Strike","floor":3.0},{"not_picked":["Turbo","Barrage","Gash"],"picked":"SKIP","floor":5.0},{"not_picked":["Loop","Stack"],"picked":"Echo Form","floor":7.0},{"not_picked":["White Noise","BootSequence"],"picked":"Heatsinks","floor":11.0},{"not_picked":["Hologram","Beam Cell"],"picked":"Cold Snap","floor":13.0},{"not_picked":["Core Surge","All For One"],"picked":"Biased Cognition","floor":16.0},{"not_picked":["Force Field","Leap","Barrage"],"picked":"SKIP","floor":18.0},{"not_picked":["Blizzard","Reinforced Body"],"picked":"Recycle","floor":19.0},{"not_picked":["Rebound","Consume","Cold Snap"],"picked":"SKIP","floor":24.0},{"not_picked":["Go for the Eyes","Barrage"],"picked":"White Noise","floor":25.0},{"not_picked":["Stack","Go for the Eyes"],"picked":"Rainbow","floor":28.0},{"not_picked":["Biased Cognition","Sweeping Beam"],"picked":"Fusion","floor":30.0},{"not_picked":["Genetic Algorithm+1","Cold Snap"],"picked":"Hologram+1","floor":31.0},{"not_picked":["Hyperbeam","Amplify+1"],"picked":"Meteor Strike","floor":33.0},{"not_picked":["Sunder","Redo+1"],"picked":"Double Energy+1","floor":35.0},{"not_picked":["Ball Lightning","Rebound+1"],"picked":"Hologram+1","floor":36.0},{"not_picked":["Gash","Beam Cell"],"picked":"Turbo+1","floor":38.0},{"not_picked":["Conserve Battery+1","Leap+1"],"picked":"White Noise+1","floor":39.0},{"not_picked":["Doom and Gloom+1","Capacitor"],"picked":"Reboot+1","floor":41.0},{"not_picked":["Turbo+1","Aggregate+1","Recycle+1"],"picked":"SKIP","floor":42.0},{"not_picked":["Static Discharge","Turbo+1"],"picked":"Compile Driver+1","floor":44.0},{"not_picked":["Barrage","Ball Lightning"],"picked":"Steam Power+1","floor":45.0},{"not_picked":["Dramatic Entrance","Blind+1"],"picked":"Dark Shackles+1","floor":47.0},{"not_picked":["Discovery+1","Mayhem"],"picked":"Panacea+1","floor":47.0},{"not_picked":["Hello World","Ball Lightning"],"picked":"Reprogram+1","floor":55.0}],"player_experience":1430895,"relics_obtained":[{"floor":7.0,"key":"Omamori"},{"floor":9.0,"key":"Blood Vial"},{"floor":11.0,"key":"Blue Candle"},{"floor":13.0,"key":"Gambling Chip"},{"floor":22.0,"key":"Enchiridion"},{"floor":24.0,"key":"Du-Vu Doll"},{"floor":30.0,"key":"Toxic Egg 2"},{"floor":42.0,"key":"Bronze Scales"},{"floor":43.0,"key":"Orichalcum"},{"floor":45.0,"key":"Meat on the Bone"},{"floor":48.0,"key":"Emotion Chip"},{"floor":55.0,"key":"Whetstone"}],"event_choices":[{"damage_healed":0.0,"max_hp_gain":0.0,"max_hp_loss":0.0,"gold_gain":0.0,"event_name":"The Woman in Blue","player_choice":"Bought 1 Potion","floor":4.0,"gold_loss":0.0,"damage_taken":0.0},{"cards_removed":["Strike_B"],"damage_healed":0.0,"max_hp_gain":0.0,"max_hp_loss":0.0,"gold_gain":0.0,"event_name":"The Cleric","player_choice":"Card Removal","floor":8.0,"gold_loss":75.0,"damage_taken":0.0},{"damage_healed":0.0,"max_hp_gain":0.0,"max_hp_loss":0.0,"gold_gain":0.0,"event_name":"Accursed Blacksmith","player_choice":"Rummage","floor":20.0,"gold_loss":0.0,"damage_taken":0.0,"relics_obtained":["WarpedTongs"],"cards_obtained":["Pain"]},{"damage_healed":0.0,"max_hp_gain":0.0,"max_hp_loss":0.0,"gold_gain":0.0,"event_name":"Cursed Tome","player_choice":"Obtained Book","floor":22.0,"gold_loss":0.0,"damage_taken":21.0},{"damage_healed":0.0,"max_hp_gain":0.0,"max_hp_loss":0.0,"gold_gain":50.0,"event_name":"Golden Shrine","player_choice":"Pray","floor":29.0,"gold_loss":0.0,"damage_taken":0.0},{"damage_healed":0.0,"max_hp_gain":0.0,"max_hp_loss":0.0,"gold_gain":0.0,"event_name":"SensoryStone","player_choice":"Memory 2","floor":47.0,"gold_loss":0.0,"damage_taken":5.0},{"damage_healed":0.0,"max_hp_gain":0.0,"max_hp_loss":0.0,"gold_gain":0.0,"event_name":"Mysterious Sphere","player_choice":"Fight","floor":48.0,"gold_loss":0.0,"damage_taken":0.0}],"is_beta":false,"boss_relics":[{"not_picked":["Runic Dome","Cursed Key"],"picked":"Nuclear Battery"},{"not_picked":["Sozu","Inserter"],"picked":"Coffee Dripper"}],"items_purged_floors":[21],"is_endless":false,"potions_floor_spawned":[3,7,11,13,18,24,30,39,41,44,48],"ascension_level":20}