{"path_per_floor":["M","M","?","?","?","R","E","R","T","M","$","R","$","M","R","B",null,"M","?","$","?","M","R"],"character_chosen":"IRONCLAD","items_purchased":["Rampage","Thunderclap"],"gold_per_floor":[111,125,125,125,125,125,160,160,160,170,95,95,59,79,79,155,155,172,97,52,52,67,67,67],"floor_reached":24,"campfire_rested":2,"playtime":738,"current_hp_per_floor":[59,64,64,64,64,64,45,45,45,51,51,75,75,70,70,28,69,41,41,41,20,26,50,0],"items_purged":["Defend_R"],"gold":67,"score":336,"play_id":"8fb42932-058b-45a6-b8c4-f52dc86a4397","local_time":"20180422195414","is_prod":false,"is_daily":false,"chose_seed":false,"is_ascension_mode":true,"campfire_upgraded":3,"timestamp":1524441254,"path_taken":["M","M","?","?","?","R","E","R","T","M","$","R","$","?","R","BOSS","M","?","$","?","M","R","M"],"build_version":"2018-04-19","seed_source_timestamp":274951355991897,"purchased_purges":1,"victory":false,"master_deck":["Strike_R","Strike_R","Strike_R","Strike_R","Defend_R","Defend_R","Defend_R","Bash+1","AscendersBane","Anger+1","Disarm+1","Heavy Blade+1","Headbutt","Rampage+1","Whirlwind","Double Tap","Seeing Red","Thunderclap","Necronomicurse","Reckless Charge+1"],"max_hp_per_floor":[75,75,75,75,75,75,82,82,82,82,82,82,82,82,82,82,82,82,82,82,82,82,82,82],"relics":["Black Blood","Strawberry","Art of War","Necronomicon"],"card_choices":[{"not_picked":["Havoc","Sword Boomerang"],"picked":"Anger","floor":1},{"not_picked":["Anger","Corruption"],"picked":"Disarm","floor":2},{"not_picked":["Wild Strike","Rage"],"picked":"Heavy Blade","floor":7},{"not_picked":["Fire Breathing","Searing Blow"],"picked":"Headbutt","floor":10},{"not_picked":["Shrug It Off","Wild Strike"],"picked":"Whirlwind","floor":14},{"not_picked":["Dark Embrace","Brutality"],"picked":"Double Tap","floor":16},{"not_picked":["Cleave","Flame Barrier"],"picked":"Seeing Red","floor":18},{"not_picked":["Armaments","Perfected Strike"],"picked":"Reckless Charge","floor":22}],"player_experience":432891,"potions_floor_usage":[7,16,18,22],"damage_taken":[{"damage":15,"enemies":"2 Louse","floor":1,"turns":3},{"damage":1,"enemies":"Small Slimes","floor":2,"turns":3},{"damage":32,"enemies":"3 Sentries","floor":7,"turns":10},{"damage":0,"enemies":"Cultist","floor":10,"turns":4},{"damage":11,"enemies":"Looter","floor":14,"turns":3},{"damage":48,"enemies":"Slime Boss","floor":16,"turns":10},{"damage":38,"enemies":"Chosen","floor":18,"turns":5},{"damage":4,"enemies":"3 Byrds","floor":22,"turns":4},{"damage":52,"enemies":"Sentry and Sphere","floor":24,"turns":5}],"event_choices":[{"event_name":"Liars Game","player_choice":"disagreed","floor":3,"damage_taken":0},{"event_name":"Upgrade Shrine","player_choice":"Upgraded","floor":4,"damage_taken":0},{"event_name":"Living Wall","player_choice":"Grow","floor":5,"damage_taken":0},{"event_name":"Beggar","player_choice":"Gave Gold","floor":19,"damage_taken":0},{"event_name":"Cursed Tome","player_choice":"Obtained Book","floor":21,"damage_taken":0}],"boss_relics":[{"not_picked":["Ectoplasm","Runic Pyramid"],"picked":"Black Blood"}],"potions_floor_spawned":[2,14,16,18],"seed_played":"7528238592891137316","killed_by":"Sentry and Sphere","ascension_level":15,"is_trial":false}