{"path_per_floor":["M","M","M","?","?","E","R","?","T","M","M","$","E","M","R"],"character_chosen":"DEFECT","items_purchased":["AttackPotion"],"gold_per_floor":[114,126,136,136,211,240,240,240,240,252,263,139,165,184,184,184],"floor_reached":16,"campfire_rested":0,"playtime":366,"item_purchase_floors":[12],"current_hp_per_floor":[75,75,75,75,64,42,42,35,42,40,40,40,40,40,40,0],"items_purged":["Defend_B"],"gold":184,"score":164,"play_id":"5a6c9143-20d9-46ed-92b1-1be2856a3224","local_time":"20180611123604","is_prod":false,"is_daily":false,"chose_seed":false,"is_ascension_mode":true,"campfire_upgraded":2,"win_rate":0,"timestamp":1528691764,"campfire_choices":[{"data":"Zap","floor":7,"key":"SMITH"},{"data":"Beam Cell","floor":15,"key":"SMITH"}],"path_taken":["M","M","M","?","?","E","R","?","T","M","M","$","E","?","R","BOSS"],"build_version":"2018-06-07v3","seed_source_timestamp":329057263319773,"purchased_purges":1,"victory":false,"master_deck":["Strike_B","Strike_B","Strike_B","Defend_B","Defend_B","Defend_B","Zap+1","Dualcast","Compile Driver","Rip and Tear+1","Force Field","Beam Cell+1","Heatsinks","Streamline"],"max_hp_per_floor":[75,75,75,75,75,75,75,75,82,82,82,82,82,82,82,82],"relics":["Cracked Core","NeowsBlessing","Shuriken","Strawberry","Art of War"],"card_choices":[{"not_picked":["Sweeping Beam","Chill"],"picked":"Compile Driver","floor":1},{"not_picked":["Coolheaded","Stack"],"picked":"Rip and Tear","floor":2},{"not_picked":["Coolheaded","Go for the Eyes"],"picked":"Force Field","floor":3},{"not_picked":["Stack","Redo","Rip and Tear"],"picked":"SKIP","floor":6},{"not_picked":["Barrage","Cold Snap","Coolheaded"],"picked":"SKIP","floor":10},{"not_picked":["Double Energy","Leap"],"picked":"Beam Cell","floor":11},{"not_picked":["Go for the Eyes","Aggregate"],"picked":"Heatsinks","floor":13},{"not_picked":["Steam","Gash"],"picked":"Streamline","floor":14}],"player_experience":249935,"potions_floor_usage":[6,13,16],"damage_taken":[{"damage":0,"enemies":"Jaw Worm","floor":1,"turns":1},{"damage":0,"enemies":"Cultist","floor":2,"turns":1},{"damage":0,"enemies":"Small Slimes","floor":3,"turns":1},{"damage":22,"enemies":"3 Sentries","floor":6,"turns":4},{"damage":2,"enemies":"2 Fungi Beasts","floor":10,"turns":2},{"damage":0,"enemies":"Large Slime","floor":11,"turns":4},{"damage":0,"enemies":"Gremlin Nob","floor":13,"turns":2},{"damage":0,"enemies":"Looter","floor":14,"turns":1},{"damage":43,"enemies":"The Guardian","floor":16,"turns":8}],"relics_obtained":[{"floor":6,"key":"Shuriken"},{"floor":9,"key":"Strawberry"},{"floor":13,"key":"Art of War"}],"event_choices":[{"event_name":"Upgrade Shrine","player_choice":"Upgraded","floor":4,"damage_taken":0},{"event_name":"World of Goop","player_choice":"Gather Gold","floor":5,"damage_taken":0},{"event_name":"Golden Wing","player_choice":"Card Removal","floor":8,"damage_taken":0}],"boss_relics":[],"items_purged_floors":[12],"potions_floor_spawned":[1,10],"seed_played":"-4371709951863531613","killed_by":"The Guardian","ascension_level":4,"potions_obtained":[{"floor":1,"key":"Explosive Potion"},{"floor":10,"key":"SteroidPotion"}],"is_trial":false}