{"path_per_floor":["M","M","M","?","?","R","E","R","T","?","M","M","R","?","R","B",null,"M","M","$","M","?"],"character_chosen":"DEFECT","items_purchased":["Reinforced Body"],"gold_per_floor":[117,136,156,156,156,156,183,183,183,183,200,220,220,220,220,315,315,330,347,200,211,126,126],"floor_reached":23,"campfire_rested":0,"playtime":1074,"current_hp_per_floor":[67,66,58,75,68,68,42,42,42,42,42,39,39,39,39,43,75,55,50,50,4,4,0],"items_purged":["Normality"],"gold":126,"score":191,"play_id":"80e13536-28c8-4eb7-979f-467d25236281","local_time":"20180427071120","is_prod":false,"is_daily":false,"chose_seed":false,"is_ascension_mode":false,"campfire_upgraded":4,"timestamp":1524827480,"path_taken":["M","M","M","?","?","R","E","R","T","?","M","M","R","?","R","BOSS","M","M","$","M","?","E"],"build_version":"2018-04-26v2","seed_source_timestamp":0,"purchased_purges":1,"victory":false,"master_deck":["Strike_B","Strike_B","Strike_B","Defend_B","Defend_B","Defend_B","Defend_B","Zap","Dualcast+1","Streamline+1","Sweeping Beam","Beam Cell","Glacier+1","Impulse+1","Rip and Tear+1","Fission","Skim","Static Discharge","Reinforced Body","Impulse"],"max_hp_per_floor":[75,75,75,75,75,75,75,75,75,75,75,75,75,75,75,75,75,75,75,75,75,75,75],"relics":["Cracked Core","Bag of Marbles","Bottled Flame","Letter Opener","Nuclear Battery","Vajra"],"card_choices":[{"not_picked":["Axe Kick","Coolheaded"],"picked":"Streamline","floor":1.0},{"not_picked":["Hello World","Capacitor"],"picked":"Sweeping Beam","floor":2.0},{"not_picked":["Aggregate","Cold Snap"],"picked":"Beam Cell","floor":3.0},{"not_picked":["Blaster","Darkness"],"picked":"Glacier","floor":7.0},{"not_picked":["Melter","Skim"],"picked":"Impulse","floor":11.0},{"not_picked":["Ball Lightning","Blizzard"],"picked":"Rip and Tear","floor":12.0},{"not_picked":["Fusion","Multi-Cast"],"picked":"Fission","floor":16.0},{"not_picked":["Buffer","Force Field"],"picked":"Skim","floor":18.0},{"not_picked":["Tempest","Cold Snap"],"picked":"Static Discharge","floor":19.0},{"not_picked":["Reprogram","Hologram"],"picked":"Impulse","floor":21}],"player_experience":2916,"potions_floor_usage":[21,23],"damage_taken":[{"damage":8.0,"enemies":"Small Slimes","floor":1.0,"turns":4.0},{"damage":1.0,"enemies":"Cultist","floor":2.0,"turns":3.0},{"damage":8.0,"enemies":"Jaw Worm","floor":3.0,"turns":4.0},{"damage":26.0,"enemies":"Lagavulin","floor":7.0,"turns":6.0},{"damage":0.0,"enemies":"2 Fungi Beasts","floor":11.0,"turns":2.0},{"damage":3.0,"enemies":"Large Slime","floor":12.0,"turns":6.0},{"damage":11.0,"enemies":"Slime Boss","floor":16.0,"turns":7.0},{"damage":20.0,"enemies":"Spheric Guardian","floor":18.0,"turns":4.0},{"damage":5.0,"enemies":"Shell Parasite","floor":19.0,"turns":3.0},{"damage":46,"enemies":"3 Cultists","floor":21,"turns":6},{"damage":8,"enemies":"Gremlin Leader","floor":23,"turns":3}],"event_choices":[{"event_name":"Wheel of Change","player_choice":"Full Heal","floor":4.0,"damage_taken":0.0},{"event_name":"Golden Wing","player_choice":"Card Removal","floor":5.0,"damage_taken":0.0},{"event_name":"Upgrade Shrine","player_choice":"Upgraded","floor":10.0,"damage_taken":0.0},{"event_name":"Accursed Blacksmith","player_choice":"Rummage","floor":14.0,"damage_taken":0.0},{"event_name":"Addict","player_choice":"Obtained Relic","floor":22,"damage_taken":0}],"boss_relics":[],"potions_floor_spawned":[2,11,12,19],"seed_played":"1522414477849059608","killed_by":"Gremlin Leader","ascension_level":0,"is_trial":false}