{"gold_per_floor":[114,114,114,114,131,131,194,204,230,230,54,72,147,177,177,255,255,269,20,20,32,32,32,32],"floor_reached":24,"playtime":502,"items_purged":[],"score":431,"play_id":"76cd498e-f43e-4e07-b1cd-781ea6c5a9cc","local_time":"20181116081519","is_ascension_mode":true,"campfire_choices":[{"data":"Noxious Fumes","floor":6,"key":"SMITH"},{"data":"Glass Knife","floor":10,"key":"SMITH"},{"data":"Footwork","floor":15,"key":"SMITH"},{"data":"Trip","floor":23,"key":"SMITH"}],"neow_cost":"NONE","seed_source_timestamp":138420085601272,"circlet_count":0,"master_deck":["AscendersBane","Defend_G","Defend_G","Defend_G","Defend_G","Defend_G","Strike_G","Strike_G","Strike_G","Strike_G","Strike_G","Survivor","Neutralize","Noxious Fumes+1","Dagger Spray","Glass Knife+1","Sucker Punch","Footwork+1","Trip+1","Blur","Accuracy","Die Die Die","Accuracy","Footwork"],"relics":["Ring of the Snake","NeowsBlessing","Tiny Chest","Bronze Scales","Matryoshka","Cursed Key","Omamori"],"potions_floor_usage":[14,16,24],"damage_taken":[{"damage":0,"enemies":"Small Slimes","floor":1,"turns":1},{"damage":0,"enemies":"Jaw Worm","floor":5,"turns":1},{"damage":0,"enemies":"Lagavulin","floor":7,"turns":1},{"damage":0,"enemies":"2 Louse","floor":8,"turns":3},{"damage":0,"enemies":"2 Fungi Beasts","floor":12,"turns":2},{"damage":6,"enemies":"Gremlin Nob","floor":14,"turns":3},{"damage":41,"enemies":"The Guardian","floor":16,"turns":10},{"damage":12,"enemies":"Shell Parasite","floor":18,"turns":4},{"damage":17,"enemies":"2 Thieves","floor":21,"turns":4},{"damage":27,"enemies":"Gremlin Leader","floor":24,"turns":2}],"seed_played":"1474440151583636102","potions_obtained":[{"floor":1,"key":"FearPotion"},{"floor":5,"key":"LiquidBronze"},{"floor":18,"key":"Block Potion"}],"is_trial":false,"path_per_floor":["M","?","$","?","M","R","E","M","T","R","$","M","?","E","R","B",null,"M","$","?","M","$","R","E"],"character_chosen":"THE_SILENT","items_purchased":["Footwork","Trip","Footwork","Omamori"],"campfire_rested":0,"item_purchase_floors":[11,11,19,19],"current_hp_per_floor":[59,59,59,59,59,59,59,59,59,59,59,59,48,42,42,1,50,38,38,38,21,21,21,0],"gold":32,"neow_bonus":"THREE_ENEMY_KILL","is_prod":false,"is_daily":false,"chose_seed":false,"campfire_upgraded":4,"win_rate":0,"timestamp":1542374119,"path_taken":["M","?","$","?","M","R","E","M","T","R","$","M","?","E","R","BOSS","M","$","?","M","$","R","E"],"build_version":"2018-11-15","purchased_purges":0,"victory":false,"max_hp_per_floor":[66,66,66,66,66,66,66,66,66,66,66,66,66,66,66,66,66,66,66,66,66,66,66,66],"card_choices":[{"not_picked":["Skewer","Choke"],"picked":"Noxious Fumes","floor":1},{"not_picked":["PiercingWail","Cloak And Dagger"],"picked":"Dagger Spray","floor":5},{"not_picked":["Flechettes","Backflip"],"picked":"Glass Knife","floor":7},{"not_picked":["Tactician","Concentrate"],"picked":"Sucker Punch","floor":8},{"not_picked":["Setup","Masterful Stab"],"picked":"Blur","floor":12},{"not_picked":["Choke","Eviscerate"],"picked":"Accuracy","floor":14},{"not_picked":["Unload","Envenom"],"picked":"Die Die Die","floor":16},{"not_picked":["Bouncing Flask+1","Slice"],"picked":"Accuracy","floor":18},{"not_picked":["Dagger Throw","Deadly Poison","Backflip"],"picked":"SKIP","floor":21}],"player_experience":727268,"relics_obtained":[{"floor":7,"key":"Tiny Chest"},{"floor":9,"key":"Bronze Scales"},{"floor":14,"key":"Matryoshka"}],"event_choices":[{"damage_healed":0,"gold_gain":0,"player_choice":"Ignored","damage_taken":0,"max_hp_gain":0,"max_hp_loss":0,"event_name":"Golden Wing","floor":2,"gold_loss":0},{"damage_healed":0,"gold_gain":0,"player_choice":"Fled","damage_taken":0,"max_hp_gain":0,"max_hp_loss":0,"event_name":"Scrap Ooze","floor":4,"gold_loss":0},{"damage_healed":0,"gold_gain":75,"player_choice":"Gather Gold","damage_taken":11,"max_hp_gain":0,"max_hp_loss":0,"event_name":"World of Goop","floor":13,"gold_loss":0},{"damage_healed":0,"gold_gain":0,"player_choice":"Ignored","damage_taken":0,"max_hp_gain":0,"max_hp_loss":0,"event_name":"Beggar","floor":20,"gold_loss":0}],"is_beta":false,"boss_relics":[{"not_picked":["Eternal Feather","Coffee Dripper"],"picked":"Cursed Key"}],"items_purged_floors":[],"is_endless":false,"potions_floor_spawned":[1,5,7,12,18],"killed_by":"Gremlin Leader","ascension_level":18}