{"gold_per_floor":[112,112,112,136,211,242,269,297,309,321,358,380,77,92,92,196,196,210,309,0,47,59,59,84,84,111,128,128,138,138],"floor_reached":30,"playtime":989,"items_purged":[],"score":340,"play_id":"a1349b54-d591-48cc-adfb-74bbe985468b","local_time":"20180816011421","is_ascension_mode":true,"campfire_choices":[{"data":"Meteor Strike","floor":10,"key":"SMITH"},{"floor":15,"key":"REST"},{"floor":23,"key":"REST"},{"data":"Genetic Algorithm","floor":25,"key":"SMITH"},{"data":"Rainbow","floor":28,"key":"SMITH"}],"neow_cost":"NONE","seed_source_timestamp":355437919080988,"circlet_count":0,"master_deck":["Strike_B","Strike_B","Defend_B","Defend_B","Defend_B","Defend_B","Zap","Dualcast","Capacitor","Meteor Strike+1","Stack","Ball Lightning","Redo","Chaos","Recycle","Genetic Algorithm+1","Fusion","Rainbow+1"],"relics":["Cracked Core","NeowsBlessing","Bag of Preparation","MawBank","Symbiotic Virus","Meat on the Bone","Gambling Chip","Busted Crown","Emotion Chip","Ancient Tea Set","Boot","Potion Belt"],"potions_floor_usage":[16,18,22,24,30],"damage_taken":[{"damage":0,"enemies":"Cultist","floor":1,"turns":1},{"damage":0,"enemies":"3 Sentries","floor":6,"turns":1},{"damage":0,"enemies":"Jaw Worm","floor":7,"turns":1},{"damage":7,"enemies":"Small Slimes","floor":8,"turns":3},{"damage":25,"enemies":"Lagavulin","floor":11,"turns":6},{"damage":21,"enemies":"Blue Slaver","floor":12,"turns":4},{"damage":8,"enemies":"Large Slime","floor":14,"turns":5},{"damage":23,"enemies":"Hexaghost","floor":16,"turns":9},{"damage":28,"enemies":"Shell Parasite","floor":18,"turns":4},{"damage":13,"enemies":"2 Thieves","floor":22,"turns":2},{"damage":14,"enemies":"Book of Stabbing","floor":24,"turns":4},{"damage":26,"enemies":"Centurion and Healer","floor":27,"turns":6},{"damage":20,"enemies":"Snecko","floor":29,"turns":4},{"damage":37,"enemies":"Slavers","floor":30,"turns":4}],"seed_played":"-5324432745278313249","potions_obtained":[{"floor":6,"key":"Fire Potion"},{"floor":7,"key":"SteroidPotion"},{"floor":8,"key":"FocusPotion"},{"floor":16,"key":"PowerPotion"},{"floor":22,"key":"Poison Potion"},{"floor":24,"key":"Energy Potion"}],"is_trial":false,"path_per_floor":["M","?","?","T","?","E","M","M","T","R","E","M","$","M","R","B",null,"M","?","$","T","M","R","E","R","T","M","R","M"],"character_chosen":"DEFECT","items_purchased":["Gambling Chip","Emotion Chip"],"campfire_rested":2,"item_purchase_floors":[13,20],"current_hp_per_floor":[75,75,75,75,64,64,64,57,57,57,32,23,23,27,49,38,75,47,47,47,47,46,68,54,54,54,40,40,32,0],"gold":138,"neow_bonus":"THREE_ENEMY_KILL","is_prod":false,"is_daily":false,"chose_seed":false,"campfire_upgraded":3,"win_rate":0,"timestamp":1534374861,"path_taken":["M","?","?","?","?","E","M","M","T","R","E","M","$","M","R","BOSS","M","?","$","?","M","R","E","R","T","?","R","M","E"],"build_version":"2018-08-14","purchased_purges":0,"victory":false,"max_hp_per_floor":[75,75,75,75,75,75,75,75,75,75,75,75,75,75,75,75,75,75,75,75,75,75,75,75,75,75,75,75,75,75],"card_choices":[{"not_picked":["Sweeping Beam","Consume"],"picked":"Capacitor","floor":1},{"not_picked":["Gash","Hologram"],"picked":"Ball Lightning","floor":6},{"not_picked":["Static Discharge","Hologram"],"picked":"Redo","floor":7},{"not_picked":["Amplify","Coolheaded"],"picked":"Chaos","floor":8},{"not_picked":["Glacier","Leap"],"picked":"Recycle","floor":11},{"not_picked":["Darkness","Cold Snap"],"picked":"Genetic Algorithm","floor":12},{"not_picked":["Auto Shields","Rip and Tear"],"picked":"Fusion","floor":14},{"not_picked":["Buffer","Echo Form"],"picked":"Rainbow","floor":16},{"not_picked":["Ball Lightning"],"picked":"SKIP","floor":18},{"not_picked":["Hologram+1"],"picked":"SKIP","floor":22},{"not_picked":["Redo"],"picked":"SKIP","floor":24},{"not_picked":["Blizzard"],"picked":"SKIP","floor":27},{"not_picked":["Beam Cell"],"picked":"SKIP","floor":29}],"player_experience":70291,"relics_obtained":[{"floor":4,"key":"Bag of Preparation"},{"floor":6,"key":"MawBank"},{"floor":9,"key":"Symbiotic Virus"},{"floor":11,"key":"Meat on the Bone"},{"floor":21,"key":"Ancient Tea Set"},{"floor":24,"key":"Boot"},{"floor":26,"key":"Potion Belt"}],"event_choices":[{"event_name":"Transmorgrifier","player_choice":"Transform","floor":2,"damage_taken":0},{"event_name":"Living Wall","player_choice":"Change","floor":3,"damage_taken":0},{"event_name":"World of Goop","player_choice":"Gather Gold","floor":5,"damage_taken":0},{"event_name":"Nest","player_choice":"Stole From Cult","floor":19,"damage_taken":0}],"is_beta":true,"boss_relics":[{"not_picked":["Cursed Key","White Beast Statue"],"picked":"Busted Crown"}],"items_purged_floors":[],"is_endless":false,"potions_floor_spawned":[6,7,8,14,16,22,24],"killed_by":"Slavers","ascension_level":4}