{"gold_per_floor":[110,123,54,54,15,15,46,46,46,81,101,101,61,89,89,89],"floor_reached":16,"playtime":461,"items_purged":[],"score":133,"play_id":"ff84768f-d4fd-4a6e-8d7d-8898a0ce8928","local_time":"20180712180527","is_ascension_mode":true,"campfire_choices":[{"data":"Genetic Algorithm","floor":6,"key":"SMITH"},{"floor":8,"key":"REST"},{"floor":12,"key":"REST"},{"floor":15,"key":"REST"}],"neow_cost":"","seed_source_timestamp":43874505107597,"circlet_count":0,"master_deck":["Strike_B","Strike_B+1","Strike_B","Strike_B","Defend_B","Defend_B","Defend_B","Defend_B","Zap","Dualcast","Conserve Battery","Consume","Genetic Algorithm+1","Decay","Sunder+1","Auto Shields","Fusion","Self Repair","Glacier"],"relics":["Cracked Core","Shuriken","Orichalcum","Bag of Preparation","Whetstone"],"potions_floor_usage":[10,14,14,16],"damage_taken":[{"damage":1,"enemies":"Cultist","floor":1,"turns":3},{"damage":3,"enemies":"Small Slimes","floor":2,"turns":3},{"damage":41,"enemies":"Gremlin Nob","floor":7,"turns":5},{"damage":17,"enemies":"3 Sentries","floor":10,"turns":7},{"damage":0,"enemies":"Jaw Worm","floor":11,"turns":4},{"damage":44,"enemies":"Gremlin Nob","floor":14,"turns":5},{"damage":46,"enemies":"Hexaghost","floor":16,"turns":16}],"seed_played":"6980515804094096960","potions_obtained":[{"floor":7,"key":"Swift Potion"},{"floor":13,"key":"Fire Potion"},{"floor":13,"key":"AttackPotion"},{"floor":13,"key":"FocusPotion"},{"floor":14,"key":"Ancient Potion"}],"is_trial":false,"path_per_floor":["M","M","$","?","$","R","E","R","T","E","M","R","?","E","R"],"character_chosen":"DEFECT","items_purchased":["Genetic Algorithm","Sunder"],"campfire_rested":3,"item_purchase_floors":[3,5],"current_hp_per_floor":[74,71,71,71,71,71,30,52,52,35,35,57,57,20,42,0],"gold":89,"neow_bonus":"","is_prod":false,"is_daily":false,"chose_seed":false,"campfire_upgraded":1,"win_rate":0,"timestamp":1531411527,"path_taken":["M","M","?","?","$","R","E","R","T","E","M","R","?","E","R","BOSS"],"build_version":"2018-07-11","purchased_purges":0,"victory":false,"max_hp_per_floor":[75,75,75,75,75,75,75,75,75,75,75,75,75,75,75,75],"card_choices":[{"not_picked":["Hologram","Double Energy"],"picked":"Conserve Battery","floor":1},{"not_picked":["Redo","Streamline"],"picked":"Consume","floor":2},{"not_picked":["Cold Snap","Genetic Algorithm"],"picked":"Auto Shields","floor":7},{"not_picked":["Beam Cell","Reprogram"],"picked":"Fusion","floor":10},{"not_picked":["Double Energy","Scrape"],"picked":"Self Repair","floor":11},{"not_picked":["Hologram","Conserve Battery"],"picked":"Glacier","floor":14}],"player_experience":54169,"relics_obtained":[{"floor":7,"key":"Shuriken"},{"floor":9,"key":"Orichalcum"},{"floor":10,"key":"Bag of Preparation"},{"floor":14,"key":"Whetstone"}],"event_choices":[{"event_name":"Wheel of Change","player_choice":"Curse","floor":4,"damage_taken":0},{"event_name":"The Woman in Blue","player_choice":"Bought 3 Potions","floor":13,"damage_taken":0}],"boss_relics":[],"items_purged_floors":[],"is_endless":false,"potions_floor_spawned":[7,14],"killed_by":"Hexaghost","ascension_level":3}