{"gold_per_floor":[110,110,23,23,23,23,54,54,81,115,115,131,156,173,173,248,248,262,177,102,16,29,29,59,59,139,151,111,123,138,154,154,227,227,244,260,260,185,185],"floor_reached":39,"playtime":1754,"items_purged":["Writhe"],"score":864,"play_id":"4a0e4026-d859-4ef1-a88e-a00421c58045","local_time":"20181107142216","is_ascension_mode":true,"campfire_choices":[{"data":"Static Discharge","floor":6.0,"key":"SMITH"},{"data":"Dualcast","floor":8.0,"key":"SMITH"},{"data":"Consume","floor":11.0,"key":"SMITH"},{"data":"Lockon","floor":15.0,"key":"SMITH"},{"floor":23.0,"key":"REST"},{"floor":25,"key":"REST"},{"floor":32,"key":"REST"}],"neow_cost":"NONE","seed_source_timestamp":0,"circlet_count":0,"master_deck":["AscendersBane","Strike_B","Defend_B","Defend_B","Defend_B","Zap","Dualcast+1","Beam Cell+1","Static Discharge+1","Steam","Consume+1","Sweeping Beam","Lockon+1","Echo Form","Reprogram+1","Undo+1","Go for the Eyes+1","Loop","Coolheaded+1","Hologram+1","Hologram+1","Chill+1","Creative AI","Electrodynamics","Turbo+1","Self Repair"],"special_seed":0,"relics":["Cracked Core","NeowsBlessing","Dodecahedron","Symbiotic Virus","Oddly Smooth Stone","Pear","Dream Catcher","Astrolabe","Toxic Egg 2","Potion Belt","Sundial","Lizard Tail"],"potions_floor_usage":[24,33,33,33,39],"damage_taken":[{"damage":0.0,"enemies":"2 Louse","floor":1.0,"turns":1.0},{"damage":0.0,"enemies":"Lagavulin","floor":7.0,"turns":1.0},{"damage":0.0,"enemies":"Gremlin Nob","floor":10.0,"turns":1.0},{"damage":1.0,"enemies":"Jaw Worm","floor":12.0,"turns":2.0},{"damage":25.0,"enemies":"3 Sentries","floor":13.0,"turns":6.0},{"damage":0.0,"enemies":"Cultist","floor":14.0,"turns":3.0},{"damage":21.0,"enemies":"The Guardian","floor":16.0,"turns":8.0},{"damage":32.0,"enemies":"3 Byrds","floor":18.0,"turns":6.0},{"damage":14.0,"enemies":"2 Thieves","floor":22.0,"turns":4.0},{"damage":18,"enemies":"Slavers","floor":24,"turns":7},{"damage":2,"enemies":"Snecko","floor":27,"turns":6},{"damage":21,"enemies":"Centurion and Healer","floor":29,"turns":6},{"damage":13,"enemies":"3 Cultists","floor":30,"turns":5},{"damage":18,"enemies":"Snake Plant","floor":31,"turns":6},{"damage":28,"enemies":"Collector","floor":33,"turns":16},{"damage":17,"enemies":"3 Darklings","floor":35,"turns":3},{"damage":62,"enemies":"3 Shapes","floor":36,"turns":3},{"damage":70,"enemies":"Transient","floor":39,"turns":5}],"seed_played":"883718670900801277","potions_obtained":[{"floor":10.0,"key":"SkillPotion"},{"floor":12.0,"key":"FocusPotion"},{"floor":18.0,"key":"FearPotion"},{"floor":22.0,"key":"Weak Potion"},{"floor":28,"key":"FairyPotion"},{"floor":28,"key":"LiquidBronze"},{"floor":28,"key":"Explosive Potion"},{"floor":33,"key":"EssenceOfSteel"},{"floor":36,"key":"Weak Potion"}],"is_trial":false,"path_per_floor":["M","?","$","?","?","R","E","R","T","E","R","M","E","M","R","B",null,"M","?","?","$","M","R","E","R","T","M","?","M","M","M","R","B",null,"M","M","?","$","M"],"character_chosen":"DEFECT","items_purchased":["Static Discharge","Loop"],"campfire_rested":3,"item_purchase_floors":[3,21],"current_hp_per_floor":[64,64,64,64,64,64,64,64,64,74,74,73,48,48,48,27,68,36,36,36,36,22,46,28,52,52,50,50,29,16,6,30,2,61,44,40,56,56,0],"gold":185,"neow_bonus":"THREE_ENEMY_KILL","is_prod":false,"is_daily":false,"chose_seed":false,"campfire_upgraded":4,"win_rate":0,"timestamp":1541618536,"path_taken":["M","?","$","?","?","R","E","R","T","E","R","M","E","?","R","BOSS","M","?","?","$","M","R","E","R","T","?","?","?","M","M","R","BOSS","M","M","?","$","M"],"build_version":"2018-11-01","purchased_purges":1,"victory":false,"max_hp_per_floor":[71,71,71,71,71,71,71,71,71,81,81,81,81,81,81,81,81,81,81,81,81,81,81,81,81,81,81,81,81,81,81,81,81,81,81,81,81,81,81],"card_choices":[{"not_picked":["Double Energy","Barrage"],"picked":"Beam Cell","floor":1.0},{"not_picked":["Turbo","Undo"],"picked":"Steam","floor":7.0},{"not_picked":["Reprogram","Blizzard"],"picked":"Consume","floor":10.0},{"not_picked":["Conserve Battery","Redo"],"picked":"Sweeping Beam","floor":12.0},{"not_picked":["Stack","Double Energy","Blizzard"],"picked":"SKIP","floor":13.0},{"not_picked":["Sweeping Beam","Compile Driver"],"picked":"Lockon","floor":14.0},{"not_picked":["Fission","Rainbow"],"picked":"Echo Form","floor":16.0},{"not_picked":["Rebound","Steam Power","Stack"],"picked":"SKIP","floor":18.0},{"not_picked":["Rebound","Go for the Eyes"],"picked":"Coolheaded+1","floor":22.0},{"not_picked":["Chill+1","Reprogram+1"],"picked":"Hologram+1","floor":23.0},{"not_picked":["Cold Snap","Hello World"],"picked":"Hologram+1","floor":24},{"not_picked":["Sweeping Beam","Rebound+1"],"picked":"Chill+1","floor":25},{"not_picked":["Stack+1","Conserve Battery+1","Lockon"],"picked":"SKIP","floor":27},{"not_picked":["Go for the Eyes","Hologram+1","Heatsinks"],"picked":"SKIP","floor":29},{"not_picked":["Storm","Consume+1"],"picked":"Creative AI","floor":30},{"not_picked":["Streamline","Auto Shields+1","Hologram+1"],"picked":"SKIP","floor":31},{"not_picked":["Echo Form","Meteor Strike"],"picked":"Electrodynamics","floor":33},{"not_picked":["Gash","Streamline"],"picked":"Turbo+1","floor":35},{"not_picked":["Streamline","Compile Driver"],"picked":"Self Repair","floor":36}],"player_experience":697062,"relics_obtained":[{"floor":7.0,"key":"Symbiotic Virus"},{"floor":9.0,"key":"Oddly Smooth Stone"},{"floor":10.0,"key":"Pear"},{"floor":13.0,"key":"Dream Catcher"},{"floor":24,"key":"Potion Belt"},{"floor":26,"key":"Sundial"}],"event_choices":[{"damage_healed":0.0,"max_hp_gain":0.0,"max_hp_loss":0.0,"gold_gain":0.0,"event_name":"Living Wall","player_choice":"Grow","floor":2.0,"gold_loss":0.0,"damage_taken":0.0,"cards_upgraded":["Beam Cell"]},{"damage_healed":0.0,"max_hp_gain":0.0,"max_hp_loss":0.0,"gold_gain":0.0,"event_name":"Big Fish","player_choice":"Box","floor":4.0,"gold_loss":0.0,"damage_taken":0.0,"relics_obtained":["Dodecahedron"],"cards_obtained":["Regret"]},{"cards_removed":["Regret"],"damage_healed":0.0,"max_hp_gain":0.0,"max_hp_loss":0.0,"gold_gain":0.0,"event_name":"Fountain of Cleansing","player_choice":"Removed Curses","floor":5.0,"gold_loss":0.0,"damage_taken":0.0},{"damage_healed":0.0,"max_hp_gain":0.0,"max_hp_loss":0.0,"gold_gain":0.0,"event_name":"Addict","player_choice":"Obtained Relic","floor":19.0,"gold_loss":85.0,"damage_taken":0.0,"relics_obtained":["Toxic Egg 2"]},{"cards_removed":["Defend_B"],"damage_healed":0.0,"max_hp_gain":0.0,"max_hp_loss":0.0,"gold_gain":0.0,"event_name":"Beggar","player_choice":"Gave Gold","floor":20.0,"gold_loss":75.0,"damage_taken":0.0},{"damage_healed":0,"gold_gain":0,"player_choice":"Bought 3 Potions","damage_taken":0,"max_hp_gain":0,"max_hp_loss":0,"event_name":"The Woman in Blue","floor":28,"gold_loss":0},{"damage_healed":16,"gold_gain":0,"player_choice":"Writhe","damage_taken":0,"max_hp_gain":0,"max_hp_loss":0,"event_name":"Winding Halls","floor":37,"gold_loss":0,"cards_obtained":["Writhe"]}],"is_beta":false,"boss_relics":[{"not_picked":["White Beast Statue","Philosopher\u0027s Stone"],"picked":"Astrolabe"},{"not_picked":["Nuclear Battery","Velvet Choker"],"picked":"Lizard Tail"}],"items_purged_floors":[38],"is_endless":false,"potions_floor_spawned":[10,12,14,18,22,29,33,36],"killed_by":"Transient","ascension_level":17}