{"gold_per_floor":[111,111,26,46,46,46,74,93,142,142,152,152,172,189,189,268,268,282,300,225,279,279,279,296,327,327,327,359,359,378,395,395,469,519,533,543,556,556,574,192,192,192,192,223,254,280,4,22,22,22,22,22,22,22,49,49],"floor_reached":57,"playtime":2993,"items_purged":["Berserk","Injury"],"score":3027,"play_id":"c9f98af9-3524-4dba-9149-e23682be75ad","local_time":"20190429174933","is_ascension_mode":true,"campfire_choices":[{"data":"Evolve","floor":6.0,"key":"SMITH"},{"data":"Feed","floor":12.0,"key":"SMITH"},{"data":"Feel No Pain","floor":15.0,"key":"SMITH"},{"data":"Dark Embrace","floor":23.0,"key":"SMITH"},{"data":"Dual Wield","floor":27.0,"key":"SMITH"},{"data":"Offering","floor":29.0,"key":"SMITH"},{"data":"Seeing Red","floor":32.0,"key":"SMITH"},{"data":"Second Wind","floor":42.0,"key":"SMITH"},{"floor":49.0,"key":"RECALL"},{"floor":53.0,"key":"REST"}],"neow_cost":"NONE","seed_source_timestamp":0,"circlet_count":0,"master_deck":["AscendersBane","Bash+1","Evolve+1","Intimidate","Second Wind+1","Feed+1","Seeing Red+1","Feel No Pain+1","Intimidate","Spot Weakness","Offering+1","Disarm","Rage","Ghostly Armor","Dropkick","Reckless Charge+1","Dropkick+1","Dark Embrace+1","Dual Wield+1","Armaments+1","Impervious","Seeing Red+1","Panacea","Master of Strategy","Barricade"],"special_seed":0,"relics":["Omamori","Oddly Smooth Stone","Cursed Key","Lantern","Nloth\u0027s Gift","Pear","Bottled Lightning","Ice Cream","Tiny House","Sundial","FaceOfCleric","MawBank","Whetstone"],"potions_floor_usage":[56,56],"damage_taken":[{"damage":11.0,"enemies":"2 Louse","floor":1.0,"turns":5.0},{"damage":16.0,"enemies":"Cultist","floor":4.0,"turns":4.0},{"damage":12.0,"enemies":"3 Sentries","floor":7.0,"turns":10.0},{"damage":6.0,"enemies":"Jaw Worm","floor":8.0,"turns":4.0},{"damage":20.0,"enemies":"Lots of Slimes","floor":11.0,"turns":6.0},{"damage":6.0,"enemies":"Exordium Wildlife","floor":13.0,"turns":5.0},{"damage":6.0,"enemies":"Red Slaver","floor":14.0,"turns":4.0},{"damage":13.0,"enemies":"Slime Boss","floor":16.0,"turns":5.0},{"damage":17.0,"enemies":"Spheric Guardian","floor":18.0,"turns":4.0},{"damage":17.0,"enemies":"Shell Parasite","floor":19.0,"turns":5.0},{"damage":6.0,"enemies":"3 Cultists","floor":24.0,"turns":4.0},{"damage":6.0,"enemies":"Book of Stabbing","floor":25.0,"turns":4.0},{"damage":22.0,"enemies":"Gremlin Leader","floor":28.0,"turns":5.0},{"damage":6.0,"enemies":"Chosen and Byrds","floor":30.0,"turns":4.0},{"damage":6.0,"enemies":"Snecko","floor":31.0,"turns":2.0},{"damage":11.0,"enemies":"Champ","floor":33.0,"turns":3.0},{"damage":6.0,"enemies":"3 Darklings","floor":35.0,"turns":5.0},{"damage":16.0,"enemies":"3 Shapes","floor":36.0,"turns":4.0},{"damage":61.0,"enemies":"Sphere and 2 Shapes","floor":37.0,"turns":4.0},{"damage":6.0,"enemies":"Jaw Worm Horde","floor":39.0,"turns":3.0},{"damage":6.0,"enemies":"Nemesis","floor":44.0,"turns":3.0},{"damage":6.0,"enemies":"Spire Growth","floor":45.0,"turns":5.0},{"damage":7.0,"enemies":"Writhing Mass","floor":46.0,"turns":4.0},{"damage":6.0,"enemies":"3 Darklings","floor":48.0,"turns":2.0},{"damage":21.0,"enemies":"Awakened One","floor":50.0,"turns":6.0},{"damage":6.0,"enemies":"Donu and Deca","floor":51.0,"turns":5.0},{"damage":6.0,"enemies":"Shield and Spear","floor":55.0,"turns":3.0},{"damage":6,"enemies":"The Heart","floor":56,"turns":7}],"seed_played":"-6343157934072953322","potions_obtained":[{"floor":4.0,"key":"Ancient Potion"},{"floor":8.0,"key":"Strength Potion"},{"floor":13.0,"key":"SpeedPotion"}],"is_trial":false,"path_per_floor":["M","?","$","M","?","R","E","M","T","?","M","R","M","M","R","B",null,"M","M","$","T","?","R","M","E","T","R","E","R","M","M","R","B",null,"M","M","M","?","M","$","?","R","T","E","M","M","$","M","R","B","B",null,"R","$","E","B",null],"character_chosen":"IRONCLAD","items_purchased":["Rage","Sundial","Panacea","Master of Strategy"],"campfire_rested":1,"item_purchase_floors":[3,40,40,47],"current_hp_per_floor":[60,60,60,47,47,47,38,35,35,35,18,18,16,14,14,1,74,61,48,48,48,48,48,54,62,62,62,44,44,46,44,44,37,128,126,122,73,73,79,79,79,79,79,78,77,75,75,74,74,66,69,197,239,239,242,237],"gold":49,"neow_bonus":"BOSS_RELIC","is_prod":false,"is_daily":false,"chose_seed":true,"campfire_upgraded":8,"win_rate":0,"timestamp":1556531373,"path_taken":["M","?","$","?","?","R","E","M","T","?","M","R","?","M","R","BOSS","M","M","$","?","?","R","M","E","T","R","E","R","M","M","R","BOSS","M","M","M","?","M","$","?","R","T","E","?","M","$","M","R","BOSS","BOSS","R","$","E","BOSS"],"build_version":"2019-01-23","purchased_purges":2,"victory":true,"max_hp_per_floor":[78,78,78,81,81,81,84,87,87,87,90,90,94,98,98,98,98,102,106,106,106,106,106,118,132,132,132,136,136,144,148,148,152,157,161,173,185,185,197,197,197,197,197,202,207,212,212,217,217,230,239,239,239,239,248,249],"card_choices":[{"not_picked":["Twin Strike","Evolve","Headbutt"],"picked":"SKIP","floor":1.0},{"not_picked":["Corruption","Flex"],"picked":"Ghostly Armor","floor":4.0},{"not_picked":["Heavy Blade","Armaments"],"picked":"Dropkick","floor":7.0},{"not_picked":["Headbutt","Body Slam","Pommel Strike"],"picked":"SKIP","floor":8.0},{"not_picked":["Havoc","Pummel"],"picked":"Reckless Charge","floor":11.0},{"not_picked":["Flame Barrier","Flex","Anger"],"picked":"SKIP","floor":13.0},{"not_picked":["Twin Strike","Clothesline"],"picked":"Dropkick","floor":14.0},{"not_picked":["Fiend Fire","Impervious"],"picked":"Dark Embrace","floor":16.0},{"not_picked":["Warcry","Headbutt"],"picked":"Dual Wield","floor":18.0},{"not_picked":["Intimidate","Anger","Inflame+1"],"picked":"SKIP","floor":19.0},{"not_picked":["Bloodletting+1","Feel No Pain"],"picked":"Armaments+1","floor":24.0},{"not_picked":["Armaments","Anger","Body Slam"],"picked":"SKIP","floor":25.0},{"not_picked":["Carnage","Clothesline","Heavy Blade"],"picked":"SKIP","floor":28.0},{"not_picked":["Body Slam","Cleave+1","Sword Boomerang"],"picked":"SKIP","floor":30.0},{"not_picked":["Flex","Blood for Blood","Hemokinesis+1"],"picked":"SKIP","floor":31.0},{"not_picked":["Double Tap","Demon Form"],"picked":"Impervious","floor":33.0},{"not_picked":["Reckless Charge","Flame Barrier+1"],"picked":"Seeing Red+1","floor":34.0},{"not_picked":["Blood for Blood","Flex","Iron Wave"],"picked":"SKIP","floor":35.0},{"not_picked":["Headbutt","Perfected Strike+1","Double Tap"],"picked":"SKIP","floor":36.0},{"not_picked":["Cleave+1","Searing Blow","Spot Weakness+1"],"picked":"SKIP","floor":37.0},{"not_picked":["Seeing Red","Sword Boomerang+1","Flex"],"picked":"SKIP","floor":39.0},{"not_picked":["Havoc+1","Wild Strike","Seeing Red"],"picked":"SKIP","floor":44.0},{"not_picked":["Clothesline+1","Reckless Charge","Feel No Pain+1"],"picked":"SKIP","floor":45.0},{"not_picked":["Clothesline","Rage+1","Disarm+1"],"picked":"SKIP","floor":46.0},{"not_picked":["Spot Weakness","Pommel Strike","Iron Wave+1"],"picked":"SKIP","floor":48.0},{"not_picked":["Body Slam","Thunderclap"],"picked":"Barricade","floor":55.0}],"player_experience":1503434,"relics_obtained":[{"floor":7.0,"key":"Omamori"},{"floor":9.0,"key":"Oddly Smooth Stone"},{"floor":21.0,"key":"Lantern"},{"floor":25.0,"key":"Pear"},{"floor":26.0,"key":"Bottled Lightning"},{"floor":28.0,"key":"Ice Cream"},{"floor":44.0,"key":"MawBank"},{"floor":55.0,"key":"Whetstone"}],"event_choices":[{"damage_healed":0.0,"max_hp_gain":0.0,"max_hp_loss":0.0,"gold_gain":0.0,"event_name":"Match and Keep!","player_choice":"2 cards matched","floor":2.0,"gold_loss":0.0,"damage_taken":0.0,"cards_obtained":["Offering","Disarm"]},{"damage_healed":0.0,"max_hp_gain":0.0,"max_hp_loss":0.0,"gold_gain":0.0,"event_name":"The Cleric","player_choice":"Leave","floor":5.0,"gold_loss":0.0,"damage_taken":0.0},{"damage_healed":0.0,"max_hp_gain":0.0,"max_hp_loss":0.0,"gold_gain":0.0,"event_name":"Liars Game","player_choice":"Ignored","floor":10.0,"gold_loss":0.0,"damage_taken":0.0},{"damage_healed":0.0,"max_hp_gain":0.0,"max_hp_loss":0.0,"gold_gain":0.0,"event_name":"N\u0027loth","player_choice":"Traded Relic","floor":22.0,"relics_lost":["Pandora\u0027s Box"],"gold_loss":0.0,"damage_taken":0.0,"relics_obtained":["Nloth\u0027s Gift"]},{"damage_healed":0.0,"max_hp_gain":0.0,"max_hp_loss":0.0,"gold_gain":0.0,"event_name":"Tomb of Lord Red Mask","player_choice":"Ignored","floor":38.0,"gold_loss":0.0,"damage_taken":0.0},{"damage_healed":0.0,"max_hp_gain":0.0,"max_hp_loss":0.0,"gold_gain":0.0,"event_name":"FaceTrader","player_choice":"Trade","floor":41.0,"gold_loss":0.0,"damage_taken":0.0,"relics_obtained":["FaceOfCleric"]}],"is_beta":false,"boss_relics":[{"not_picked":["Astrolabe","Velvet Choker"],"picked":"Cursed Key"},{"not_picked":["Coffee Dripper","Philosopher\u0027s Stone"],"picked":"Tiny House"}],"items_purged_floors":[20,47],"is_endless":false,"potions_floor_spawned":[4,8,13,24,25,31,36,39,44,45],"ascension_level":20}