{"gold_per_floor":[14,24,38,50,69,69,127,152,179,254,91,91,101,66,66,66],"floor_reached":16,"playtime":438,"items_purged":["Strike_B"],"score":102,"play_id":"6e7c4fc7-045e-474c-a991-1bca7a83b2cf","local_time":"20181030054359","is_ascension_mode":false,"campfire_choices":[{"data":"Lockon","floor":6,"key":"SMITH"},{"floor":12,"key":"REST"},{"data":"Echo Form","floor":15,"key":"SMITH"}],"neow_cost":"NO_GOLD","seed_source_timestamp":411640814589058,"circlet_count":0,"master_deck":["Strike_B","Strike_B","Strike_B","Defend_B","Defend_B","Defend_B","Defend_B","Zap","Dualcast","Biased Cognition","Lockon+1","Melter","Capacitor","White Noise","Echo Form+1","Bandage Up"],"relics":["Cracked Core","Shuriken","Bronze Scales"],"potions_floor_usage":[8,16,16],"damage_taken":[{"damage":2,"enemies":"Small Slimes","floor":1,"turns":2},{"damage":6,"enemies":"Jaw Worm","floor":2,"turns":2},{"damage":0,"enemies":"2 Louse","floor":3,"turns":2},{"damage":5,"enemies":"Looter","floor":4,"turns":3},{"damage":11,"enemies":"Blue Slaver","floor":5,"turns":4},{"damage":34,"enemies":"3 Sentries","floor":8,"turns":7},{"damage":10,"enemies":"2 Fungi Beasts","floor":13,"turns":3},{"damage":51,"enemies":"The Guardian","floor":16,"turns":5}],"seed_played":"3442638750913715472","potions_obtained":[{"floor":2,"key":"Strength Potion"},{"floor":3,"key":"LiquidBronze"},{"floor":5,"key":"Dexterity Potion"},{"floor":8,"key":"Energy Potion"}],"is_trial":false,"path_per_floor":["M","M","M","M","M","R","?","E","T","?","$","R","M","?","R"],"character_chosen":"DEFECT","items_purchased":["Bandage Up"],"campfire_rested":1,"item_purchase_floors":[11],"current_hp_per_floor":[73,67,67,62,51,51,51,17,17,6,6,28,22,40,40,0],"gold":66,"neow_bonus":"THREE_RARE_CARDS","is_prod":false,"is_daily":false,"chose_seed":false,"campfire_upgraded":2,"win_rate":0,"timestamp":1540874639,"path_taken":["M","M","M","M","M","R","?","E","T","?","$","R","?","?","R","BOSS"],"build_version":"2018-10-29v2","purchased_purges":1,"victory":false,"max_hp_per_floor":[75,75,75,75,75,75,75,75,75,75,75,75,75,75,75,75],"card_choices":[{"not_picked":["Creative AI","Fission"],"picked":"Biased Cognition","floor":0},{"not_picked":["Ball Lightning","Streamline"],"picked":"Lockon","floor":1},{"not_picked":["Lockon","Stack"],"picked":"Melter","floor":2},{"not_picked":["Fusion","Beam Cell"],"picked":"Capacitor","floor":3},{"not_picked":["Hologram","Barrage"],"picked":"White Noise","floor":4},{"not_picked":["Chill","Self Repair"],"picked":"Echo Form","floor":5},{"not_picked":["Gash","Barrage","Sweeping Beam"],"picked":"SKIP","floor":8},{"not_picked":["FTL","Steam","Turbo"],"picked":"SKIP","floor":13}],"player_experience":167844,"relics_obtained":[{"floor":8,"key":"Shuriken"},{"floor":9,"key":"Bronze Scales"}],"event_choices":[{"damage_healed":0,"gold_gain":58,"player_choice":"Gained Gold","damage_taken":0,"max_hp_gain":0,"max_hp_loss":0,"event_name":"Golden Wing","floor":7,"gold_loss":0},{"damage_healed":0,"gold_gain":75,"player_choice":"Gather Gold","damage_taken":11,"max_hp_gain":0,"max_hp_loss":0,"event_name":"World of Goop","floor":10,"gold_loss":0},{"damage_healed":18,"gold_gain":0,"player_choice":"Healed","damage_taken":0,"max_hp_gain":0,"max_hp_loss":0,"event_name":"The Cleric","floor":14,"gold_loss":35}],"is_beta":true,"boss_relics":[],"items_purged_floors":[11],"is_endless":false,"potions_floor_spawned":[2,3,5,8],"killed_by":"The Guardian","ascension_level":0}