{"gold_per_floor":[110,125,125,141,141,141,166,184,184,184,184,184,211,231,231,307,307,320,337,337,262,242,242,270,270],"floor_reached":25,"playtime":641,"items_purged":[],"score":558,"play_id":"67c2b537-3501-46e1-9799-081cee9f2c69","local_time":"20190429205901","is_ascension_mode":true,"campfire_choices":[{"data":"Sunder","floor":6.0,"key":"SMITH"},{"floor":10.0,"key":"REST"},{"data":"Chaos","floor":12.0,"key":"SMITH"},{"data":"Dualcast","floor":15.0,"key":"SMITH"},{"data":"Defragment","floor":23.0,"key":"SMITH"}],"neow_cost":"TEN_PERCENT_HP_LOSS","seed_source_timestamp":0,"circlet_count":0,"master_deck":["AscendersBane","Defend_B","Defend_B","Defend_B","Defend_B","Zap","Dualcast+1","Ball Lightning+1","Sunder+1","Capacitor+1","Chaos+1","Conserve Battery","Cold Snap","Recycle","Electrodynamics","Melter","Defragment+1","Cold Snap","Gash"],"special_seed":0,"relics":["Cracked Core","Ginger","Whetstone","DataDisk","Bottled Flame","Sozu","Cables"],"potions_floor_usage":[24],"damage_taken":[{"damage":4.0,"enemies":"Jaw Worm","floor":1.0,"turns":4.0},{"damage":7.0,"enemies":"2 Louse","floor":2.0,"turns":2.0},{"damage":7.0,"enemies":"Small Slimes","floor":4.0,"turns":3.0},{"damage":8.0,"enemies":"Gremlin Nob","floor":7.0,"turns":3.0},{"damage":10.0,"enemies":"3 Louse","floor":8.0,"turns":2.0},{"damage":11.0,"enemies":"3 Sentries","floor":13.0,"turns":7.0},{"damage":6.0,"enemies":"Exordium Thugs","floor":14.0,"turns":3.0},{"damage":0.0,"enemies":"Hexaghost","floor":16.0,"turns":9.0},{"damage":16.0,"enemies":"Shell Parasite","floor":18.0,"turns":3.0},{"damage":9.0,"enemies":"2 Thieves","floor":19.0,"turns":3.0},{"damage":12,"enemies":"Gremlin Leader","floor":24,"turns":5},{"damage":0,"enemies":"Chosen and Byrds","floor":25,"turns":3}],"seed_played":"8072143155576869794","potions_obtained":[{"floor":2.0,"key":"SkillPotion"},{"floor":4.0,"key":"Swift Potion"},{"floor":7.0,"key":"Explosive Potion"},{"floor":14.0,"key":"SpeedPotion"},{"floor":16.0,"key":"FearPotion"}],"is_trial":false,"path_per_floor":["M","M","?","M","?","R","E","M","T","R","?","R","E","M","R","B",null,"M","M","?","?","?","R","E","M"],"character_chosen":"DEFECT","items_purchased":[],"campfire_rested":1,"item_purchase_floors":[],"current_hp_per_floor":[60,53,53,46,27,27,19,9,9,28,21,21,10,4,4,4,49,33,24,24,24,24,24,12,12],"gold":270,"neow_bonus":"ONE_RARE_RELIC","is_prod":false,"is_daily":false,"chose_seed":false,"campfire_upgraded":4,"win_rate":0,"timestamp":1556542741,"path_taken":["M","M","?","M","?","R","E","M","T","R","?","R","E","M","R","BOSS","M","M","?","?","?","R","E","M"],"build_version":"2019-01-23","purchased_purges":0,"victory":false,"max_hp_per_floor":[64,64,64,64,64,64,64,64,64,64,64,64,64,64,64,64,64,64,64,64,64,64,64,64,64],"card_choices":[{"not_picked":["Stack","Streamline"],"picked":"Ball Lightning","floor":1.0},{"not_picked":["Double Energy","Lockon"],"picked":"Sunder","floor":2.0},{"not_picked":["Rip and Tear","Chill"],"picked":"Capacitor","floor":4.0},{"not_picked":["Compile Driver","Hologram"],"picked":"Chaos","floor":7.0},{"not_picked":["Streamline","Steam"],"picked":"Conserve Battery","floor":8.0},{"not_picked":["Hologram","Hello World"],"picked":"Cold Snap","floor":13.0},{"not_picked":["Ball Lightning","Doom and Gloom"],"picked":"Recycle","floor":14.0},{"not_picked":["Seek","Amplify"],"picked":"Electrodynamics","floor":16.0},{"not_picked":["Leap","Cold Snap"],"picked":"Melter","floor":18.0},{"not_picked":["Beam Cell","Capacitor+1"],"picked":"Defragment","floor":19.0},{"not_picked":["Ball Lightning","Beam Cell","Electrodynamics"],"picked":"SKIP","floor":24}],"player_experience":1509791,"relics_obtained":[{"floor":7.0,"key":"Whetstone"},{"floor":9.0,"key":"DataDisk"},{"floor":13.0,"key":"Bottled Flame"},{"floor":24,"key":"Cables"}],"event_choices":[{"damage_healed":0.0,"max_hp_gain":0.0,"max_hp_loss":0.0,"gold_gain":0.0,"event_name":"Liars Game","player_choice":"Ignored","floor":3.0,"gold_loss":0.0,"damage_taken":0.0},{"damage_healed":0.0,"max_hp_gain":0.0,"max_hp_loss":0.0,"gold_gain":0.0,"event_name":"Shining Light","player_choice":"Entered Light","floor":5.0,"gold_loss":0.0,"damage_taken":19.0,"cards_upgraded":["Capacitor","Ball Lightning"]},{"cards_removed":["Strike_B"],"damage_healed":0.0,"max_hp_gain":0.0,"max_hp_loss":0.0,"gold_gain":0.0,"event_name":"Golden Wing","player_choice":"Card Removal","floor":11.0,"gold_loss":0.0,"damage_taken":7.0},{"damage_healed":0.0,"max_hp_gain":0.0,"max_hp_loss":0.0,"gold_gain":0.0,"cards_transformed":["Strike_B","Strike_B"],"event_name":"Drug Dealer","player_choice":"Became Test Subject","floor":20.0,"gold_loss":0.0,"damage_taken":0.0,"cards_obtained":["Cold Snap","Gash"]},{"cards_removed":["Strike_B"],"damage_healed":0.0,"max_hp_gain":0.0,"max_hp_loss":0.0,"gold_gain":0.0,"event_name":"Beggar","player_choice":"Gave Gold","floor":21.0,"gold_loss":75.0,"damage_taken":0.0},{"damage_healed":0.0,"max_hp_gain":0.0,"max_hp_loss":0.0,"gold_gain":0.0,"event_name":"The Woman in Blue","player_choice":"Bought 1 Potion","floor":22.0,"gold_loss":0.0,"damage_taken":0.0}],"is_beta":false,"boss_relics":[{"not_picked":["White Beast Statue","Calling Bell"],"picked":"Sozu"}],"items_purged_floors":[],"is_endless":false,"potions_floor_spawned":[2,4,7,14,16,19],"killed_by":"Chosen and Byrds","ascension_level":20}