{"gold_per_floor":[114,130,130,130,144,178,178,188,242,276,288,333,345,369,381,393],"floor_reached":16,"playtime":473,"items_purged":[],"score":156,"play_id":"f8f964bd-f538-42f5-a8cb-c0592bf41d12","local_time":"20190321224512","is_ascension_mode":true,"campfire_choices":[{"data":"Neutralize","floor":7,"key":"SMITH"},{"floor":11,"key":"REST"},{"floor":15,"key":"REST"}],"neow_cost":"NONE","seed_source_timestamp":741682854451100,"circlet_count":0,"master_deck":["Defend_G","Defend_G","Defend_G","Defend_G","Defend_G","Strike_G","Strike_G","Strike_G","Strike_G","Strike_G+1","Survivor","Neutralize+1","Underhanded Strike+1","Poisoned Stab+1","Deflect","Flying Knee","Dagger Spray","Deflect","Unload","Crippling Poison"],"relics":["Ring of the Snake","NeowsBlessing","Bottled Lightning","Whetstone","MawBank","Calipers"],"potions_floor_usage":[6,6,10,16],"damage_taken":[{"damage":0,"enemies":"Jaw Worm","floor":1,"turns":1},{"damage":0,"enemies":"Small Slimes","floor":2,"turns":1},{"damage":0,"enemies":"Cultist","floor":5,"turns":1},{"damage":13,"enemies":"Gremlin Nob","floor":6,"turns":5},{"damage":0,"enemies":"3 Louse","floor":8,"turns":2},{"damage":33,"enemies":"3 Sentries","floor":10,"turns":7},{"damage":28,"enemies":"Gremlin Nob","floor":12,"turns":4},{"damage":4,"enemies":"Looter","floor":14,"turns":2},{"damage":28,"enemies":"The Guardian","floor":16,"turns":10}],"seed_played":"7129762225707810189","potions_obtained":[{"floor":1,"key":"GhostInAJar"},{"floor":5,"key":"Block Potion"},{"floor":6,"key":"GhostInAJar"},{"floor":8,"key":"PowerPotion"}],"is_trial":false,"path_per_floor":["M","M","?","?","M","E","R","M","T","E","R","E","?","M","R","B"],"character_chosen":"THE_SILENT","items_purchased":[],"campfire_rested":2,"item_purchase_floors":[],"current_hp_per_floor":[63,63,63,63,63,50,50,50,50,17,38,10,10,6,27,0],"gold":393,"neow_bonus":"THREE_ENEMY_KILL","is_prod":false,"is_daily":false,"chose_seed":false,"campfire_upgraded":1,"win_rate":0,"timestamp":1553233512,"path_taken":["M","M","?","?","?","E","R","M","T","E","R","E","?","M","R","BOSS"],"build_version":"2019-01-23","purchased_purges":0,"victory":false,"max_hp_per_floor":[70,70,70,70,70,70,70,70,70,70,70,70,70,70,70,70],"card_choices":[{"not_picked":["Caltrops","Bane"],"picked":"Underhanded Strike","floor":1},{"not_picked":["Underhanded Strike","Outmaneuver"],"picked":"Poisoned Stab","floor":2},{"not_picked":["Backflip","Flechettes"],"picked":"Deflect","floor":5},{"not_picked":["Deflect","Setup"],"picked":"Flying Knee","floor":6},{"not_picked":["Underhanded Strike","Calculated Gamble"],"picked":"Dagger Spray","floor":8},{"not_picked":["Dagger Throw","Accuracy"],"picked":"Deflect","floor":10},{"not_picked":["Well Laid Plans","Underhanded Strike"],"picked":"Unload","floor":12},{"not_picked":["Expertise","Bane"],"picked":"Crippling Poison","floor":14}],"player_experience":375222,"relics_obtained":[{"floor":6,"key":"Bottled Lightning"},{"floor":9,"key":"Whetstone"},{"floor":10,"key":"MawBank"},{"floor":12,"key":"Calipers"}],"event_choices":[{"damage_healed":0,"gold_gain":0,"player_choice":"Grow","damage_taken":0,"max_hp_gain":0,"max_hp_loss":0,"event_name":"Living Wall","floor":3,"gold_loss":0,"cards_upgraded":["Poisoned Stab"]},{"damage_healed":0,"gold_gain":0,"player_choice":"Bought 0 Potions","damage_taken":0,"max_hp_gain":0,"max_hp_loss":0,"event_name":"The Woman in Blue","floor":4,"gold_loss":0},{"damage_healed":0,"gold_gain":0,"player_choice":"Ignored","damage_taken":0,"max_hp_gain":0,"max_hp_loss":0,"event_name":"Shining Light","floor":13,"gold_loss":0}],"is_beta":false,"boss_relics":[],"items_purged_floors":[],"is_endless":false,"potions_floor_spawned":[1,5,6,8],"killed_by":"The Guardian","ascension_level":6}