{"gold_per_floor":[362,362,379,35,210,210,236,236,236,236,236,247,263,276,276,381,381,394,406,506,356,356,367,29,64,103,126,158,170,207,319,331,448,460,492,98,110,70,85,111,111,7,7,7,40,53,18,51,51,51],"floor_reached":51,"playtime":2887,"items_purged":["Regret"],"score":1122,"play_id":"237ff482-f2ad-4066-b0f4-37ce38c20f1b","local_time":"20190402003609","is_ascension_mode":true,"campfire_choices":[{"data":"Mayhem","floor":6,"key":"SMITH"},{"floor":8,"key":"REST"},{"data":"Sucker Punch","floor":15,"key":"SMITH"},{"floor":29,"key":"REST"},{"floor":32,"key":"REST"},{"floor":41,"key":"REST"},{"floor":49,"key":"REST"}],"neow_cost":"TEN_PERCENT_HP_LOSS","seed_source_timestamp":1696305684389839,"circlet_count":0,"master_deck":["Survivor","Neutralize","Sucker Punch+1","Dagger Spray+1","Mayhem+1","Endless Agony","Backstab","Backstab","Flying Knee","Dagger Throw","A Thousand Cuts","Finisher","Glass Knife","PiercingWail","Deadly Poison","Calculated Gamble","Doppelganger","Flechettes","Dagger Spray","Concentrate","After Image","Infinite Blades+1","Noxious Fumes+1","Endless Agony+1","Dodge and Roll","Cloak And Dagger","Backstab+1","Blur","Malaise","Prepared","Accuracy","Panache","Venomology","Dash","Wraith Form v2","Blade Dance+1","Distraction","Expertise+1","Clumsy","PiercingWail","PiercingWail+1","Accuracy+1","Infinite Blades","Calculated Gamble+1"],"relics":["Ring of the Snake","Kunai","Bronze Scales","Matryoshka","Pandora\u0027s Box","Torii","Shuriken","Vajra","MutagenicStrength","Membership Card","Pantograph","MawBank","Anchor","Prayer Wheel","Cursed Key","Paper Crane","Snake Skull","Orichalcum","ClockworkSouvenir","Lantern","Mercury Hourglass","Ancient Tea Set","Centennial Puzzle"],"potions_floor_usage":[16,18,20,20,25,27,30,40,40,45,45,46,48],"damage_taken":[{"damage":1,"enemies":"2 Louse","floor":1,"turns":3},{"damage":6,"enemies":"Jaw Worm","floor":3,"turns":4},{"damage":25,"enemies":"3 Sentries","floor":7,"turns":10},{"damage":0,"enemies":"Small Slimes","floor":12,"turns":1},{"damage":1,"enemies":"Red Slaver","floor":13,"turns":2},{"damage":0,"enemies":"Large Slime","floor":14,"turns":3},{"damage":6,"enemies":"The Guardian","floor":16,"turns":11},{"damage":0,"enemies":"Spheric Guardian","floor":18,"turns":3},{"damage":2,"enemies":"Chosen","floor":19,"turns":3},{"damage":7,"enemies":"Colosseum Slavers","floor":20,"turns":3},{"damage":9,"enemies":"Colosseum Nobs","floor":20,"turns":3},{"damage":17,"enemies":"Snake Plant","floor":23,"turns":2},{"damage":15,"enemies":"Slavers","floor":25,"turns":4},{"damage":0,"enemies":"3 Cultists","floor":27,"turns":3},{"damage":0,"enemies":"Cultist and Chosen","floor":28,"turns":3},{"damage":14,"enemies":"Book of Stabbing","floor":30,"turns":3},{"damage":11,"enemies":"Collector","floor":33,"turns":7},{"damage":2,"enemies":"3 Shapes","floor":35,"turns":2},{"damage":0,"enemies":"Orb Walker","floor":37,"turns":2},{"damage":16,"enemies":"Jaw Worm Horde","floor":39,"turns":3},{"damage":19,"enemies":"Reptomancer","floor":40,"turns":4},{"damage":0,"enemies":"Nemesis","floor":45,"turns":5},{"damage":0,"enemies":"Transient","floor":46,"turns":5},{"damage":10,"enemies":"Reptomancer","floor":48,"turns":5},{"damage":42,"enemies":"Donu and Deca","floor":50,"turns":6}],"seed_played":"8636571085989992359","potions_obtained":[{"floor":12,"key":"EssenceOfSteel"},{"floor":13,"key":"Explosive Potion"},{"floor":16,"key":"AttackPotion"},{"floor":18,"key":"GhostInAJar"},{"floor":19,"key":"SpeedPotion"},{"floor":25,"key":"AttackPotion"},{"floor":28,"key":"Ancient Potion"},{"floor":39,"key":"LiquidBronze"},{"floor":40,"key":"PowerPotion"},{"floor":45,"key":"Dexterity Potion"}],"is_trial":false,"path_per_floor":["M","?","M","$","?","R","E","R","T","?","?","M","M","M","R","B",null,"M","M","?","$","?","M","$","E","T","M","M","R","E","?","R","B",null,"M","$","M","?","M","E","R","$","T","?","E","M","$","E","R","B",null],"character_chosen":"THE_SILENT","items_purchased":["Mayhem","Endless Agony","Vajra","Membership Card","Pantograph","Panache","Paper Crane","Snake Skull","Ancient Potion","Venomology","ClockworkSouvenir","Infinite Blades"],"campfire_rested":5,"item_purchase_floors":[4,4,21,24,24,36,36,36,36,36,42,47],"current_hp_per_floor":[62,62,56,56,56,56,31,49,49,49,49,49,48,48,48,42,58,58,56,40,40,40,23,23,8,8,8,8,26,12,12,30,44,58,56,56,56,56,40,21,39,39,39,39,39,39,39,29,47,21],"gold":51,"neow_bonus":"TWO_FIFTY_GOLD","is_prod":false,"is_daily":false,"chose_seed":false,"campfire_upgraded":2,"win_rate":0,"timestamp":1554190569,"path_taken":["M","?","M","$","?","R","E","R","T","?","?","M","M","M","R","BOSS","M","M","?","$","?","M","$","E","T","M","M","R","E","?","R","BOSS","M","$","?","?","M","E","R","?","T","?","E","?","$","E","R","BOSS"],"build_version":"2019-01-23","purchased_purges":1,"victory":true,"max_hp_per_floor":[63,63,63,63,63,63,63,63,63,63,63,63,63,63,63,63,63,63,63,63,63,63,63,63,63,63,63,63,63,63,63,63,63,63,63,63,63,63,63,63,63,63,63,63,63,63,63,63,63,63],"card_choices":[{"not_picked":["Quick Slash","Escape Plan"],"picked":"Sucker Punch","floor":1},{"not_picked":["Poisoned Stab","Flechettes"],"picked":"Dagger Spray","floor":3},{"not_picked":["Footwork","Blade Dance"],"picked":"Backstab","floor":7},{"not_picked":["Flying Knee","Choke"],"picked":"Backstab","floor":12},{"not_picked":["Underhanded Strike","PiercingWail"],"picked":"Flying Knee","floor":13},{"not_picked":["Concentrate","Slice"],"picked":"Dagger Throw","floor":14},{"not_picked":["Die Die Die","Corpse Explosion"],"picked":"A Thousand Cuts","floor":16},{"not_picked":["PiercingWail","Outmaneuver"],"picked":"Infinite Blades+1","floor":18},{"not_picked":["Sucker Punch","Finisher+1"],"picked":"Noxious Fumes","floor":19},{"not_picked":["Deflect","Quick Slash"],"picked":"Endless Agony","floor":20},{"not_picked":["Cloak And Dagger","Underhanded Strike+1"],"picked":"Dodge and Roll","floor":23},{"not_picked":["Unload","Dagger Spray"],"picked":"Cloak And Dagger","floor":25},{"not_picked":["Heel Hook","Flying Knee","Slice+1"],"picked":"SKIP","floor":27},{"not_picked":["Bane","Poisoned Stab+1"],"picked":"Backstab+1","floor":28},{"not_picked":["Deflect","Dodge and Roll"],"picked":"Blur","floor":30},{"not_picked":["Night Terror","Unload"],"picked":"Malaise","floor":33},{"not_picked":["Bane","Dagger Throw"],"picked":"Prepared","floor":35},{"not_picked":["Underhanded Strike","Bane+1"],"picked":"Accuracy","floor":35},{"not_picked":["Blur","Slice+1"],"picked":"Dash","floor":37},{"not_picked":["Dodge and Roll+1","Terror"],"picked":"Wraith Form v2","floor":37},{"not_picked":["Dash","Underhanded Strike+1"],"picked":"Blade Dance+1","floor":39},{"not_picked":["Bane+1","Backstab"],"picked":"Distraction","floor":39},{"not_picked":["Noxious Fumes","Dagger Spray"],"picked":"Expertise+1","floor":40},{"not_picked":["Bane+1","Underhanded Strike+1"],"picked":"PiercingWail","floor":45},{"not_picked":["Outmaneuver+1","Quick Slash+1"],"picked":"PiercingWail+1","floor":46},{"not_picked":["Die Die Die","Choke+1"],"picked":"Accuracy+1","floor":46},{"not_picked":["Outmaneuver+1","Flying Knee+1"],"picked":"Calculated Gamble+1","floor":48}],"player_experience":449580,"relics_obtained":[{"floor":7,"key":"Bronze Scales"},{"floor":9,"key":"Matryoshka"},{"floor":20,"key":"Torii"},{"floor":20,"key":"Shuriken"},{"floor":25,"key":"MawBank"},{"floor":26,"key":"Anchor"},{"floor":30,"key":"Prayer Wheel"},{"floor":40,"key":"Orichalcum"},{"floor":43,"key":"Lantern"},{"floor":43,"key":"Mercury Hourglass"},{"floor":45,"key":"Ancient Tea Set"},{"floor":48,"key":"Centennial Puzzle"}],"event_choices":[{"damage_healed":0,"gold_gain":0,"player_choice":"Box","damage_taken":0,"relics_obtained":["Kunai"],"max_hp_gain":0,"max_hp_loss":0,"event_name":"Big Fish","floor":2,"gold_loss":0,"cards_obtained":["Regret"]},{"damage_healed":0,"gold_gain":175,"player_choice":"AGREE","damage_taken":0,"max_hp_gain":0,"max_hp_loss":0,"event_name":"Liars Game","floor":5,"gold_loss":0,"cards_obtained":["Doubt"]},{"cards_removed":["Doubt"],"damage_healed":0,"gold_gain":0,"player_choice":"Forget","damage_taken":0,"max_hp_gain":0,"max_hp_loss":0,"event_name":"Living Wall","floor":10,"gold_loss":0},{"damage_healed":0,"gold_gain":0,"player_choice":"Upgraded","damage_taken":0,"max_hp_gain":0,"max_hp_loss":0,"event_name":"Upgrade Shrine","floor":11,"gold_loss":0,"cards_upgraded":["Dagger Spray"]},{"damage_healed":0,"gold_gain":0,"player_choice":"Fight","damage_taken":0,"max_hp_gain":0,"max_hp_loss":0,"event_name":"Colosseum","floor":20,"gold_loss":0},{"damage_healed":0,"gold_gain":0,"player_choice":"Fought Nobs","damage_taken":0,"max_hp_gain":0,"max_hp_loss":0,"event_name":"Colosseum","floor":20,"gold_loss":0},{"damage_healed":0,"gold_gain":0,"player_choice":"Inject Mutagens","damage_taken":0,"relics_obtained":["MutagenicStrength"],"max_hp_gain":0,"max_hp_loss":0,"event_name":"Drug Dealer","floor":22,"gold_loss":0},{"damage_healed":0,"gold_gain":100,"player_choice":"Pray","damage_taken":0,"max_hp_gain":0,"max_hp_loss":0,"event_name":"Golden Shrine","floor":31,"gold_loss":0},{"damage_healed":0,"gold_gain":0,"player_choice":"Upgraded Two","damage_taken":0,"max_hp_gain":0,"max_hp_loss":0,"event_name":"Designer","floor":38,"gold_loss":40,"cards_upgraded":["Endless Agony","Noxious Fumes"]},{"damage_healed":0,"gold_gain":0,"player_choice":"Got Potions","damage_taken":0,"max_hp_gain":0,"max_hp_loss":0,"event_name":"Lab","floor":44,"gold_loss":0}],"is_beta":false,"boss_relics":[{"not_picked":["Black Star","Astrolabe"],"picked":"Pandora\u0027s Box"},{"not_picked":["Philosopher\u0027s Stone","HoveringKite"],"picked":"Cursed Key"}],"items_purged_floors":[4],"is_endless":false,"potions_floor_spawned":[12,13,16,18,19,25,28,39,40,45],"ascension_level":8}