{"gold_per_floor":[118,26,36,55,130,155,155,186,186,186,198,232,232,244,244,344,344,362,32,46,56,0,35,35,52,121,121,150,150,169,189,189,294,294,311,328,348,348,203,229,229,229,279,279,296,296,0,0,0,0],"floor_reached":51,"playtime":3409,"items_purged":["Strike_G"],"score":769,"play_id":"601d4c9b-b1f8-4290-88fd-f4861db61c0b","local_time":"20190130232831","is_ascension_mode":true,"campfire_choices":[{"data":"Noxious Fumes","floor":7.0,"key":"SMITH"},{"floor":10.0,"key":"REST"},{"floor":13.0,"key":"DIG"},{"floor":15.0,"key":"DIG"},{"floor":27.0,"key":"REST"},{"floor":29.0,"key":"DIG"},{"floor":32.0,"key":"REST"},{"floor":41,"key":"DIG"},{"floor":44,"key":"DIG"},{"floor":49,"key":"REST"}],"neow_cost":"NONE","seed_source_timestamp":556706388866300,"circlet_count":0,"master_deck":["Defend_G","Defend_G","Defend_G","Defend_G","Defend_G","Strike_G+1","Strike_G","Strike_G","Strike_G","Survivor","Neutralize+1","Poisoned Stab","Deflect","Noxious Fumes+1","Dodge and Roll","Bouncing Flask","Poisoned Stab","Deflect","Deadly Poison","Venomology+1","Deadly Poison","Deadly Poison","Sucker Punch+1","Deadly Poison","Deflect","Dodge and Roll+1","Dodge and Roll","Tools of the Trade+1","Backflip","Dark Shackles","Poisoned Stab","Flash of Steel"],"special_seed":0,"relics":["Ring of the Snake","Ancient Tea Set","Mango","Shovel","Lantern","Bronze Scales","Pocketwatch","Lizard Tail","Pantograph","Whetstone","Bottled Lightning","Centennial Puzzle","Frozen Egg 2","Velvet Choker","Mercury Hourglass","Orichalcum","Incense Burner","Red Mask"],"potions_floor_usage":[45,50,50,50],"damage_taken":[{"damage":1.0,"enemies":"Cultist","floor":1.0,"turns":5.0},{"damage":0.0,"enemies":"Jaw Worm","floor":3.0,"turns":3.0},{"damage":0.0,"enemies":"2 Louse","floor":4.0,"turns":3.0},{"damage":20.0,"enemies":"Lagavulin","floor":6.0,"turns":6.0},{"damage":20.0,"enemies":"Gremlin Nob","floor":8.0,"turns":4.0},{"damage":2.0,"enemies":"Lots of Slimes","floor":11.0,"turns":3.0},{"damage":20.0,"enemies":"3 Sentries","floor":12.0,"turns":7.0},{"damage":0.0,"enemies":"Blue Slaver","floor":14.0,"turns":2.0},{"damage":8.0,"enemies":"Hexaghost","floor":16.0,"turns":8.0},{"damage":0.0,"enemies":"Chosen","floor":18.0,"turns":4.0},{"damage":0.0,"enemies":"Shell Parasite","floor":20.0,"turns":4.0},{"damage":33.0,"enemies":"Shelled Parasite and Fungi","floor":21.0,"turns":6.0},{"damage":7.0,"enemies":"Gremlin Leader","floor":23.0,"turns":5.0},{"damage":19.0,"enemies":"Centurion and Healer","floor":25.0,"turns":7.0},{"damage":2.0,"enemies":"Book of Stabbing","floor":28.0,"turns":5.0},{"damage":17.0,"enemies":"Cultist and Chosen","floor":30.0,"turns":5.0},{"damage":6.0,"enemies":"Chosen and Byrds","floor":31.0,"turns":4.0},{"damage":73.0,"enemies":"Collector","floor":33.0,"turns":8.0},{"damage":51.0,"enemies":"3 Darklings","floor":35.0,"turns":6.0},{"damage":4.0,"enemies":"3 Shapes","floor":36.0,"turns":5.0},{"damage":18.0,"enemies":"3 Darklings","floor":37.0,"turns":5.0},{"damage":73.0,"enemies":"Nemesis","floor":40.0,"turns":9.0},{"damage":35,"enemies":"Spire Growth","floor":45,"turns":5},{"damage":20,"enemies":"Time Eater","floor":50,"turns":13}],"seed_played":"-263387645848711870","potions_obtained":[{"floor":1.0,"key":"Poison Potion"},{"floor":3.0,"key":"AttackPotion"},{"floor":8.0,"key":"Block Potion"},{"floor":18.0,"key":"Block Potion"},{"floor":31.0,"key":"PowerPotion"},{"floor":35.0,"key":"Block Potion"},{"floor":40,"key":"Regen Potion"}],"is_trial":false,"path_per_floor":["M","$","M","M","?","E","R","E","T","R","M","E","R","M","R","B",null,"M","$","M","M","?","E","?","M","T","R","E","R","M","M","R","B",null,"M","M","M","?","$","E","R","?","T","R","M","?","?","?","R","B",null],"character_chosen":"THE_SILENT","items_purchased":["Poisoned Stab","Deflect","Pantograph","Backflip","Dark Shackles"],"campfire_rested":4,"item_purchase_floors":[2,2,19,39,39],"current_hp_per_floor":[69,69,69,69,58,52,52,32,32,57,55,35,35,35,35,27,84,84,84,84,51,51,44,44,25,25,50,48,48,31,25,50,2,84,45,41,23,23,23,42,42,42,42,42,22,22,22,22,47,52],"gold":0,"neow_bonus":"RANDOM_COMMON_RELIC","is_prod":false,"is_daily":false,"chose_seed":false,"campfire_upgraded":1,"win_rate":0,"timestamp":1548908911,"path_taken":["M","$","M","M","?","E","R","E","T","R","M","E","R","M","R","BOSS","M","$","M","M","?","E","?","M","T","R","E","R","?","M","R","BOSS","M","M","M","?","$","E","R","?","T","R","M","?","?","?","R","BOSS"],"build_version":"2019-01-23","purchased_purges":1,"victory":true,"max_hp_per_floor":[70,70,70,70,70,84,84,84,84,84,84,84,84,84,84,84,84,84,84,84,84,84,84,84,84,84,84,84,84,84,84,84,84,84,84,84,84,84,84,84,84,84,84,84,84,84,84,84,84,84],"card_choices":[{"not_picked":["Skewer","Dodge and Roll"],"picked":"Poisoned Stab","floor":1.0},{"not_picked":["Calculated Gamble","Backflip"],"picked":"Noxious Fumes","floor":3.0},{"not_picked":["Terror","Acrobatics"],"picked":"Dodge and Roll","floor":4.0},{"not_picked":["Bane","Die Die Die"],"picked":"Bouncing Flask","floor":6.0},{"not_picked":["Dodge and Roll","Prepared"],"picked":"Poisoned Stab","floor":8.0},{"not_picked":["Flying Knee","Finisher","Dagger Spray"],"picked":"SKIP","floor":11.0},{"not_picked":["Dodge and Roll","Eviscerate"],"picked":"Deflect","floor":12.0},{"not_picked":["Slice","Terror"],"picked":"Deadly Poison","floor":14.0},{"not_picked":["Corpse Explosion","Doppelganger"],"picked":"Venomology","floor":16.0},{"not_picked":["Riddle With Holes","Terror+1","Blade Dance"],"picked":"SKIP","floor":18.0},{"not_picked":["Acrobatics","PiercingWail"],"picked":"Deadly Poison","floor":20.0},{"not_picked":["Dagger Throw","Slice","Skewer+1"],"picked":"SKIP","floor":21.0},{"not_picked":["Dash","Cloak And Dagger"],"picked":"Deadly Poison","floor":23.0},{"not_picked":["Dash","Cloak And Dagger"],"picked":"Sucker Punch+1","floor":25.0},{"not_picked":["Calculated Gamble","Night Terror","Acrobatics"],"picked":"SKIP","floor":28.0},{"not_picked":["Masterful Stab","Finisher"],"picked":"Deadly Poison","floor":30.0},{"not_picked":["Finisher","Blade Dance"],"picked":"Deflect","floor":31.0},{"not_picked":["Flechettes+1","Distraction"],"picked":"Dodge and Roll+1","floor":35.0},{"not_picked":["Blade Dance+1","Backstab+1"],"picked":"Dodge and Roll","floor":36.0},{"not_picked":["Underhanded Strike","Prepared"],"picked":"Tools of the Trade+1","floor":37.0},{"not_picked":["Setup","Sucker Punch+1"],"picked":"Poisoned Stab","floor":40},{"not_picked":["Bane","Eviscerate+1","Choke"],"picked":"SKIP","floor":45},{"not_picked":["PanicButton","Enlightenment"],"picked":"Flash of Steel","floor":48}],"player_experience":171474,"relics_obtained":[{"floor":6.0,"key":"Mango"},{"floor":8.0,"key":"Shovel"},{"floor":12.0,"key":"Lantern"},{"floor":13.0,"key":"Bronze Scales"},{"floor":15.0,"key":"Pocketwatch"},{"floor":23.0,"key":"Whetstone"},{"floor":26.0,"key":"Bottled Lightning"},{"floor":28.0,"key":"Centennial Puzzle"},{"floor":29.0,"key":"Frozen Egg 2"},{"floor":41,"key":"Mercury Hourglass"},{"floor":43,"key":"Orichalcum"},{"floor":44,"key":"Incense Burner"}],"event_choices":[{"damage_healed":0.0,"max_hp_gain":0.0,"max_hp_loss":0.0,"gold_gain":75.0,"event_name":"World of Goop","player_choice":"Gather Gold","floor":5.0,"gold_loss":0.0,"damage_taken":11.0},{"damage_healed":0.0,"max_hp_gain":0.0,"max_hp_loss":0.0,"gold_gain":0.0,"event_name":"Masked Bandits","player_choice":"Paid Fearfully","floor":22.0,"gold_loss":56.0,"damage_taken":0.0},{"damage_healed":0.0,"max_hp_gain":0.0,"max_hp_loss":0.0,"gold_gain":0.0,"event_name":"Accursed Blacksmith","player_choice":"Forge","floor":24.0,"gold_loss":0.0,"damage_taken":0.0,"cards_upgraded":["Venomology"]},{"damage_healed":0.0,"max_hp_gain":0.0,"max_hp_loss":0.0,"gold_gain":0.0,"event_name":"Mysterious Sphere","player_choice":"Ignored","floor":38.0,"gold_loss":0.0,"damage_taken":0.0},{"damage_healed":0,"gold_gain":0,"player_choice":"Ignored","damage_taken":0,"max_hp_gain":0,"max_hp_loss":0,"event_name":"The Moai Head","floor":42,"gold_loss":0},{"cards_removed":["Poisoned Stab"],"damage_healed":0,"gold_gain":0,"player_choice":"Removed Attack","damage_taken":0,"max_hp_gain":0,"max_hp_loss":0,"event_name":"Falling","floor":46,"gold_loss":0},{"damage_healed":0,"gold_gain":0,"player_choice":"Paid","damage_taken":0,"relics_obtained":["Red Mask"],"max_hp_gain":0,"max_hp_loss":0,"event_name":"Tomb of Lord Red Mask","floor":47,"gold_loss":296},{"damage_healed":0,"gold_gain":0,"player_choice":"Memory 1","damage_taken":0,"max_hp_gain":0,"max_hp_loss":0,"event_name":"SensoryStone","floor":48,"gold_loss":0}],"is_beta":false,"boss_relics":[{"not_picked":["Snecko Eye","Sozu"],"picked":"Lizard Tail"},{"not_picked":["Eternal Feather","HoveringKite"],"picked":"Velvet Choker"}],"items_purged_floors":[19],"is_endless":false,"potions_floor_spawned":[1,3,8,18,31,35,40],"ascension_level":1}