{"gold_per_floor":[359,379,14,25,100,100,111,111,156,8,8,20,32,32,32,134,134,153,78,78,94,111,111,127,127,203,203,222,222],"floor_reached":29,"playtime":910,"items_purged":["Strike_R"],"score":239,"play_id":"27b1407a-2424-4e1e-99a5-2d55a5cc7184","local_time":"20190508133731","is_ascension_mode":true,"campfire_choices":[{"data":"Shockwave","floor":6,"key":"SMITH"},{"data":"Bash","floor":8,"key":"SMITH"},{"floor":15,"key":"REST"},{"floor":23,"key":"REST"},{"floor":25,"key":"REST"},{"data":"Barricade","floor":27,"key":"SMITH"}],"neow_cost":"PERCENT_DAMAGE","seed_source_timestamp":7032148169015,"circlet_count":0,"master_deck":["Strike_R","Defend_R","Defend_R","Defend_R","Defend_R","Bash+1","Carnage","Shockwave+1","Barricade+1","Offering","Clothesline","True Grit","Fire Breathing","True Grit"],"relics":["Burning Blood","Membership Card","Mummified Hand","Anchor","Dream Catcher","Busted Crown","Mercury Hourglass"],"potions_floor_usage":[13,16,16,29],"damage_taken":[{"damage":14,"enemies":"Jaw Worm","floor":1,"turns":3},{"damage":0,"enemies":"Small Slimes","floor":2,"turns":3},{"damage":2,"enemies":"2 Louse","floor":4,"turns":2},{"damage":15,"enemies":"Exordium Wildlife","floor":7,"turns":5},{"damage":0,"enemies":"Red Slaver","floor":12,"turns":2},{"damage":0,"enemies":"Gremlin Gang","floor":13,"turns":3},{"damage":64,"enemies":"Hexaghost","floor":16,"turns":13},{"damage":39,"enemies":"Spheric Guardian","floor":18,"turns":6},{"damage":14,"enemies":"2 Thieves","floor":21,"turns":4},{"damage":36,"enemies":"Snake Plant","floor":22,"turns":6},{"damage":6,"enemies":"Snecko","floor":24,"turns":4},{"damage":10,"enemies":"3 Cultists","floor":28,"turns":7},{"damage":57,"enemies":"Gremlin Leader","floor":29,"turns":5}],"seed_played":"-5685189186728309569","potions_obtained":[{"floor":4,"key":"Fire Potion"},{"floor":7,"key":"BloodPotion"},{"floor":12,"key":"Explosive Potion"},{"floor":18,"key":"Poison Potion"},{"floor":21,"key":"SteroidPotion"},{"floor":24,"key":"SpeedPotion"}],"is_trial":false,"path_per_floor":["M","M","$","M","?","R","M","R","T","$","?","M","M","?","R","B",null,"M","?","?","M","M","R","M","R","T","R","M","E"],"character_chosen":"IRONCLAD","items_purchased":["Membership Card","Mummified Hand","Barricade","Offering"],"campfire_rested":3,"item_purchase_floors":[3,3,10,10],"current_hp_per_floor":[48,54,54,58,47,47,38,38,38,38,26,32,38,38,62,12,80,47,47,47,39,9,33,33,57,57,57,53,0],"gold":222,"neow_bonus":"TWO_FIFTY_GOLD","is_prod":false,"is_daily":false,"chose_seed":false,"campfire_upgraded":3,"win_rate":0,"timestamp":1557315451,"path_taken":["M","M","$","M","?","R","M","R","T","$","?","M","M","?","R","BOSS","M","?","?","?","M","R","M","R","T","R","M","E"],"build_version":"2019-01-23","purchased_purges":1,"victory":false,"max_hp_per_floor":[80,80,80,80,80,80,80,80,80,80,80,80,80,80,80,80,80,80,80,80,80,80,80,80,80,80,80,80,80],"card_choices":[{"not_picked":["Warcry","Rupture","Clash"],"picked":"SKIP","floor":1},{"not_picked":["Perfected Strike","Flex"],"picked":"Carnage","floor":2},{"not_picked":["Warcry","Armaments"],"picked":"Shockwave","floor":4},{"not_picked":["Armaments","Cleave","Thunderclap"],"picked":"SKIP","floor":7},{"not_picked":["Wild Strike","Sword Boomerang"],"picked":"Clothesline","floor":12},{"not_picked":["Warcry","Clash","Sentinel"],"picked":"SKIP","floor":13},{"not_picked":["Perfected Strike","Bloodletting"],"picked":"True Grit","floor":15},{"not_picked":["Pommel Strike+1"],"picked":"SKIP","floor":18},{"not_picked":[],"picked":"True Grit","floor":21},{"not_picked":["Rupture"],"picked":"SKIP","floor":22},{"not_picked":["Pommel Strike"],"picked":"SKIP","floor":24},{"not_picked":["Clothesline+1"],"picked":"SKIP","floor":28}],"player_experience":287998,"relics_obtained":[{"floor":9,"key":"Anchor"},{"floor":26,"key":"Mercury Hourglass"}],"event_choices":[{"damage_healed":0,"gold_gain":75,"player_choice":"Gather Gold","damage_taken":11,"max_hp_gain":0,"max_hp_loss":0,"event_name":"World of Goop","floor":5,"gold_loss":0},{"damage_healed":0,"gold_gain":0,"player_choice":"Success","damage_taken":12,"relics_obtained":["Dream Catcher"],"max_hp_gain":0,"max_hp_loss":0,"event_name":"Scrap Ooze","floor":11,"gold_loss":0},{"cards_removed":["Strike_R"],"damage_healed":0,"gold_gain":0,"player_choice":"Forget","damage_taken":0,"max_hp_gain":0,"max_hp_loss":0,"event_name":"Living Wall","floor":14,"gold_loss":0},{"cards_removed":["Strike_R"],"damage_healed":0,"gold_gain":0,"player_choice":"Gave Gold","damage_taken":0,"max_hp_gain":0,"max_hp_loss":0,"event_name":"Beggar","floor":19,"gold_loss":75},{"damage_healed":0,"gold_gain":0,"cards_transformed":["Strike_R"],"player_choice":"Transformed","damage_taken":0,"max_hp_gain":0,"max_hp_loss":0,"event_name":"Transmorgrifier","floor":20,"gold_loss":0,"cards_obtained":["Fire Breathing"]}],"is_beta":false,"boss_relics":[{"not_picked":["Black Star","Fusion Hammer"],"picked":"Busted Crown"}],"items_purged_floors":[3],"is_endless":false,"potions_floor_spawned":[4,7,12,18,21,24],"killed_by":"Gremlin Leader","ascension_level":2}