{"gold_per_floor":[113,113,123,73,33,68,81,81,81,81,101,101,144,163,163,163],"floor_reached":16,"playtime":1089,"items_purged":[],"score":138,"play_id":"96765f8a-68db-40c7-8dc2-333d89b220cf","local_time":"20190320225528","is_ascension_mode":true,"campfire_choices":[{"floor":12,"key":"REST"},{"floor":15,"key":"REST"}],"neow_cost":"NONE","seed_source_timestamp":655283841726225,"circlet_count":0,"master_deck":["Defend_G","Defend_G","Defend_G+1","Defend_G","Strike_G","Strike_G","Strike_G","Strike_G","Survivor","Neutralize","Forethought","Dagger Throw+1","Concentrate","Eviscerate","Reflex","Well Laid Plans+1","Injury","Die Die Die","Acrobatics","Quick Slash"],"relics":["Ring of the Snake","Frozen Egg 2","Golden Idol","Ninja Scroll"],"potions_floor_usage":[13,16,16],"damage_taken":[{"damage":0,"enemies":"2 Louse","floor":1,"turns":3},{"damage":0,"enemies":"Small Slimes","floor":3,"turns":4},{"damage":34,"enemies":"3 Sentries","floor":6,"turns":12},{"damage":0,"enemies":"Jaw Worm","floor":7,"turns":5},{"damage":14,"enemies":"Large Slime","floor":11,"turns":7},{"damage":8,"enemies":"Gremlin Nob","floor":13,"turns":3},{"damage":0,"enemies":"Looter","floor":14,"turns":1},{"damage":38,"enemies":"Hexaghost","floor":16,"turns":14}],"seed_played":"8753470041504367317","potions_obtained":[{"floor":6,"key":"Weak Potion"},{"floor":11,"key":"FearPotion"},{"floor":14,"key":"SpeedPotion"}],"is_trial":false,"path_per_floor":["M","?","M","?","$","E","M","?","T","?","M","R","E","M","R","B"],"character_chosen":"THE_SILENT","items_purchased":["Eviscerate"],"campfire_rested":2,"item_purchase_floors":[5],"current_hp_per_floor":[70,63,63,63,63,29,29,15,15,15,1,22,14,14,35,0],"gold":163,"neow_bonus":"RANDOM_COLORLESS","is_prod":false,"is_daily":false,"chose_seed":false,"campfire_upgraded":0,"win_rate":0,"timestamp":1553147728,"path_taken":["M","?","M","?","$","E","M","?","T","?","M","R","E","M","R","BOSS"],"build_version":"2019-01-23","purchased_purges":0,"victory":false,"max_hp_per_floor":[70,70,70,70,70,70,70,70,70,70,70,70,70,70,70,70],"card_choices":[{"not_picked":["Dodge and Roll","Quick Slash"],"picked":"Dagger Throw","floor":1},{"not_picked":["Cloak And Dagger","Well Laid Plans"],"picked":"Concentrate","floor":3},{"not_picked":["Flying Knee","Bane"],"picked":"Reflex","floor":6},{"not_picked":["Acrobatics","Concentrate"],"picked":"Well Laid Plans+1","floor":7},{"not_picked":["Underhanded Strike","Eviscerate"],"picked":"Die Die Die","floor":11},{"not_picked":["All Out Attack","Expertise"],"picked":"Acrobatics","floor":13},{"not_picked":["Dash","Bane"],"picked":"Quick Slash","floor":14}],"player_experience":360065,"relics_obtained":[{"floor":6,"key":"Frozen Egg 2"},{"floor":13,"key":"Ninja Scroll"}],"event_choices":[{"cards_removed":["Strike_G"],"damage_healed":0,"gold_gain":0,"player_choice":"Card Removal","damage_taken":7,"max_hp_gain":0,"max_hp_loss":0,"event_name":"Golden Wing","floor":2,"gold_loss":0},{"cards_removed":["Defend_G"],"damage_healed":0,"gold_gain":0,"player_choice":"Card Removal","damage_taken":0,"max_hp_gain":0,"max_hp_loss":0,"event_name":"The Cleric","floor":4,"gold_loss":50},{"damage_healed":0,"gold_gain":0,"player_choice":"Entered Light","damage_taken":14,"max_hp_gain":0,"max_hp_loss":0,"event_name":"Shining Light","floor":8,"gold_loss":0,"cards_upgraded":["Dagger Throw","Defend_G"]},{"damage_healed":0,"gold_gain":0,"player_choice":"Take Wound","damage_taken":0,"relics_obtained":["Golden Idol"],"max_hp_gain":0,"max_hp_loss":0,"event_name":"Golden Idol","floor":10,"gold_loss":0,"cards_obtained":["Injury"]}],"is_beta":false,"boss_relics":[],"items_purged_floors":[],"is_endless":false,"potions_floor_spawned":[6,11,14],"killed_by":"Hexaghost","ascension_level":5}