{"gold_per_floor":[110,127,28,46,59,59,75,75,75,102,102,135,105,133,133,133],"floor_reached":16,"playtime":389,"items_purged":["Normality"],"score":240,"play_id":"4dac42a8-ebc0-40ea-be75-a9cb7b58e49f","local_time":"20190207103331","is_ascension_mode":true,"campfire_choices":[{"data":"Flex","floor":6,"key":"SMITH"},{"data":"Inflame","floor":8,"key":"SMITH"},{"floor":15,"key":"REST"}],"neow_cost":"CURSE","seed_source_timestamp":228880430285606,"circlet_count":0,"master_deck":["AscendersBane","Strike_R","Strike_R","Strike_R","Strike_R","Strike_R","Defend_R","Defend_R","Defend_R","Defend_R","Bash","Blood for Blood","Cleave","Flex+1","Thunderclap","Heavy Blade","Inflame+1","Spot Weakness","Flex"],"relics":["Burning Blood","Sundial","Bag of Preparation","Nunchaku","Boot"],"potions_floor_usage":[5,12,12,14,14],"damage_taken":[{"damage":7,"enemies":"Cultist","floor":1,"turns":4},{"damage":7,"enemies":"Small Slimes","floor":2,"turns":4},{"damage":12,"enemies":"Jaw Worm","floor":4,"turns":3},{"damage":18,"enemies":"Red Slaver","floor":5,"turns":4},{"damage":0,"enemies":"Large Slime","floor":7,"turns":4},{"damage":25,"enemies":"3 Sentries","floor":10,"turns":5},{"damage":11,"enemies":"Gremlin Nob","floor":12,"turns":3},{"damage":20,"enemies":"Lagavulin","floor":14,"turns":3},{"damage":65,"enemies":"The Guardian","floor":16,"turns":6}],"seed_played":"-1940844083566331189","potions_obtained":[{"floor":1,"key":"SteroidPotion"},{"floor":4,"key":"Explosive Potion"},{"floor":10,"key":"BloodPotion"},{"floor":13,"key":"SkillPotion"},{"floor":13,"key":"FearPotion"}],"is_trial":false,"path_per_floor":["M","M","$","M","M","R","M","R","T","E","$","E","?","E","R","B"],"character_chosen":"IRONCLAD","items_purchased":["Flex"],"campfire_rested":1,"item_purchase_floors":[3],"current_hp_per_floor":[81,80,80,74,62,62,68,68,68,49,49,52,52,38,64,0],"gold":133,"neow_bonus":"TWENTY_PERCENT_HP_BONUS","is_prod":false,"is_daily":false,"chose_seed":false,"campfire_upgraded":2,"win_rate":0,"timestamp":1549553611,"path_taken":["M","M","$","M","M","R","?","R","T","E","$","E","?","E","R","BOSS"],"build_version":"2019-01-23","purchased_purges":1,"victory":false,"max_hp_per_floor":[89,89,89,89,89,89,89,89,89,89,89,89,89,89,89,89],"card_choices":[{"not_picked":["Pommel Strike","Hemokinesis"],"picked":"Blood for Blood","floor":1},{"not_picked":["Seeing Red","Hemokinesis"],"picked":"Cleave","floor":2},{"not_picked":["Armaments","Flame Barrier"],"picked":"Thunderclap","floor":4},{"not_picked":["Fire Breathing","Thunderclap"],"picked":"Heavy Blade","floor":5},{"not_picked":["Hemokinesis","Havoc"],"picked":"Inflame","floor":7},{"not_picked":["Sword Boomerang","Carnage"],"picked":"Spot Weakness","floor":10},{"not_picked":["Clothesline","Blood for Blood","Anger"],"picked":"SKIP","floor":12},{"not_picked":["Wild Strike","Pommel Strike"],"picked":"Flex","floor":14}],"player_experience":830426,"relics_obtained":[{"floor":9,"key":"Sundial"},{"floor":10,"key":"Bag of Preparation"},{"floor":12,"key":"Nunchaku"},{"floor":14,"key":"Boot"}],"event_choices":[{"damage_healed":0,"gold_gain":0,"player_choice":"Bought 2 Potions","damage_taken":0,"max_hp_gain":0,"max_hp_loss":0,"event_name":"The Woman in Blue","floor":13,"gold_loss":0}],"is_beta":false,"boss_relics":[],"items_purged_floors":[3],"is_endless":false,"potions_floor_spawned":[1,4,10],"killed_by":"The Guardian","ascension_level":20}