{"gold_per_floor":[112,112,112,112,132,164,22,22,46,46,66,92,107,122,122,218,218,230,230,247,247,247,261,261,286,286,306,306,306,306],"floor_reached":30,"playtime":1181,"items_purged":[],"score":263,"play_id":"24fbf07c-4432-4c18-8ca7-125d8fcfc609","local_time":"20190501193634","is_ascension_mode":false,"campfire_choices":[{"floor":8,"key":"RECALL"},{"data":"Sunder","floor":10,"key":"SMITH"},{"floor":15,"key":"REST"},{"floor":24,"key":"REST"}],"neow_cost":"NONE","seed_source_timestamp":453403322244473,"circlet_count":0,"master_deck":["Strike_B","Strike_B","Strike_B","Defend_B+1","Defend_B","Defend_B","Defend_B","Zap+1","Dualcast","Capacitor","Auto Shields","Scrape","Sunder+1","Self Repair","Sweeping Beam","Stack","Genetic Algorithm","Lockon","White Noise","Rip and Tear","All For One","Streamline+1","Ball Lightning","RitualDagger","Redo","Aggregate"],"relics":["Cracked Core","NeowsBlessing","Bag of Preparation","Vajra","Smiling Mask","Busted Crown","Nilry\u0027s Codex","PreservedInsect","MutagenicStrength","Nloth\u0027s Gift"],"potions_floor_usage":[23],"damage_taken":[{"damage":0,"enemies":"Jaw Worm","floor":1,"turns":1},{"damage":0,"enemies":"Small Slimes","floor":5,"turns":1},{"damage":0,"enemies":"3 Sentries","floor":6,"turns":1},{"damage":5,"enemies":"Cultist","floor":11,"turns":2},{"damage":32,"enemies":"Lagavulin","floor":12,"turns":6},{"damage":5,"enemies":"Exordium Thugs","floor":13,"turns":3},{"damage":0,"enemies":"Lots of Slimes","floor":14,"turns":3},{"damage":22,"enemies":"Slime Boss","floor":16,"turns":8},{"damage":0,"enemies":"Spheric Guardian","floor":18,"turns":3},{"damage":14,"enemies":"Shell Parasite","floor":20,"turns":4},{"damage":26,"enemies":"Centurion and Healer","floor":23,"turns":5},{"damage":26,"enemies":"Snake Plant","floor":27,"turns":5},{"damage":28,"enemies":"Book of Stabbing","floor":30,"turns":3}],"seed_played":"8048522788518223450","potions_obtained":[{"floor":5,"key":"Strength Potion"},{"floor":6,"key":"Block Potion"},{"floor":16,"key":"Poison Potion"},{"floor":27,"key":"Ancient Potion"}],"is_trial":false,"path_per_floor":["M","?","?","?","M","E","$","R","T","R","M","E","M","M","R","B",null,"M","?","M","?","?","M","R","T","T","M","?","?","E"],"character_chosen":"DEFECT","items_purchased":["Self Repair","Sweeping Beam","Stack"],"campfire_rested":2,"item_purchase_floors":[7,7,7],"current_hp_per_floor":[75,60,60,60,60,60,60,60,60,60,62,37,39,46,68,53,75,75,75,68,52,46,20,42,42,42,23,23,23,0],"gold":306,"neow_bonus":"THREE_ENEMY_KILL","is_prod":false,"is_daily":false,"chose_seed":false,"campfire_upgraded":1,"win_rate":0,"timestamp":1556764594,"path_taken":["M","?","?","?","?","E","?","R","T","R","M","E","M","M","R","BOSS","M","?","?","?","?","M","R","?","T","M","?","?","E"],"build_version":"2019-01-23","purchased_purges":0,"victory":false,"max_hp_per_floor":[75,75,75,75,75,75,75,75,75,75,75,75,75,75,75,75,75,75,75,75,75,75,75,75,75,75,75,75,75,75],"card_choices":[{"not_picked":["Ball Lightning","Go for the Eyes"],"picked":"Capacitor","floor":1},{"not_picked":["Streamline","Reinforced Body"],"picked":"Scrape","floor":5},{"not_picked":["Leap","Auto Shields"],"picked":"Sunder","floor":6},{"not_picked":["Steam","Steam Power"],"picked":"Genetic Algorithm","floor":11},{"not_picked":["Rip and Tear","Coolheaded"],"picked":"Lockon","floor":12},{"not_picked":["Barrage","Melter"],"picked":"White Noise","floor":13},{"not_picked":["Reinforced Body","Beam Cell"],"picked":"Rip and Tear","floor":14},{"not_picked":["Multi-Cast","Creative AI"],"picked":"All For One","floor":16},{"not_picked":[],"picked":"Streamline+1","floor":18},{"not_picked":[],"picked":"Ball Lightning","floor":20},{"not_picked":[],"picked":"Redo","floor":23},{"not_picked":[],"picked":"Aggregate","floor":27}],"player_experience":515591,"relics_obtained":[{"floor":6,"key":"Omamori"},{"floor":9,"key":"Vajra"},{"floor":12,"key":"Smiling Mask"},{"floor":21,"key":"Nilry\u0027s Codex"},{"floor":25,"key":"PreservedInsect"}],"event_choices":[{"damage_healed":0,"gold_gain":0,"player_choice":"Entered Light","damage_taken":15,"max_hp_gain":0,"max_hp_loss":0,"event_name":"Shining Light","floor":2,"gold_loss":0,"cards_upgraded":["Defend_B","Zap"]},{"damage_healed":0,"gold_gain":0,"cards_transformed":["Strike_B"],"player_choice":"Change","damage_taken":0,"max_hp_gain":0,"max_hp_loss":0,"event_name":"Living Wall","floor":3,"gold_loss":0,"cards_obtained":["Auto Shields"]},{"damage_healed":0,"gold_gain":0,"player_choice":"Box","damage_taken":0,"relics_obtained":["Bag of Preparation"],"max_hp_gain":0,"max_hp_loss":0,"event_name":"Big Fish","floor":4,"gold_loss":0,"cards_obtained":["Regret"]},{"cards_removed":["Regret"],"damage_healed":0,"gold_gain":0,"player_choice":"Purged","damage_taken":0,"max_hp_gain":0,"max_hp_loss":0,"event_name":"Purifier","floor":19,"gold_loss":0},{"damage_healed":0,"gold_gain":0,"player_choice":"Obtained Book","damage_taken":16,"max_hp_gain":0,"max_hp_loss":0,"event_name":"Cursed Tome","floor":21,"gold_loss":0},{"damage_healed":0,"gold_gain":0,"player_choice":"Joined the Cult","damage_taken":6,"max_hp_gain":0,"max_hp_loss":0,"event_name":"Nest","floor":22,"gold_loss":0,"cards_obtained":["RitualDagger"]},{"damage_healed":0,"gold_gain":0,"player_choice":"Inject Mutagens","damage_taken":0,"relics_obtained":["MutagenicStrength"],"max_hp_gain":0,"max_hp_loss":0,"event_name":"Drug Dealer","floor":28,"gold_loss":0},{"damage_healed":0,"gold_gain":0,"player_choice":"Traded Relic","damage_taken":0,"relics_obtained":["Nloth\u0027s Gift"],"max_hp_gain":0,"max_hp_loss":0,"event_name":"N\u0027loth","floor":29,"relics_lost":["Omamori"],"gold_loss":0}],"is_beta":false,"boss_relics":[{"not_picked":["Philosopher\u0027s Stone","Fusion Hammer"],"picked":"Busted Crown"}],"items_purged_floors":[],"is_endless":false,"potions_floor_spawned":[5,6,16,18,27],"killed_by":"Book of Stabbing","ascension_level":0}