{"gold_per_floor":[118,118,129,129,129,156,156,68,92,120,140,140,42,58,58,58],"floor_reached":16,"playtime":307,"items_purged":[],"score":266,"play_id":"c4149a02-942b-458b-8cfe-c233dbceeca6","local_time":"20190318190032","is_ascension_mode":true,"campfire_choices":[{"data":"Fission","floor":7,"key":"SMITH"},{"floor":12,"key":"REST"},{"data":"Tempest","floor":15,"key":"SMITH"}],"neow_cost":"NONE","seed_source_timestamp":42558729295715,"circlet_count":0,"master_deck":["AscendersBane","Strike_B","Strike_B","Strike_B","Defend_B","Defend_B","Defend_B","Defend_B","Zap","Dualcast","Defragment+1","Go for the Eyes","Fission+1","Tempest+1","Doom and Gloom","Finesse","Beam Cell"],"relics":["Cracked Core","NeowsBlessing","Oddly Smooth Stone","Potion Belt","Matryoshka"],"potions_floor_usage":[10],"damage_taken":[{"damage":0,"enemies":"Small Slimes","floor":1,"turns":1},{"damage":0,"enemies":"Cultist","floor":3,"turns":1},{"damage":0,"enemies":"Lagavulin","floor":6,"turns":1},{"damage":41,"enemies":"Gremlin Nob","floor":10,"turns":4},{"damage":0,"enemies":"2 Louse","floor":11,"turns":1},{"damage":4,"enemies":"2 Fungi Beasts","floor":14,"turns":2},{"damage":25,"enemies":"Slime Boss","floor":16,"turns":5}],"seed_played":"3223838969638957614","potions_obtained":[{"floor":1,"key":"FearPotion"},{"floor":10,"key":"SteroidPotion"}],"is_trial":false,"path_per_floor":["M","?","M","?","?","E","R","$","T","E","M","R","$","M","R","B"],"character_chosen":"DEFECT","items_purchased":["Tempest","Finesse"],"campfire_rested":1,"item_purchase_floors":[8,13],"current_hp_per_floor":[64,64,64,64,64,64,64,64,64,23,23,44,44,40,40,15],"gold":58,"neow_bonus":"THREE_ENEMY_KILL","is_prod":false,"is_daily":false,"chose_seed":false,"campfire_upgraded":2,"win_rate":0,"timestamp":1552950032,"path_taken":["M","?","?","?","?","E","R","?","T","E","?","R","?","M","R","BOSS"],"build_version":"2019-01-23","purchased_purges":0,"victory":false,"max_hp_per_floor":[71,71,71,71,71,71,71,71,71,71,71,71,71,71,71,71],"card_choices":[{"not_picked":["FTL","Loop"],"picked":"Defragment","floor":1},{"not_picked":["Compile Driver","Sweeping Beam"],"picked":"Go for the Eyes","floor":3},{"not_picked":["BootSequence","Sunder"],"picked":"Fission","floor":6},{"not_picked":["Turbo","Heatsinks"],"picked":"Doom and Gloom","floor":10},{"not_picked":["Hello World","Storm","Sweeping Beam"],"picked":"SKIP","floor":11},{"not_picked":["Sweeping Beam","Redo"],"picked":"Beam Cell","floor":14}],"player_experience":873700,"relics_obtained":[{"floor":6,"key":"Oddly Smooth Stone"},{"floor":9,"key":"Potion Belt"},{"floor":10,"key":"Matryoshka"}],"event_choices":[{"cards_removed":["Strike_B"],"damage_healed":0,"gold_gain":0,"player_choice":"Card Removal","damage_taken":0,"max_hp_gain":0,"max_hp_loss":0,"event_name":"Wheel of Change","floor":2,"gold_loss":0},{"damage_healed":0,"gold_gain":0,"player_choice":"Leave","damage_taken":0,"max_hp_gain":0,"max_hp_loss":0,"event_name":"The Cleric","floor":4,"gold_loss":0},{"damage_healed":0,"gold_gain":0,"player_choice":"Grow","damage_taken":0,"max_hp_gain":0,"max_hp_loss":0,"event_name":"Living Wall","floor":5,"gold_loss":0,"cards_upgraded":["Defragment"]}],"is_beta":false,"boss_relics":[],"items_purged_floors":[],"is_endless":false,"potions_floor_spawned":[1,10],"killed_by":"Slime Boss","ascension_level":20}