{"gold_per_floor":[112,112,129,54,74,74,74,93,93,93,110,10,35,52,52,148,148,159,171,171,184,10,10,0,25,79,99,99,115,115,129,129,229,229,241,20,34,52,72,72,98,98,98,114,133,143,143,160,160,160,160,160,11,45,45],"floor_reached":55,"playtime":2315,"items_purged":["Strike_G","Strike_G","Strike_G","Strike_G"],"score":700,"play_id":"1d9ebab3-df12-48e7-9b4d-3d29efb72773","local_time":"20190407222934","is_ascension_mode":false,"campfire_choices":[{"data":"Backflip","floor":6,"key":"SMITH"},{"data":"Noxious Fumes","floor":10,"key":"SMITH"},{"floor":15,"key":"RECALL"},{"data":"Deadly Poison","floor":23,"key":"SMITH"},{"data":"Catalyst","floor":30,"key":"SMITH"},{"data":"Defend_G","floor":32,"key":"SMITH"},{"data":"Footwork","floor":40,"key":"SMITH"},{"data":"Defend_G","floor":42,"key":"SMITH"},{"floor":47,"key":"REST"},{"floor":49,"key":"REST"},{"data":"Catalyst","floor":52,"key":"SMITH"}],"neow_cost":"NONE","seed_source_timestamp":1285030799877300,"circlet_count":0,"master_deck":["Defend_G","Defend_G+1","Defend_G+1","Defend_G+1","Defend_G+1","Strike_G","Survivor","Neutralize","Noxious Fumes+1","Backflip+1","Caltrops","Bouncing Flask","Corpse Explosion","PiercingWail","Catalyst+1","Catalyst+1","Deadly Poison+1","Acrobatics+1","Venomology","Adrenaline","Footwork+1","Well Laid Plans+1","PiercingWail+1"],"relics":["Ring of the Snake","NeowsBlessing","Gambling Chip","War Paint","Lizard Tail","Art of War","Vajra","Snake Skull","Runic Dome","Happy Flower","Pantograph","Anchor","Bag of Preparation"],"potions_floor_usage":[13,13,19,33,33,37,41,48,48,50,50,55],"damage_taken":[{"damage":0,"enemies":"Small Slimes","floor":1,"turns":1},{"damage":0,"enemies":"Cultist","floor":3,"turns":1},{"damage":0,"enemies":"Jaw Worm","floor":5,"turns":1},{"damage":12,"enemies":"3 Louse","floor":8,"turns":4},{"damage":0,"enemies":"Looter","floor":11,"turns":4},{"damage":2,"enemies":"Lagavulin","floor":13,"turns":8},{"damage":16,"enemies":"Gremlin Gang","floor":14,"turns":4},{"damage":26,"enemies":"The Guardian","floor":16,"turns":8},{"damage":16,"enemies":"Spheric Guardian","floor":18,"turns":4},{"damage":2,"enemies":"Chosen","floor":19,"turns":5},{"damage":25,"enemies":"Snecko","floor":21,"turns":6},{"damage":30,"enemies":"Book of Stabbing","floor":25,"turns":6},{"damage":5,"enemies":"Snake Plant","floor":27,"turns":4},{"damage":2,"enemies":"Centurion and Healer","floor":29,"turns":6},{"damage":0,"enemies":"3 Cultists","floor":31,"turns":3},{"damage":7,"enemies":"Collector","floor":33,"turns":6},{"damage":9,"enemies":"3 Darklings","floor":35,"turns":2},{"damage":0,"enemies":"3 Shapes","floor":37,"turns":2},{"damage":16,"enemies":"Spire Growth","floor":38,"turns":4},{"damage":18,"enemies":"Sphere and 2 Shapes","floor":39,"turns":4},{"damage":2,"enemies":"Giant Head","floor":41,"turns":5},{"damage":4,"enemies":"Writhing Mass","floor":44,"turns":2},{"damage":29,"enemies":"Jaw Worm Horde","floor":45,"turns":3},{"damage":6,"enemies":"4 Shapes","floor":46,"turns":4},{"damage":8,"enemies":"Maw","floor":48,"turns":5},{"damage":64,"enemies":"Donu and Deca","floor":50,"turns":6},{"damage":37,"enemies":"Shield and Spear","floor":54,"turns":3},{"damage":64,"enemies":"The Heart","floor":55,"turns":3}],"seed_played":"4038142438363385675","potions_obtained":[{"floor":1,"key":"Poison Potion"},{"floor":3,"key":"EssenceOfSteel"},{"floor":5,"key":"Fire Potion"},{"floor":16,"key":"Ancient Potion"},{"floor":25,"key":"Ancient Potion"},{"floor":27,"key":"Dexterity Potion"},{"floor":29,"key":"LiquidBronze"},{"floor":37,"key":"FairyPotion"},{"floor":45,"key":"Strength Potion"},{"floor":48,"key":"Weak Potion"}],"is_trial":false,"path_per_floor":["M","?","M","$","M","R","?","M","T","R","M","$","E","M","R","B",null,"M","M","?","M","$","R","?","E","T","M","?","M","R","M","R","B",null,"M","$","M","M","M","R","E","R","T","M","M","M","R","M","R","B",null,"R","$","E","B"],"character_chosen":"THE_SILENT","items_purchased":["Deadly Poison","Footwork","Anchor"],"campfire_rested":2,"item_purchase_floors":[22,36,53],"current_hp_per_floor":[70,75,75,75,75,75,75,63,63,63,63,63,61,45,45,19,75,59,57,57,32,32,32,32,2,2,37,37,35,35,35,35,28,75,66,66,66,50,32,32,30,30,30,26,7,1,23,15,37,7,75,75,75,38,0],"gold":45,"neow_bonus":"THREE_ENEMY_KILL","is_prod":false,"is_daily":false,"chose_seed":false,"campfire_upgraded":8,"win_rate":0,"timestamp":1554647374,"path_taken":["M","?","M","$","M","R","?","M","T","R","M","$","E","M","R","BOSS","M","?","?","M","$","R","?","E","T","M","?","M","R","M","R","BOSS","M","$","M","M","M","R","E","R","T","M","?","M","R","M","R","BOSS","R","$","E","BOSS"],"build_version":"2019-01-23","purchased_purges":4,"victory":false,"max_hp_per_floor":[70,75,75,75,75,75,75,75,75,75,75,75,75,75,75,75,75,75,75,75,75,75,75,75,75,75,75,75,75,75,75,75,75,75,75,75,75,75,75,75,75,75,75,75,75,75,75,75,75,75,75,75,75,75,75],"card_choices":[{"not_picked":["Dagger Throw","Underhanded Strike"],"picked":"Noxious Fumes","floor":1},{"not_picked":["Flying Knee","Slice"],"picked":"Backflip","floor":3},{"not_picked":["Dagger Spray","Quick Slash"],"picked":"Caltrops","floor":5},{"not_picked":["Setup","Escape Plan","Infinite Blades"],"picked":"SKIP","floor":8},{"not_picked":["Well Laid Plans","Sucker Punch","Outmaneuver"],"picked":"SKIP","floor":11},{"not_picked":["Deflect","Blade Dance","Outmaneuver"],"picked":"SKIP","floor":13},{"not_picked":["Backflip","Flying Knee"],"picked":"Bouncing Flask","floor":14},{"not_picked":["Venomology","Grand Finale"],"picked":"Corpse Explosion","floor":16},{"not_picked":["PiercingWail","Dagger Spray","Underhanded Strike+1"],"picked":"SKIP","floor":18},{"not_picked":["Dagger Spray","Underhanded Strike+1"],"picked":"PiercingWail","floor":18},{"not_picked":["Prepared","Tactician","PiercingWail"],"picked":"SKIP","floor":19},{"not_picked":["Bouncing Flask+1","Prepared"],"picked":"Catalyst","floor":21},{"not_picked":["Well Laid Plans","Expertise+1"],"picked":"Acrobatics+1","floor":25},{"not_picked":["Masterful Stab","Dash"],"picked":"Venomology","floor":27},{"not_picked":["Deadly Poison","Dodge and Roll","Sucker Punch+1"],"picked":"SKIP","floor":29},{"not_picked":["Bane","Sucker Punch","Acrobatics"],"picked":"SKIP","floor":31},{"not_picked":["After Image","Venomology"],"picked":"Adrenaline","floor":33},{"not_picked":["Deflect+1","Cloak And Dagger","Poisoned Stab"],"picked":"SKIP","floor":35},{"not_picked":["Quick Slash","Prepared+1","Eviscerate+1"],"picked":"SKIP","floor":37},{"not_picked":["Terror+1","Deadly Poison+1"],"picked":"Well Laid Plans+1","floor":38},{"not_picked":["Reflex+1","Dagger Spray","Infinite Blades"],"picked":"SKIP","floor":39},{"not_picked":["Deadly Poison","Tools of the Trade","Finisher+1"],"picked":"SKIP","floor":41},{"not_picked":["Backflip+1","Prepared+1","Flying Knee+1"],"picked":"SKIP","floor":44},{"not_picked":["Dash+1","Bouncing Flask+1"],"picked":"PiercingWail+1","floor":45},{"not_picked":["Reflex+1","Bane","Dagger Spray"],"picked":"SKIP","floor":46},{"not_picked":["Cloak And Dagger","Bouncing Flask+1","Backflip"],"picked":"SKIP","floor":48},{"not_picked":["Eviscerate+1","Sucker Punch","Poisoned Stab"],"picked":"SKIP","floor":54}],"player_experience":460026,"relics_obtained":[{"floor":13,"key":"War Paint"},{"floor":25,"key":"Art of War"},{"floor":26,"key":"Vajra"},{"floor":28,"key":"Snake Skull"},{"floor":41,"key":"Happy Flower"},{"floor":43,"key":"Pantograph"},{"floor":54,"key":"Bag of Preparation"}],"event_choices":[{"damage_healed":0,"gold_gain":0,"player_choice":"Donut","damage_taken":0,"max_hp_gain":5,"max_hp_loss":0,"event_name":"Big Fish","floor":2,"gold_loss":0},{"damage_healed":0,"gold_gain":0,"player_choice":"Gave Potion","damage_taken":0,"relics_obtained":["Gambling Chip"],"max_hp_gain":0,"max_hp_loss":0,"event_name":"WeMeetAgain","floor":7,"gold_loss":0},{"damage_healed":0,"gold_gain":0,"player_choice":"Read","damage_taken":0,"max_hp_gain":0,"max_hp_loss":0,"event_name":"The Library","floor":20,"gold_loss":0,"cards_obtained":["Catalyst"]},{"damage_healed":0,"gold_gain":0,"player_choice":"Paid Fearfully","damage_taken":0,"max_hp_gain":0,"max_hp_loss":0,"event_name":"Masked Bandits","floor":24,"gold_loss":10},{"damage_healed":0,"gold_gain":0,"player_choice":"Relic","damage_taken":0,"max_hp_gain":0,"max_hp_loss":0,"event_name":"Wheel of Change","floor":28,"gold_loss":0}],"is_beta":false,"boss_relics":[{"not_picked":["Calling Bell","Astrolabe"],"picked":"Lizard Tail"},{"not_picked":["Ring of the Serpent","Pandora\u0027s Box"],"picked":"Runic Dome"}],"items_purged_floors":[4,12,22,36],"is_endless":false,"potions_floor_spawned":[1,3,5,16,25,27,29,31,35,37,45,48],"killed_by":"The Heart","ascension_level":0}