{"gold_per_floor":[111,30,30,330,350,350,365,365,416,451,476,488,514,546,558,570],"floor_reached":16,"playtime":660,"items_purged":[],"score":179,"play_id":"aaff90c5-d7f9-4005-bb5b-01bd13d6ece6","local_time":"20181115155843","is_ascension_mode":true,"campfire_choices":[{"data":"Cloak And Dagger","floor":6,"key":"SMITH"},{"data":"Dodge and Roll","floor":8,"key":"SMITH"},{"data":"Dagger Spray","floor":12,"key":"SMITH"},{"floor":15,"key":"REST"}],"neow_cost":"NONE","seed_source_timestamp":79667411174987,"circlet_count":0,"master_deck":["AscendersBane","Defend_G","Defend_G","Defend_G","Defend_G","Defend_G","Strike_G","Strike_G","Strike_G","Strike_G","Strike_G","Survivor","Neutralize","Cloak And Dagger+1","Infinite Blades","Injury","Dodge and Roll+1","Dodge and Roll","Dagger Spray+1","Slice","Dodge and Roll","Blade Dance"],"relics":["Ring of the Snake","PreservedInsect","Golden Idol","Old Coin","MawBank"],"potions_floor_usage":[10,16,16],"damage_taken":[{"damage":3,"enemies":"2 Louse","floor":1,"turns":4},{"damage":3,"enemies":"Jaw Worm","floor":5,"turns":6},{"damage":1,"enemies":"Cultist","floor":7,"turns":4},{"damage":8,"enemies":"Large Slime","floor":10,"turns":4},{"damage":2,"enemies":"Blue Slaver","floor":11,"turns":6},{"damage":11,"enemies":"Exordium Thugs","floor":13,"turns":5},{"damage":12,"enemies":"Exordium Wildlife","floor":14,"turns":8},{"damage":56,"enemies":"The Guardian","floor":16,"turns":19}],"seed_played":"-2648643551379966742","potions_obtained":[{"floor":5,"key":"Block Potion"},{"floor":7,"key":"Fire Potion"},{"floor":11,"key":"PowerPotion"}],"is_trial":false,"path_per_floor":["M","$","?","T","M","R","M","R","T","M","M","R","M","M","R","B"],"character_chosen":"THE_SILENT","items_purchased":["Infinite Blades"],"campfire_rested":1,"item_purchase_floors":[2],"current_hp_per_floor":[56,56,56,56,53,53,52,52,52,44,42,42,31,19,38,0],"gold":570,"neow_bonus":"RANDOM_COMMON_RELIC","is_prod":false,"is_daily":false,"chose_seed":false,"campfire_upgraded":3,"win_rate":0,"timestamp":1542315523,"path_taken":["M","$","?","?","M","R","M","R","T","M","M","R","?","M","R","BOSS"],"build_version":"2018-11-08","purchased_purges":0,"victory":false,"max_hp_per_floor":[66,66,66,66,66,66,66,66,66,66,66,66,66,66,66,66],"card_choices":[{"not_picked":["Deflect","Dodge and Roll"],"picked":"Cloak And Dagger","floor":1},{"not_picked":["Setup","Heel Hook"],"picked":"Dodge and Roll","floor":5},{"not_picked":["Bane","Backstab"],"picked":"Dodge and Roll","floor":7},{"not_picked":["Backstab","PiercingWail"],"picked":"Dagger Spray","floor":10},{"not_picked":["Heel Hook","Outmaneuver"],"picked":"Slice","floor":11},{"not_picked":["Caltrops","Dagger Throw"],"picked":"Dodge and Roll","floor":13},{"not_picked":["Infinite Blades","Outmaneuver"],"picked":"Blade Dance","floor":14}],"player_experience":723684,"relics_obtained":[{"floor":4,"key":"Old Coin"},{"floor":9,"key":"MawBank"}],"event_choices":[{"damage_healed":0,"gold_gain":0,"player_choice":"Take Wound","damage_taken":0,"relics_obtained":["Golden Idol"],"max_hp_gain":0,"max_hp_loss":0,"event_name":"Golden Idol","floor":3,"gold_loss":0,"cards_obtained":["Injury"]}],"is_beta":false,"boss_relics":[],"items_purged_floors":[],"is_endless":false,"potions_floor_spawned":[5,7,11,13],"killed_by":"The Guardian","ascension_level":18}