{"gold_per_floor":[111,128,148,148,160,160,186,186,186,186,220,234,234,234,234,332,332,350,350,383,383,356,391,391,407,456,456],"floor_reached":27,"playtime":2250,"items_purged":[],"score":266,"play_id":"41814e65-e34f-4a1e-b7e2-40d2c9849499","local_time":"20190413140619","is_ascension_mode":false,"campfire_choices":[{"data":"Bouncing Flask","floor":6,"key":"SMITH"},{"data":"Noxious Fumes","floor":8,"key":"SMITH"},{"floor":10,"key":"RECALL"},{"floor":13,"key":"REST"},{"data":"Noxious Fumes","floor":15,"key":"SMITH"},{"data":"Malaise","floor":24,"key":"SMITH"}],"neow_cost":"NONE","seed_source_timestamp":227510902712023,"circlet_count":0,"master_deck":["Survivor","Neutralize","Dodge and Roll","Poisoned Stab","Backflip","Bouncing Flask+1","Noxious Fumes+1","Noxious Fumes+1","Cloak And Dagger","Malaise+1","Concentrate","All Out Attack","A Thousand Cuts","All Out Attack","A Thousand Cuts","Storm of Steel","Cloak And Dagger","Slice","Sucker Punch","Poisoned Stab","Blade Dance+1","Distraction","Deadly Poison","Outmaneuver"],"relics":["Ring of the Snake","Question Card","Pear","Pandora\u0027s Box","Red Mask","Omamori","Regal Pillow","Bag of Marbles"],"potions_floor_usage":[20,20,27],"damage_taken":[{"damage":0,"enemies":"2 Louse","floor":1,"turns":2},{"damage":0,"enemies":"Cultist","floor":2,"turns":4},{"damage":7,"enemies":"Jaw Worm","floor":3,"turns":5},{"damage":2,"enemies":"3 Louse","floor":5,"turns":6},{"damage":7,"enemies":"Lagavulin","floor":7,"turns":5},{"damage":22,"enemies":"3 Sentries","floor":11,"turns":10},{"damage":16,"enemies":"Exordium Wildlife","floor":12,"turns":5},{"damage":15,"enemies":"Hexaghost","floor":16,"turns":7},{"damage":2,"enemies":"Spheric Guardian","floor":18,"turns":3},{"damage":0,"enemies":"Masked Bandits","floor":20,"turns":2},{"damage":14,"enemies":"2 Thieves","floor":22,"turns":5},{"damage":22,"enemies":"Gremlin Leader","floor":23,"turns":6},{"damage":23,"enemies":"Shelled Parasite and Fungi","floor":25,"turns":7},{"damage":11,"enemies":"Snake Plant","floor":27,"turns":1}],"seed_played":"366357902537414225","potions_obtained":[{"floor":1,"key":"Swift Potion"},{"floor":11,"key":"Explosive Potion"},{"floor":16,"key":"SteroidPotion"},{"floor":20,"key":"Poison Potion"},{"floor":25,"key":"Fire Potion"}],"is_trial":false,"path_per_floor":["M","M","M","?","M","R","E","R","T","R","E","M","R","?","R","B",null,"M","?","?","?","M","E","R","M","T","M"],"character_chosen":"THE_SILENT","items_purchased":[],"campfire_rested":1,"item_purchase_floors":[],"current_hp_per_floor":[77,77,70,70,68,68,61,61,61,61,49,33,59,59,59,44,87,85,68,68,68,54,32,32,9,9,0],"gold":456,"neow_bonus":"TEN_PERCENT_HP_BONUS","is_prod":false,"is_daily":false,"chose_seed":false,"campfire_upgraded":4,"win_rate":0,"timestamp":1555182379,"path_taken":["M","M","M","?","?","R","E","R","T","R","E","M","R","?","R","BOSS","M","?","?","?","M","E","R","M","T","?"],"build_version":"2019-01-23","purchased_purges":0,"victory":false,"max_hp_per_floor":[77,77,77,77,77,77,77,77,77,77,87,87,87,87,87,87,87,87,92,92,92,92,92,92,92,92,92],"card_choices":[{"not_picked":["Underhanded Strike","Acrobatics"],"picked":"Dodge and Roll","floor":1},{"not_picked":["Bane","Acrobatics"],"picked":"Poisoned Stab","floor":2},{"not_picked":["Crippling Poison","Dagger Spray"],"picked":"Backflip","floor":3},{"not_picked":["Endless Agony","Heel Hook"],"picked":"Bouncing Flask","floor":5},{"not_picked":["Bullet Time","Dash"],"picked":"Noxious Fumes","floor":7},{"not_picked":["Prepared","Burst","PiercingWail"],"picked":"Noxious Fumes","floor":11},{"not_picked":["Sucker Punch","Deadly Poison","Outmaneuver"],"picked":"Cloak And Dagger","floor":12},{"not_picked":["Wraith Form v2","Phantasmal Killer","Tools of the Trade"],"picked":"Malaise","floor":16},{"not_picked":["Dash","Dodge and Roll+1","Prepared+1"],"picked":"Poisoned Stab","floor":18},{"not_picked":["Slice","Outmaneuver","Dagger Throw"],"picked":"Blade Dance+1","floor":20},{"not_picked":["Dagger Throw+1","Slice","Poisoned Stab"],"picked":"Distraction","floor":22},{"not_picked":["Dodge and Roll","Finisher","Blur"],"picked":"Deadly Poison","floor":23},{"not_picked":["Dagger Spray","Blade Dance","Dagger Throw"],"picked":"Outmaneuver","floor":25}],"player_experience":179333,"relics_obtained":[{"floor":7,"key":"Question Card"},{"floor":11,"key":"Pear"},{"floor":20,"key":"Red Mask"},{"floor":23,"key":"Regal Pillow"},{"floor":26,"key":"Bag of Marbles"}],"event_choices":[{"cards_removed":["Strike_G"],"damage_healed":0,"gold_gain":0,"player_choice":"Offered Basic","damage_taken":0,"max_hp_gain":0,"max_hp_loss":0,"event_name":"Bonfire Elementals","floor":4,"gold_loss":0},{"damage_healed":0,"gold_gain":0,"player_choice":"Leave","damage_taken":0,"max_hp_gain":0,"max_hp_loss":0,"event_name":"The Cleric","floor":14,"gold_loss":0},{"damage_healed":0,"gold_gain":0,"player_choice":"Shed Blood","damage_taken":22,"max_hp_gain":5,"max_hp_loss":0,"event_name":"Forgotten Altar","floor":19,"gold_loss":0},{"damage_healed":0,"gold_gain":0,"player_choice":"Fought Bandits","damage_taken":0,"max_hp_gain":0,"max_hp_loss":0,"event_name":"Masked Bandits","floor":20,"gold_loss":0},{"damage_healed":0,"gold_gain":0,"player_choice":"Opened","damage_taken":0,"relics_obtained":["Omamori"],"max_hp_gain":0,"max_hp_loss":0,"event_name":"The Mausoleum","floor":21,"gold_loss":0}],"is_beta":false,"boss_relics":[{"not_picked":["Runic Dome","Black Star"],"picked":"Pandora\u0027s Box"}],"items_purged_floors":[],"is_endless":false,"potions_floor_spawned":[1,11,16,18,20,25],"killed_by":"Snake Plant","ascension_level":0}