{"gold_per_floor":[112,112,123,223,233,297,56,56,126,144,144,161,174,201,201,299,299,309,309,328,328,243,243,168,168,168,168,52,72,86,96,96,96],"floor_reached":33,"playtime":1616,"items_purged":["Strike_R"],"score":270,"play_id":"fc04b7c5-c9e6-447f-ac0f-fb0254fc8666","local_time":"20190502130630","is_ascension_mode":true,"campfire_choices":[{"floor":11,"key":"REST"},{"floor":15,"key":"REST"},{"data":"Apotheosis","floor":23,"key":"SMITH"},{"data":"Barricade","floor":25,"key":"SMITH"},{"data":"Armaments","floor":27,"key":"SMITH"},{"floor":32,"key":"REST"}],"neow_cost":"TEN_PERCENT_HP_LOSS","seed_source_timestamp":580307547375300,"circlet_count":0,"master_deck":["Strike_R","Defend_R","Defend_R","Defend_R","Defend_R","Bash","Pommel Strike","Sword Boomerang","Infernal Blade","Seeing Red","Whirlwind","Rampage","Bludgeon","Apotheosis+1","Infernal Blade","Reaper","Armaments+1","Barricade+1","Dual Wield","Rampage","Heavy Blade+1","Ghostly Armor","Sentinel+1"],"relics":["Burning Blood","Prayer Wheel","Tiny Chest","Mummified Hand","Meat on the Bone","Busted Crown","Pocketwatch","Matryoshka","WingedGreaves","The Courier","Pantograph","Bronze Scales"],"potions_floor_usage":[16,16,29,30,33],"damage_taken":[{"damage":1,"enemies":"2 Louse","floor":1,"turns":4},{"damage":8,"enemies":"Small Slimes","floor":3,"turns":3},{"damage":0,"enemies":"Cultist","floor":5,"turns":3},{"damage":16,"enemies":"Gremlin Nob","floor":6,"turns":3},{"damage":13,"enemies":"Red Slaver","floor":10,"turns":2},{"damage":10,"enemies":"Looter","floor":12,"turns":2},{"damage":0,"enemies":"Exordium Wildlife","floor":13,"turns":3},{"damage":26,"enemies":"Lagavulin","floor":14,"turns":5},{"damage":52,"enemies":"Hexaghost","floor":16,"turns":9},{"damage":10,"enemies":"Chosen","floor":18,"turns":4},{"damage":16,"enemies":"Shell Parasite","floor":20,"turns":4},{"damage":36,"enemies":"Snake Plant","floor":29,"turns":3},{"damage":11,"enemies":"Centurion and Healer","floor":30,"turns":5},{"damage":26,"enemies":"Shelled Parasite and Fungi","floor":31,"turns":4},{"damage":120,"enemies":"Automaton","floor":33,"turns":12}],"seed_played":"-4150682884021140686","potions_obtained":[{"floor":1,"key":"BloodPotion"},{"floor":3,"key":"Ancient Potion"},{"floor":6,"key":"Regen Potion"},{"floor":20,"key":"AttackPotion"},{"floor":31,"key":"Fire Potion"}],"is_trial":false,"path_per_floor":["M","?","M","?","M","E","$","?","T","M","R","M","M","E","R","B",null,"M","T","M","T","?","R","?","R","T","R","$","M","M","M","R","B"],"character_chosen":"IRONCLAD","items_purchased":["Apotheosis","Bronze Scales"],"campfire_rested":3,"item_purchase_floors":[7,28],"current_hp_per_floor":[72,65,63,63,69,59,59,59,59,52,72,68,72,56,72,46,72,72,72,62,62,62,62,62,62,62,62,62,44,46,42,63,0],"gold":96,"neow_bonus":"ONE_RARE_RELIC","is_prod":false,"is_daily":false,"chose_seed":false,"campfire_upgraded":3,"win_rate":0,"timestamp":1556816790,"path_taken":["M","?","M","?","?","E","?","?","T","M","R","M","?","E","R","BOSS","M","?","M","?","?","R","?","R","T","R","?","M","?","M","R","BOSS"],"build_version":"2019-01-23","purchased_purges":1,"victory":false,"max_hp_per_floor":[72,72,72,72,72,72,72,72,72,72,72,72,72,72,72,72,72,72,72,72,72,72,72,72,72,72,72,72,72,72,72,72,72],"card_choices":[{"not_picked":["Heavy Blade","Fire Breathing"],"picked":"Pommel Strike","floor":1},{"not_picked":["Shockwave","Flex"],"picked":"Sword Boomerang","floor":1},{"not_picked":["Havoc","True Grit"],"picked":"Infernal Blade","floor":3},{"not_picked":["Intimidate","Searing Blow"],"picked":"Seeing Red","floor":3},{"not_picked":["Cleave","Warcry"],"picked":"Whirlwind","floor":5},{"not_picked":["Havoc","Shrug It Off"],"picked":"Rampage","floor":5},{"not_picked":["Clothesline","Headbutt"],"picked":"Bludgeon","floor":6},{"not_picked":["Searing Blow","Twin Strike"],"picked":"Infernal Blade","floor":10},{"not_picked":["Hemokinesis","Clash","Shrug It Off"],"picked":"SKIP","floor":10},{"not_picked":["Cleave","Clothesline"],"picked":"Reaper","floor":12},{"not_picked":["Body Slam","Shrug It Off","Flex"],"picked":"SKIP","floor":12},{"not_picked":["Twin Strike","Entrench"],"picked":"Armaments","floor":13},{"not_picked":["Wild Strike","Warcry","Twin Strike"],"picked":"SKIP","floor":13},{"not_picked":["Perfected Strike","Havoc","Headbutt"],"picked":"SKIP","floor":14},{"not_picked":["Demon Form","Fiend Fire"],"picked":"Barricade","floor":16},{"not_picked":[],"picked":"Dual Wield","floor":18},{"not_picked":[],"picked":"Rampage","floor":18},{"not_picked":[],"picked":"Heavy Blade+1","floor":20},{"not_picked":["Twin Strike"],"picked":"SKIP","floor":20},{"not_picked":[],"picked":"Ghostly Armor","floor":29},{"not_picked":["Armaments"],"picked":"SKIP","floor":29},{"not_picked":[],"picked":"Sentinel+1","floor":30},{"not_picked":["Cleave"],"picked":"SKIP","floor":30},{"not_picked":["Dual Wield"],"picked":"SKIP","floor":31},{"not_picked":["Rupture"],"picked":"SKIP","floor":31}],"player_experience":63645,"relics_obtained":[{"floor":6,"key":"Tiny Chest"},{"floor":9,"key":"Mummified Hand"},{"floor":14,"key":"Meat on the Bone"},{"floor":19,"key":"Pocketwatch"},{"floor":21,"key":"Matryoshka"},{"floor":26,"key":"The Courier"},{"floor":26,"key":"Pantograph"}],"event_choices":[{"cards_removed":["Strike_R"],"damage_healed":0,"gold_gain":0,"player_choice":"Card Removal","damage_taken":7,"max_hp_gain":0,"max_hp_loss":0,"event_name":"Golden Wing","floor":2,"gold_loss":0},{"damage_healed":0,"gold_gain":100,"player_choice":"Pray","damage_taken":0,"max_hp_gain":0,"max_hp_loss":0,"event_name":"Golden Shrine","floor":4,"gold_loss":0},{"cards_removed":["Strike_R"],"damage_healed":0,"gold_gain":0,"player_choice":"Purged","damage_taken":0,"max_hp_gain":0,"max_hp_loss":0,"event_name":"Purifier","floor":8,"gold_loss":0},{"damage_healed":0,"gold_gain":0,"player_choice":"Obtained Relic","damage_taken":0,"relics_obtained":["WingedGreaves"],"max_hp_gain":0,"max_hp_loss":0,"event_name":"Addict","floor":22,"gold_loss":85},{"cards_removed":["Strike_R"],"damage_healed":0,"gold_gain":0,"player_choice":"Gave Gold","damage_taken":0,"max_hp_gain":0,"max_hp_loss":0,"event_name":"Beggar","floor":24,"gold_loss":75}],"is_beta":false,"boss_relics":[{"not_picked":["Orrery","Runic Cube"],"picked":"Busted Crown"}],"items_purged_floors":[7],"is_endless":false,"potions_floor_spawned":[1,3,6,13,20,31],"killed_by":"Automaton","ascension_level":1}