{"path_per_floor":["M","M","$","M","M","R","E","?","T","M","M","R","$","?","R","B",null,"M","?","?","M","?","R","T","$","T","?","$","R","M","M","R","B",null,"M","?","$","M","?","R","E","R","T","R","E","M","$","M","R"],"character_chosen":"DEFECT","items_purchased":["Trip","Darkness","Hologram","Master of Strategy","Regen Potion"],"gold_per_floor":[119,138,36,50,60,60,86,141,141,157,172,172,23,82,82,179,179,198,113,113,132,132,132,180,180,180,180,130,130,142,157,157,255,255,268,268,20,37,37,37,65,65,65,65,98,113,13,26,26,26],"floor_reached":50,"campfire_rested":2,"playtime":2196,"current_hp_per_floor":[75,75,75,75,65,65,58,58,58,62,58,58,58,64,64,28,75,75,75,75,66,66,66,73,73,73,73,73,73,75,79,79,27,82,72,72,72,61,82,82,49,73,73,73,68,52,52,46,82,0],"items_purged":["Strike_B","Writhe"],"gold":26,"score":498,"play_id":"cccf16ef-f501-4d3c-bfe8-a6ef38778497","local_time":"20180503161204","is_prod":false,"is_daily":false,"chose_seed":false,"is_ascension_mode":false,"campfire_upgraded":8,"timestamp":1525378324,"path_taken":["M","M","$","M","M","R","E","?","T","M","?","R","$","?","R","BOSS","M","?","?","M","?","R","?","$","T","?","$","R","?","M","R","BOSS","M","?","$","?","?","R","E","R","T","R","E","M","$","M","R","BOSS"],"build_version":"2018-05-02","seed_source_timestamp":0,"purchased_purges":3,"victory":false,"master_deck":["Strike_B+1","Strike_B+1","Defend_B+1","Defend_B+1","Defend_B+1","Zap+1","Dualcast","Prime+1","Go for the Eyes+1","Trip","Streamline","Self Repair","Gash+1","Beam Cell+1","Darkness+1","Doom and Gloom","Redo+1","Leap+1","Hologram+1","Defragment+1","Redo+1","Thunder Strike+1","Axe Kick+1","Hologram+1","Master of Strategy","Impulse+1","Reinforced Body+1","Ball Lightning+1","Stack+1"],"max_hp_per_floor":[75,75,75,75,75,75,75,75,75,75,75,75,75,75,75,75,75,75,75,75,75,75,75,82,82,82,82,82,82,82,82,82,82,82,82,82,82,82,82,82,82,82,82,82,82,82,82,82,82,82],"relics":["Cracked Core","Pantograph","Cables","Centennial Puzzle","Nuclear Battery","Kunai","Strawberry","Bottled Lightning","Astrolabe","Vajra","Whetstone","Regal Pillow"],"card_choices":[{"not_picked":["Melter","Reprogram"],"picked":"Go for the Eyes","floor":1.0},{"not_picked":["Lockon","Go for the Eyes"],"picked":"Cold Snap","floor":2.0},{"not_picked":["Coolheaded","Reinforced Body"],"picked":"Streamline","floor":5.0},{"not_picked":["Recycle","Rip and Tear"],"picked":"Self Repair","floor":7.0},{"not_picked":["Cold Snap","Echo Form"],"picked":"Gash","floor":10.0},{"not_picked":["Skim","Cold Snap"],"picked":"Beam Cell","floor":11.0},{"not_picked":["Darkness","Turbo"],"picked":"Doom and Gloom","floor":14.0},{"not_picked":["Fusion","Echo Form"],"picked":"Redo","floor":16.0},{"not_picked":["Skim","Genetic Algorithm"],"picked":"Leap","floor":21.0},{"not_picked":["Lockon","Melter"],"picked":"Defragment","floor":31.0},{"not_picked":["Thunder Strike","Rainbow"],"picked":"Redo","floor":33.0},{"not_picked":["Sweeping Beam","Self Repair"],"picked":"Hologram","floor":35.0},{"not_picked":["Stack","Beam Cell"],"picked":"Impulse","floor":38.0},{"not_picked":["Melter","Streamline"],"picked":"Reinforced Body","floor":41.0},{"not_picked":["Cold Snap","Double Energy"],"picked":"Ball Lightning","floor":45.0},{"not_picked":["Sweeping Beam","Blizzard"],"picked":"Stack","floor":46.0}],"player_experience":37632,"potions_floor_usage":[50],"damage_taken":[{"damage":0.0,"enemies":"Small Slimes","floor":1.0,"turns":3.0},{"damage":0.0,"enemies":"2 Louse","floor":2.0,"turns":2.0},{"damage":0.0,"enemies":"Cultist","floor":4.0,"turns":4.0},{"damage":10.0,"enemies":"3 Louse","floor":5.0,"turns":4.0},{"damage":7.0,"enemies":"3 Sentries","floor":7.0,"turns":4.0},{"damage":3.0,"enemies":"Large Slime","floor":10.0,"turns":5.0},{"damage":11.0,"enemies":"Gremlin Gang","floor":11.0,"turns":3.0},{"damage":1.0,"enemies":"3 Sentries","floor":14.0,"turns":6.0},{"damage":54.0,"enemies":"Hexaghost","floor":16.0,"turns":6.0},{"damage":5.0,"enemies":"3 Byrds","floor":18.0,"turns":4.0},{"damage":16.0,"enemies":"2 Thieves","floor":21.0,"turns":3.0},{"damage":5.0,"enemies":"Snake Plant","floor":30.0,"turns":3.0},{"damage":3.0,"enemies":"Chosen and Byrds","floor":31.0,"turns":4.0},{"damage":62.0,"enemies":"Automaton","floor":33.0,"turns":7.0},{"damage":10.0,"enemies":"Orb Walker","floor":35.0,"turns":2.0},{"damage":18.0,"enemies":"Flame Bruiser 1 Orb","floor":38.0,"turns":6.0},{"damage":33.0,"enemies":"Giant Head","floor":41.0,"turns":8.0},{"damage":24.0,"enemies":"Nemesis","floor":45.0,"turns":5.0},{"damage":23.0,"enemies":"Maw","floor":46.0,"turns":5.0},{"damage":6.0,"enemies":"3 Darklings","floor":48.0,"turns":5.0},{"damage":83,"enemies":"Awakened One","floor":50,"turns":11}],"event_choices":[{"event_name":"Golden Wing","player_choice":"Gained Gold","floor":8.0,"damage_taken":0.0},{"event_name":"Dead Adventurer","player_choice":"Searched \u00273\u0027 times","floor":14.0,"damage_taken":0.0},{"event_name":"Addict","player_choice":"Obtained Relic","floor":19.0,"damage_taken":0.0},{"event_name":"The Lab","player_choice":"Got Potions","floor":20.0,"damage_taken":0.0},{"event_name":"Ghosts","player_choice":"Ignored","floor":22.0,"damage_taken":0.0},{"event_name":"Back to Basics","player_choice":"Simplicity","floor":27.0,"damage_taken":0.0},{"event_name":"Winding Halls","player_choice":"Writhe","floor":39.0,"damage_taken":0.0}],"boss_relics":[],"potions_floor_spawned":[2,7,11,16,21,31,35,41],"seed_played":"-5294159336569237766","killed_by":"Awakened One","ascension_level":0,"is_trial":false}