{"gold_per_floor":[119,119,133,143,160,194,212,272,272,272,1,16,16,0,0,126,126,126,126,126,0,0,0,0,0,0,0,0,0,0,0,0,0],"floor_reached":33,"playtime":2224,"items_purged":["Injury"],"score":302,"play_id":"254dd171-4c96-49c2-9c53-92401eea1dbb","local_time":"20190224154231","is_ascension_mode":false,"campfire_choices":[{"floor":15,"key":"REST"},{"data":"Apotheosis","floor":24,"key":"SMITH"},{"floor":27,"key":"REST"},{"data":"Bullet Time","floor":32,"key":"SMITH"}],"neow_cost":"NONE","seed_source_timestamp":680618128335211,"circlet_count":0,"master_deck":["Defend_G","Defend_G","Defend_G","Defend_G","Defend_G","Survivor","Neutralize","Outmaneuver","Dagger Spray","Night Terror","Poisoned Stab","Corpse Explosion","Skewer","Quick Slash","Apotheosis+1","Dagger Throw","Bullet Time+1","Noxious Fumes","Quick Slash+1","Bite","Bite","Bite","Bite","Bite","Dodge and Roll","Underhanded Strike","A Thousand Cuts","Noxious Fumes"],"relics":["Ring of the Snake","Letter Opener","Tiny Chest","Thread and Needle","Bloody Idol","Dodecahedron","Ectoplasm","Mercury Hourglass","Mummified Hand","Ancient Tea Set"],"potions_floor_usage":[8,16,16,18,30,30,31],"damage_taken":[{"damage":2,"enemies":"Small Slimes","floor":1,"turns":4},{"damage":0,"enemies":"2 Louse","floor":3,"turns":3},{"damage":8,"enemies":"Jaw Worm","floor":4,"turns":6},{"damage":3,"enemies":"3 Louse","floor":5,"turns":4},{"damage":40,"enemies":"3 Sentries","floor":6,"turns":5},{"damage":5,"enemies":"Exordium Wildlife","floor":7,"turns":2},{"damage":13,"enemies":"Lagavulin","floor":8,"turns":6},{"damage":0,"enemies":"Looter","floor":12,"turns":3},{"damage":16,"enemies":"Slime Boss","floor":16,"turns":11},{"damage":2,"enemies":"Shell Parasite","floor":18,"turns":5},{"damage":13,"enemies":"3 Byrds","floor":19,"turns":4},{"damage":21,"enemies":"Gremlin Leader","floor":23,"turns":6},{"damage":17,"enemies":"Snake Plant","floor":25,"turns":3},{"damage":0,"enemies":"Centurion and Healer","floor":30,"turns":2},{"damage":0,"enemies":"3 Cultists","floor":31,"turns":3},{"damage":77,"enemies":"Collector","floor":33,"turns":7}],"seed_played":"6907311177145834388","potions_obtained":[{"floor":7,"key":"Weak Potion"},{"floor":8,"key":"Explosive Potion"},{"floor":12,"key":"Weak Potion"},{"floor":16,"key":"Block Potion"},{"floor":19,"key":"SneckoOil"},{"floor":25,"key":"EntropicBrew"},{"floor":31,"key":"GamblersBrew"}],"is_trial":false,"path_per_floor":["M","?","M","M","M","E","M","E","T","?","$","M","T","?","R","B",null,"M","M","?","?","?","E","R","M","T","R","T","$","M","M","R","B"],"character_chosen":"THE_SILENT","items_purchased":["Apotheosis"],"campfire_rested":2,"item_purchase_floors":[11],"current_hp_per_floor":[75,75,75,67,64,24,19,6,6,6,6,6,6,6,29,13,77,75,62,53,53,53,42,42,29,29,44,44,44,47,53,53,0],"gold":0,"neow_bonus":"TEN_PERCENT_HP_BONUS","is_prod":false,"is_daily":false,"chose_seed":false,"campfire_upgraded":2,"win_rate":0,"timestamp":1551044551,"path_taken":["M","?","M","M","M","E","M","E","T","?","$","M","?","?","R","BOSS","M","M","?","?","?","E","R","M","T","R","?","?","M","M","R","BOSS"],"build_version":"2019-01-23","purchased_purges":1,"victory":false,"max_hp_per_floor":[77,77,77,77,77,77,77,77,77,77,77,77,77,77,77,77,77,77,77,53,53,53,53,53,53,53,53,53,53,53,53,53,53],"card_choices":[{"not_picked":["Prepared","Bane"],"picked":"Outmaneuver","floor":1},{"not_picked":["Deflect","Acrobatics"],"picked":"Dagger Spray","floor":3},{"not_picked":["Acrobatics","Prepared"],"picked":"Night Terror","floor":4},{"not_picked":["Backflip","Prepared"],"picked":"Poisoned Stab","floor":5},{"not_picked":["Backstab","Deflect"],"picked":"Corpse Explosion","floor":6},{"not_picked":["Acrobatics","Deflect"],"picked":"Skewer","floor":7},{"not_picked":["Riddle With Holes","Underhanded Strike"],"picked":"Quick Slash","floor":8},{"not_picked":["After Image","Acrobatics"],"picked":"Dagger Throw","floor":12},{"not_picked":["Burst","Wraith Form v2"],"picked":"Bullet Time","floor":16},{"not_picked":["Endless Agony","Dash"],"picked":"Noxious Fumes","floor":18},{"not_picked":["Outmaneuver","Backflip"],"picked":"Quick Slash+1","floor":19},{"not_picked":["Bouncing Flask","Infinite Blades"],"picked":"Dodge and Roll","floor":23},{"not_picked":["Acrobatics+1","Backflip"],"picked":"Underhanded Strike","floor":25},{"not_picked":["Outmaneuver+1","Expertise"],"picked":"A Thousand Cuts","floor":30},{"not_picked":["Finisher+1","Backflip+1"],"picked":"Noxious Fumes","floor":31}],"player_experience":70715,"relics_obtained":[{"floor":6,"key":"Letter Opener"},{"floor":8,"key":"Tiny Chest"},{"floor":9,"key":"Thread and Needle"},{"floor":13,"key":"Dodecahedron"},{"floor":23,"key":"Mercury Hourglass"},{"floor":26,"key":"Mummified Hand"},{"floor":28,"key":"Ancient Tea Set"}],"event_choices":[{"damage_healed":0,"gold_gain":0,"player_choice":"Leave","damage_taken":0,"max_hp_gain":0,"max_hp_loss":0,"event_name":"The Cleric","floor":2,"gold_loss":0},{"damage_healed":0,"gold_gain":0,"player_choice":"Take Wound","damage_taken":0,"relics_obtained":["Golden Idol"],"max_hp_gain":0,"max_hp_loss":0,"event_name":"Golden Idol","floor":10,"gold_loss":0,"cards_obtained":["Injury"]},{"damage_healed":0,"gold_gain":0,"player_choice":"Left Gold","damage_taken":0,"max_hp_gain":0,"max_hp_loss":0,"event_name":"World of Goop","floor":14,"gold_loss":16},{"damage_healed":0,"gold_gain":0,"player_choice":"Became a vampire","damage_taken":0,"max_hp_gain":0,"max_hp_loss":24,"event_name":"Vampires","floor":20,"gold_loss":0,"cards_obtained":["Bite","Bite","Bite","Bite","Bite"]},{"damage_healed":0,"gold_gain":0,"player_choice":"Paid Fearfully","damage_taken":0,"max_hp_gain":0,"max_hp_loss":0,"event_name":"Masked Bandits","floor":21,"gold_loss":126},{"damage_healed":0,"gold_gain":0,"player_choice":"Gave Idol","damage_taken":0,"relics_obtained":["Bloody Idol"],"max_hp_gain":0,"max_hp_loss":0,"event_name":"Forgotten Altar","floor":22,"relics_lost":["Golden Idol"],"gold_loss":0}],"is_beta":false,"boss_relics":[{"not_picked":["Coffee Dripper","Black Star"],"picked":"Ectoplasm"}],"items_purged_floors":[11],"is_endless":false,"potions_floor_spawned":[7,8,12,16,19,25,30,31],"killed_by":"Collector","ascension_level":0}