{"gold_per_floor":[110,110,110,123,133,162,176,176,176,204,204,216,234,253,253,253],"floor_reached":16,"playtime":487,"items_purged":[],"score":228,"play_id":"31f3ed9a-887b-47f0-a859-9dcc96e9e68f","local_time":"20190322060821","is_ascension_mode":true,"campfire_choices":[{"data":"Chaos","floor":8,"key":"SMITH"},{"data":"Beam Cell","floor":11,"key":"SMITH"},{"data":"Dualcast","floor":15,"key":"SMITH"}],"neow_cost":"NONE","seed_source_timestamp":128699847072707,"circlet_count":0,"master_deck":["AscendersBane","Strike_B","Strike_B","Strike_B","Defend_B","Defend_B","Defend_B","Defend_B","Zap","Dualcast+1","Beam Cell+1","Cold Snap","Tempest","Chaos+1","Sweeping Beam","Coolheaded","BootSequence"],"relics":["Cracked Core","NeowsBlessing","Du-Vu Doll","Meat on the Bone","Darkstone Periapt"],"potions_floor_usage":[10,11,13,16],"damage_taken":[{"damage":0,"enemies":"Jaw Worm","floor":1,"turns":1},{"damage":0,"enemies":"Cultist","floor":4,"turns":1},{"damage":0,"enemies":"Small Slimes","floor":5,"turns":1},{"damage":31,"enemies":"3 Sentries","floor":6,"turns":7},{"damage":0,"enemies":"2 Fungi Beasts","floor":7,"turns":3},{"damage":18,"enemies":"Lagavulin","floor":10,"turns":5},{"damage":2,"enemies":"Looter","floor":12,"turns":3},{"damage":10,"enemies":"Exordium Wildlife","floor":13,"turns":3},{"damage":1,"enemies":"Large Slime","floor":14,"turns":5},{"damage":52,"enemies":"Slime Boss","floor":16,"turns":8}],"seed_played":"-4915402224665422279","potions_obtained":[{"floor":6,"key":"EssenceOfSteel"},{"floor":7,"key":"Fire Potion"},{"floor":10,"key":"Fruit Juice"},{"floor":13,"key":"Energy Potion"}],"is_trial":false,"path_per_floor":["M","?","$","M","M","E","M","R","T","E","R","M","M","M","R","B"],"character_chosen":"DEFECT","items_purchased":[],"campfire_rested":0,"item_purchase_floors":[],"current_hp_per_floor":[64,64,64,64,64,33,33,33,33,27,32,42,44,43,43,0],"gold":253,"neow_bonus":"THREE_ENEMY_KILL","is_prod":false,"is_daily":false,"chose_seed":false,"campfire_upgraded":3,"win_rate":0,"timestamp":1553249301,"path_taken":["M","?","$","?","M","E","M","R","T","E","R","M","M","M","R","BOSS"],"build_version":"2019-01-23","purchased_purges":0,"victory":false,"max_hp_per_floor":[71,71,71,71,71,71,71,71,71,71,76,76,76,76,76,76],"card_choices":[{"not_picked":["Leap","Chaos"],"picked":"Beam Cell","floor":1},{"not_picked":["Double Energy","Storm"],"picked":"Cold Snap","floor":4},{"not_picked":["Redo","Coolheaded"],"picked":"Tempest","floor":5},{"not_picked":["Redo","Cold Snap"],"picked":"Chaos","floor":6},{"not_picked":["Cold Snap","Stack"],"picked":"Sweeping Beam","floor":7},{"not_picked":["Go for the Eyes","Hyperbeam"],"picked":"Coolheaded","floor":10},{"not_picked":["Redo","Stack"],"picked":"BootSequence","floor":12},{"not_picked":["Streamline","Turbo","Blizzard"],"picked":"SKIP","floor":13},{"not_picked":["Coolheaded","Sweeping Beam","Reinforced Body"],"picked":"SKIP","floor":14}],"player_experience":875916,"relics_obtained":[{"floor":6,"key":"Du-Vu Doll"},{"floor":9,"key":"Meat on the Bone"},{"floor":10,"key":"Darkstone Periapt"}],"event_choices":[{"cards_removed":["Strike_B"],"damage_healed":0,"gold_gain":0,"player_choice":"Offered Basic","damage_taken":0,"max_hp_gain":0,"max_hp_loss":0,"event_name":"Bonfire Elementals","floor":2,"gold_loss":0}],"is_beta":false,"boss_relics":[],"items_purged_floors":[],"is_endless":false,"potions_floor_spawned":[6,7,10,13],"killed_by":"Slime Boss","ascension_level":20}