{"gold_per_floor":[116,128,146,112,126,153,165,212,224,236,260,272,319,346,358,470,482,514,496,526,555,579,591,637,649,684,696,726,767,779,791,803,910,922],"floor_reached":34,"playtime":2609,"items_purged":[],"score":433,"play_id":"3cd20ffd-20ed-4360-9154-600eb544621c","local_time":"20190126122449","is_ascension_mode":true,"campfire_choices":[{"floor":7.0,"key":"REST"},{"data":"Stack","floor":10.0,"key":"SMITH"},{"floor":15.0,"key":"REST"},{"floor":23.0,"key":"REST"},{"data":"Go for the Eyes","floor":27.0,"key":"SMITH"},{"floor":32.0,"key":"REST"}],"neow_cost":"PERCENT_DAMAGE","seed_source_timestamp":0,"circlet_count":0,"master_deck":["Strike_B","Defend_B","Defend_B","Defend_B","Defend_B","Zap","Dualcast","Storm","Stack+1","Ball Lightning","Loop","Go for the Eyes","Ball Lightning","Loop","Ball Lightning","Parasite","Leap","Machine Learning","Doom and Gloom+1","Cold Snap+1","Go for the Eyes+1","Force Field","Stack","Stack"],"special_seed":0,"relics":["Cracked Core","Pocketwatch","MawBank","Blood Vial","Ginger","Astrolabe","Mummified Hand","Centennial Puzzle","Thread and Needle"],"potions_floor_usage":[],"damage_taken":[{"damage":1.0,"enemies":"Small Slimes","floor":1.0,"turns":3.0},{"damage":0.0,"enemies":"2 Louse","floor":2.0,"turns":2.0},{"damage":0.0,"enemies":"Cultist","floor":3.0,"turns":2.0},{"damage":7.0,"enemies":"Large Slime","floor":5.0,"turns":4.0},{"damage":12.0,"enemies":"3 Sentries","floor":6.0,"turns":7.0},{"damage":6.0,"enemies":"Gremlin Nob","floor":8.0,"turns":3.0},{"damage":13.0,"enemies":"Lots of Slimes","floor":11.0,"turns":3.0},{"damage":22.0,"enemies":"3 Sentries","floor":13.0,"turns":5.0},{"damage":0.0,"enemies":"Red Slaver","floor":14.0,"turns":3.0},{"damage":2.0,"enemies":"Hexaghost","floor":16.0,"turns":9.0},{"damage":27.0,"enemies":"3 Byrds","floor":18.0,"turns":4.0},{"damage":20.0,"enemies":"Spheric Guardian","floor":20.0,"turns":4.0},{"damage":0.0,"enemies":"Snake Plant","floor":21.0,"turns":4.0},{"damage":20.0,"enemies":"Sentry and Sphere","floor":22.0,"turns":5.0},{"damage":36.0,"enemies":"Slavers","floor":24.0,"turns":6.0},{"damage":10.0,"enemies":"3 Cultists","floor":28.0,"turns":4.0},{"damage":25.0,"enemies":"Book of Stabbing","floor":29.0,"turns":5.0},{"damage":39.0,"enemies":"Automaton","floor":33.0,"turns":11.0}],"seed_played":"-68292039390713124","potions_obtained":[{"floor":2.0,"key":"Fire Potion"},{"floor":6.0,"key":"Swift Potion"},{"floor":11.0,"key":"SpeedPotion"},{"floor":14.0,"key":"Dexterity Potion"},{"floor":19.0,"key":"SmokeBomb"},{"floor":19.0,"key":"GamblersBrew"},{"floor":20.0,"key":"GamblersBrew"},{"floor":33.0,"key":"FocusPotion"}],"is_trial":false,"path_per_floor":["M","M","M","$","M","E","R","E","T","R","M","?","E","M","R","B",null,"M","?","M","M","M","R","E","?","T","R","M","E","$","?","R","B",null],"character_chosen":"DEFECT","items_purchased":["Loop"],"campfire_rested":4,"item_purchase_floors":[4],"current_hp_per_floor":[53,53,53,53,46,34,56,50,50,50,39,57,37,39,61,61,75,48,48,30,32,14,36,2,75,75,75,65,42,42,28,52,15,15],"gold":922,"neow_bonus":"ONE_RARE_RELIC","is_prod":false,"is_daily":false,"chose_seed":false,"campfire_upgraded":2,"win_rate":0,"timestamp":1548523489,"path_taken":["M","M","M","$","M","E","R","E","T","R","M","?","E","M","R","BOSS","M","?","?","M","M","R","E","?","T","R","?","E","?","?","R","BOSS"],"build_version":"2019-01-23","purchased_purges":0,"victory":false,"max_hp_per_floor":[75,75,75,75,75,75,75,75,75,75,75,75,75,75,75,75,75,75,75,75,75,75,75,75,75,75,75,75,75,75,80,80,80,80],"card_choices":[{"not_picked":["Coolheaded","Sweeping Beam"],"picked":"Storm","floor":1.0},{"not_picked":["Leap","Beam Cell"],"picked":"Stack","floor":2.0},{"not_picked":["Barrage","All For One"],"picked":"Ball Lightning","floor":3.0},{"not_picked":["Coolheaded","Sweeping Beam"],"picked":"Go for the Eyes","floor":5.0},{"not_picked":["Coolheaded","Gash"],"picked":"Ball Lightning","floor":6.0},{"not_picked":["Fusion","Coolheaded"],"picked":"Loop","floor":8.0},{"not_picked":["Barrage","Lockon"],"picked":"Ball Lightning","floor":11.0},{"not_picked":["Hyperbeam","Meteor Strike"],"picked":"Leap","floor":13.0},{"not_picked":["Lockon","Turbo","Cold Snap"],"picked":"SKIP","floor":14.0},{"not_picked":["Hyperbeam","Meteor Strike"],"picked":"Machine Learning","floor":16.0},{"not_picked":["Barrage+1","Doom and Gloom+1"],"picked":"Go for the Eyes","floor":18.0},{"not_picked":["Steam","Consume","Cold Snap"],"picked":"SKIP","floor":20.0},{"not_picked":["White Noise","Beam Cell","Sweeping Beam"],"picked":"SKIP","floor":21.0},{"not_picked":["Redo","Coolheaded","Sweeping Beam"],"picked":"SKIP","floor":22.0},{"not_picked":["Reprogram+1","All For One"],"picked":"Force Field","floor":24.0},{"not_picked":["Streamline+1","Cold Snap+1"],"picked":"Stack","floor":28.0},{"not_picked":["Cold Snap+1","Streamline+1"],"picked":"Stack","floor":29.0}],"player_experience":157073,"relics_obtained":[{"floor":6.0,"key":"MawBank"},{"floor":8.0,"key":"Blood Vial"},{"floor":13.0,"key":"Ginger"},{"floor":24.0,"key":"Mummified Hand"},{"floor":26.0,"key":"Centennial Puzzle"},{"floor":29.0,"key":"Thread and Needle"}],"event_choices":[{"damage_healed":18.0,"max_hp_gain":0.0,"max_hp_loss":0.0,"gold_gain":0.0,"event_name":"Mushrooms","player_choice":"Healed and dodged fight","floor":12.0,"gold_loss":0.0,"damage_taken":0.0,"cards_obtained":["Parasite"]},{"damage_healed":0.0,"max_hp_gain":0.0,"max_hp_loss":0.0,"gold_gain":0.0,"event_name":"The Woman in Blue","player_choice":"Bought 2 Potions","floor":19.0,"gold_loss":0.0,"damage_taken":0.0},{"cards_removed":["Consume"],"damage_healed":73.0,"max_hp_gain":0.0,"max_hp_loss":0.0,"gold_gain":0.0,"event_name":"Bonfire Elementals","player_choice":"Offered Uncommon","floor":25.0,"gold_loss":0.0,"damage_taken":0.0},{"damage_healed":0.0,"max_hp_gain":5.0,"max_hp_loss":0.0,"gold_gain":0.0,"event_name":"Forgotten Altar","player_choice":"Shed Blood","floor":31.0,"gold_loss":0.0,"damage_taken":19.0}],"is_beta":false,"boss_relics":[{"not_picked":["Ectoplasm","Busted Crown"],"picked":"Astrolabe"}],"items_purged_floors":[],"is_endless":false,"potions_floor_spawned":[2,6,11,14,20,21,33],"ascension_level":1}