{"gold_per_floor":[111,126,139,219,234,234,267,279,291,328,340,367,347,359,371,484,496,520,532,561,205,205,205],"floor_reached":23,"playtime":853,"items_purged":[],"score":269,"play_id":"3668e0e5-c7bc-4272-8012-4460b225a800","local_time":"20180914082453","is_ascension_mode":true,"campfire_choices":[{"data":"Streamline","floor":6.0,"key":"SMITH"},{"data":"Consume","floor":8.0,"key":"SMITH"},{"floor":11.0,"key":"REST"},{"data":"Glacier","floor":15.0,"key":"SMITH"}],"neow_cost":"","seed_source_timestamp":0,"circlet_count":0,"master_deck":["Strike_B+1","Strike_B+1","Defend_B+1","Defend_B+1","Defend_B+1","Defend_B+1","Zap","Dualcast","Glacier+1","Consume+1","Streamline+1","Skim","White Noise+1","Thunder Strike","Hologram","Necronomicurse","Ball Lightning","Electrodynamics"],"special_seed":0,"relics":["Cracked Core","MawBank","Potion Belt","Kunai","Empty Cage","Necronomicon","Du-Vu Doll"],"potions_floor_usage":[],"damage_taken":[{"damage":1.0,"enemies":"Cultist","floor":1.0,"turns":3.0},{"damage":2.0,"enemies":"Jaw Worm","floor":2.0,"turns":4.0},{"damage":0.0,"enemies":"2 Louse","floor":3.0,"turns":3.0},{"damage":0.0,"enemies":"Lots of Slimes","floor":5.0,"turns":1.0},{"damage":8.0,"enemies":"3 Sentries","floor":7.0,"turns":7.0},{"damage":27.0,"enemies":"Gremlin Nob","floor":10.0,"turns":4.0},{"damage":6.0,"enemies":"3 Louse","floor":12.0,"turns":4.0},{"damage":24.0,"enemies":"Hexaghost","floor":16.0,"turns":13.0},{"damage":6.0,"enemies":"Spheric Guardian","floor":18.0,"turns":6.0},{"damage":16.0,"enemies":"Shell Parasite","floor":20.0,"turns":6.0},{"damage":39,"enemies":"Slavers","floor":23,"turns":3}],"seed_played":"7316104823658326494","potions_obtained":[{"floor":2.0,"key":"Explosive Potion"},{"floor":3.0,"key":"PowerPotion"},{"floor":5.0,"key":"FocusPotion"},{"floor":7.0,"key":"Strength Potion"},{"floor":16.0,"key":"SteroidPotion"},{"floor":18.0,"key":"Regen Potion"}],"is_trial":false,"path_per_floor":["M","M","M","?","M","R","E","R","T","E","R","M","?","?","R","B",null,"M","?","M","$","?"],"character_chosen":"DEFECT","items_purchased":["Electrodynamics","Du-Vu Doll"],"campfire_rested":1,"item_purchase_floors":[21,21],"current_hp_per_floor":[67,65,65,65,65,65,57,57,57,30,52,46,46,46,46,22,62,63,47,46,46,46,7],"gold":205,"neow_bonus":"","is_prod":false,"is_daily":false,"chose_seed":false,"campfire_upgraded":3,"win_rate":0,"timestamp":1536927893,"path_taken":["M","?","M","?","M","R","E","R","T","E","R","M","?","?","R","BOSS","M","?","M","$","?","E"],"build_version":"2018-09-06","purchased_purges":0,"victory":false,"max_hp_per_floor":[75,75,75,75,75,75,75,75,75,75,75,75,75,75,75,75,75,75,75,75,75,75,75],"card_choices":[{"not_picked":["Leap","Conserve Battery"],"picked":"Glacier","floor":1.0},{"not_picked":["Recycle","Tempest"],"picked":"Consume","floor":2.0},{"not_picked":["Undo","Gash"],"picked":"Streamline","floor":3.0},{"not_picked":["Cold Snap","Go for the Eyes"],"picked":"Skim","floor":5.0},{"not_picked":["Compile Driver","Cold Snap","Stack"],"picked":"SKIP","floor":7.0},{"not_picked":["Redo","Blizzard"],"picked":"White Noise","floor":10.0},{"not_picked":["Redo","Fusion","Undo"],"picked":"SKIP","floor":12.0},{"not_picked":["Hyperbeam","Buffer"],"picked":"Thunder Strike","floor":16.0},{"not_picked":["Conserve Battery","Turbo+1"],"picked":"Hologram","floor":18.0},{"not_picked":["Compile Driver+1","Hologram"],"picked":"Ball Lightning","floor":20.0}],"player_experience":523574,"relics_obtained":[{"floor":7.0,"key":"MawBank"},{"floor":9.0,"key":"Potion Belt"},{"floor":10.0,"key":"Kunai"},{"floor":19.0,"key":"Necronomicon"}],"event_choices":[{"event_name":"Golden Wing","player_choice":"Gained Gold","floor":4.0,"damage_taken":0.0},{"event_name":"World of Goop","player_choice":"Left","floor":13.0,"damage_taken":0.0},{"event_name":"Accursed Blacksmith","player_choice":"Forge","floor":14.0,"damage_taken":0.0},{"event_name":"Cursed Tome","player_choice":"Obtained Book","floor":19.0,"damage_taken":0.0},{"event_name":"Back to Basics","player_choice":"Simplicity","floor":22.0,"damage_taken":0.0}],"is_beta":false,"boss_relics":[{"not_picked":["Lizard Tail","Snecko Eye"],"picked":"Empty Cage"}],"items_purged_floors":[],"is_endless":false,"potions_floor_spawned":[2,3,5,7,16,18],"killed_by":"Slavers","ascension_level":7}