{"gold_per_floor":[119,39,39,49,66,92,103,103,127,127,145,175,188,205,205,205],"floor_reached":16,"playtime":557,"items_purged":[],"score":114,"play_id":"b43e0454-3541-4474-94cb-36b69285ea04","local_time":"20190412144025","is_ascension_mode":false,"campfire_choices":[{"data":"Bouncing Flask","floor":10,"key":"SMITH"},{"floor":15,"key":"REST"}],"neow_cost":"NONE","seed_source_timestamp":108971144360400,"circlet_count":0,"master_deck":["Defend_G","Defend_G","Defend_G","Defend_G","Defend_G","Strike_G","Strike_G","Strike_G","Strike_G","Survivor","Neutralize","Prepared","Bouncing Flask+1","Dodge and Roll","Escape Plan","PiercingWail","Parasite","Blur","Backflip"],"relics":["Ring of the Snake","NeowsBlessing","Boot","Bronze Scales"],"potions_floor_usage":[6,16,16,16],"damage_taken":[{"damage":0,"enemies":"Jaw Worm","floor":1,"turns":1},{"damage":0,"enemies":"2 Louse","floor":4,"turns":1},{"damage":0,"enemies":"Small Slimes","floor":5,"turns":2},{"damage":41,"enemies":"3 Sentries","floor":6,"turns":10},{"damage":4,"enemies":"2 Fungi Beasts","floor":7,"turns":4},{"damage":13,"enemies":"3 Louse","floor":11,"turns":4},{"damage":18,"enemies":"Lagavulin","floor":12,"turns":7},{"damage":0,"enemies":"Exordium Wildlife","floor":13,"turns":4},{"damage":6,"enemies":"Blue Slaver","floor":14,"turns":3},{"damage":35,"enemies":"Slime Boss","floor":16,"turns":9}],"seed_played":"-4271871105524478715","potions_obtained":[{"floor":1,"key":"AttackPotion"},{"floor":7,"key":"SkillPotion"},{"floor":11,"key":"FearPotion"},{"floor":12,"key":"GhostInAJar"}],"is_trial":false,"path_per_floor":["M","$","?","M","M","E","M","?","T","R","M","E","M","M","R","B"],"character_chosen":"THE_SILENT","items_purchased":["Bouncing Flask"],"campfire_rested":1,"item_purchase_floors":[2],"current_hp_per_floor":[70,70,70,70,70,29,25,42,42,42,29,11,11,5,26,0],"gold":205,"neow_bonus":"THREE_ENEMY_KILL","is_prod":false,"is_daily":false,"chose_seed":false,"campfire_upgraded":1,"win_rate":0,"timestamp":1555051225,"path_taken":["M","$","?","M","M","E","M","?","T","R","M","E","M","M","R","BOSS"],"build_version":"2019-01-23","purchased_purges":0,"victory":false,"max_hp_per_floor":[70,70,70,70,70,70,70,70,70,70,70,70,70,70,70,70],"card_choices":[{"not_picked":["Underhanded Strike","Reflex"],"picked":"Prepared","floor":1},{"not_picked":["Blade Dance","Cloak And Dagger"],"picked":"Dodge and Roll","floor":4},{"not_picked":["Bane","Dash"],"picked":"Escape Plan","floor":5},{"not_picked":["Prepared","Dagger Spray"],"picked":"PiercingWail","floor":6},{"not_picked":["Quick Slash","Expertise","Dagger Spray"],"picked":"SKIP","floor":7},{"not_picked":["Bouncing Flask","Dodge and Roll"],"picked":"Blur","floor":11},{"not_picked":["Sucker Punch","Quick Slash","Unload"],"picked":"SKIP","floor":12},{"not_picked":["Prepared","All Out Attack","Dodge and Roll"],"picked":"SKIP","floor":13},{"not_picked":["Tactician","Dash"],"picked":"Backflip","floor":14}],"player_experience":477545,"relics_obtained":[{"floor":6,"key":"Boot"},{"floor":12,"key":"Bronze Scales"}],"event_choices":[{"cards_removed":["Strike_G"],"damage_healed":0,"gold_gain":0,"player_choice":"Forget","damage_taken":0,"max_hp_gain":0,"max_hp_loss":0,"event_name":"Living Wall","floor":3,"gold_loss":0},{"damage_healed":17,"gold_gain":0,"player_choice":"Healed and dodged fight","damage_taken":0,"max_hp_gain":0,"max_hp_loss":0,"event_name":"Mushrooms","floor":8,"gold_loss":0,"cards_obtained":["Parasite"]}],"is_beta":false,"boss_relics":[],"items_purged_floors":[],"is_endless":false,"potions_floor_spawned":[1,7,11,12],"killed_by":"Slime Boss","ascension_level":0}