{"gold_per_floor":[117,132,147,222,239,239,252,252,279,47,79,96,96,126,126,197,197,216,131,131,147,158,158,58,77,77,77,89,89,89,105,105,179,179,196,208,208,208,208,238,238,252,276,276,304,324,8,54,54,54,54,54,54,54,89,89],"floor_reached":57,"playtime":2364,"items_purged":["Strike_B","Strike_B","Strike_B+1"],"score":3119,"play_id":"8d47071d-8593-48dc-bd37-3977b2f1622b","local_time":"20190422215916","is_ascension_mode":true,"campfire_choices":[{"data":"Sunder","floor":6.0,"key":"SMITH"},{"data":"Defragment","floor":8.0,"key":"SMITH"},{"data":"Zap","floor":13.0,"key":"SMITH"},{"data":"Turbo","floor":15.0,"key":"SMITH"},{"data":"Fusion","floor":23.0,"key":"SMITH"},{"data":"Chaos","floor":27.0,"key":"SMITH"},{"data":"Heatsinks","floor":30.0,"key":"SMITH"},{"data":"Coolheaded","floor":32.0,"key":"SMITH"},{"floor":41.0,"key":"RECALL"},{"data":"Tempest","floor":44.0,"key":"SMITH"},{"data":"Capacitor","floor":49.0,"key":"SMITH"},{"data":"Hologram","floor":53.0,"key":"SMITH"}],"neow_cost":"NONE","seed_source_timestamp":0,"circlet_count":0,"master_deck":["AscendersBane","Strike_B+1","Defend_B+1","Defend_B+1","Defend_B+1","Defend_B+1","Zap+1","Dualcast+1","Melter+1","Turbo+1","Sunder+1","Defragment+1","Core Surge+1","Multi-Cast+1","Ball Lightning+1","Hologram+1","White Noise+1","Seek+1","Fusion+1","Skim+1","Chill+1","Glacier+1","Conserve Battery+1","Cold Snap+1","Ghostly+1","Ghostly+1","Ghostly+1","Heatsinks+1","Chaos+1","Echo Form+1","Blizzard+1","Coolheaded+1","Biased Cognition+1","Glacier+1","Glacier+1","Fusion+1","Tempest+1","Hologram+1","Capacitor+1","Compile Driver","Recycle"],"special_seed":0,"relics":["Cracked Core","NeowsBlessing","PreservedInsect","Regal Pillow","Orrery","Bag of Preparation","Mummified Hand","Nuclear Battery","Mark of the Bloom","Meat on the Bone","Oddly Smooth Stone","Gremlin Horn","Prayer Wheel","Sundial"],"potions_floor_usage":[56,56],"damage_taken":[{"damage":0.0,"enemies":"Jaw Worm","floor":1.0,"turns":1.0},{"damage":0.0,"enemies":"Small Slimes","floor":2.0,"turns":1.0},{"damage":0.0,"enemies":"Cultist","floor":3.0,"turns":1.0},{"damage":10.0,"enemies":"Large Slime","floor":5.0,"turns":5.0},{"damage":10.0,"enemies":"3 Louse","floor":7.0,"turns":3.0},{"damage":25.0,"enemies":"Lagavulin","floor":11.0,"turns":5.0},{"damage":1.0,"enemies":"2 Fungi Beasts","floor":12.0,"turns":3.0},{"damage":0.0,"enemies":"Gremlin Nob","floor":14.0,"turns":2.0},{"damage":0.0,"enemies":"Slime Boss","floor":16.0,"turns":3.0},{"damage":16.0,"enemies":"2 Thieves","floor":18.0,"turns":4.0},{"damage":0.0,"enemies":"Chosen","floor":21.0,"turns":4.0},{"damage":7.0,"enemies":"Snake Plant","floor":22.0,"turns":7.0},{"damage":1.0,"enemies":"Centurion and Healer","floor":25.0,"turns":6.0},{"damage":0.0,"enemies":"Snecko","floor":28.0,"turns":7.0},{"damage":2.0,"enemies":"Snake Plant","floor":31.0,"turns":3.0},{"damage":5.0,"enemies":"Champ","floor":33.0,"turns":11.0},{"damage":0.0,"enemies":"Orb Walker","floor":35.0,"turns":3.0},{"damage":20.0,"enemies":"3 Darklings","floor":36.0,"turns":6.0},{"damage":0.0,"enemies":"Nemesis","floor":40.0,"turns":5.0},{"damage":0.0,"enemies":"Maw","floor":42.0,"turns":6.0},{"damage":0.0,"enemies":"Giant Head","floor":45.0,"turns":4.0},{"damage":0.0,"enemies":"Transient","floor":46.0,"turns":6.0},{"damage":0.0,"enemies":"2 Orb Walkers","floor":48.0,"turns":3.0},{"damage":0.0,"enemies":"Donu and Deca","floor":50.0,"turns":7.0},{"damage":3.0,"enemies":"Time Eater","floor":51.0,"turns":12.0},{"damage":0.0,"enemies":"Shield and Spear","floor":55.0,"turns":5.0},{"damage":7,"enemies":"The Heart","floor":56,"turns":13}],"seed_played":"8453871634618223913","potions_obtained":[{"floor":1.0,"key":"AttackPotion"},{"floor":2.0,"key":"PowerPotion"},{"floor":14.0,"key":"Energy Potion"},{"floor":18.0,"key":"SkillPotion"},{"floor":31.0,"key":"GamblersBrew"},{"floor":35.0,"key":"Ancient Potion"},{"floor":46.0,"key":"LiquidBronze"},{"floor":55.0,"key":"FocusPotion"}],"is_trial":false,"path_per_floor":["M","M","M","?","M","R","M","R","T","$","E","M","R","E","R","B",null,"M","?","?","M","M","R","$","M","T","R","M","$","R","M","R","B",null,"M","M","?","?","?","E","R","M","T","R","E","M","$","?","R","B","B",null,"R","$","E","B",null],"character_chosen":"DEFECT","items_purchased":["Multi-Cast","Capacitor","Compile Driver","PowerPotion"],"campfire_rested":0,"item_purchase_floors":[10,47,47,47],"current_hp_per_floor":[64,64,64,53,43,43,33,33,33,33,8,7,7,7,7,7,55,39,39,35,35,28,28,28,27,27,27,27,27,27,25,25,20,31,31,11,11,11,11,11,11,11,11,11,11,11,11,11,11,11,8,8,8,8,8,1],"gold":89,"neow_bonus":"THREE_ENEMY_KILL","is_prod":false,"is_daily":false,"chose_seed":false,"campfire_upgraded":11,"win_rate":0,"timestamp":1555941556,"path_taken":["M","M","M","?","M","R","M","R","T","$","E","M","R","E","R","BOSS","M","?","?","M","M","R","$","?","T","R","M","?","R","M","R","BOSS","M","M","?","?","?","E","R","M","T","R","E","M","$","?","R","BOSS","BOSS","R","$","E","BOSS"],"build_version":"2019-01-23","purchased_purges":3,"victory":true,"max_hp_per_floor":[71,71,71,71,71,71,71,71,71,71,71,71,71,71,71,71,71,71,71,35,35,35,35,35,35,35,35,35,35,35,35,35,35,35,35,35,33,33,33,33,33,33,33,33,33,33,33,33,33,33,33,33,33,33,33,33],"card_choices":[{"not_picked":["Chill","Compile Driver"],"picked":"Melter","floor":1.0},{"not_picked":["Streamline","Compile Driver"],"picked":"Turbo","floor":2.0},{"not_picked":["Cold Snap","Barrage"],"picked":"Sunder","floor":3.0},{"not_picked":["Sweeping Beam","Go for the Eyes"],"picked":"Defragment","floor":5.0},{"not_picked":["Rebound","Beam Cell"],"picked":"Core Surge","floor":7.0},{"not_picked":["Force Field","Compile Driver"],"picked":"Ball Lightning","floor":11.0},{"not_picked":["Gash","Genetic Algorithm"],"picked":"Hologram","floor":12.0},{"not_picked":["Scrape","Fission"],"picked":"White Noise","floor":14.0},{"not_picked":["Machine Learning","Amplify"],"picked":"Seek","floor":16.0},{"not_picked":["Gash","Conserve Battery"],"picked":"Fusion","floor":17.0},{"not_picked":["Redo","Conserve Battery"],"picked":"Skim","floor":17.0},{"not_picked":["Turbo","Go for the Eyes"],"picked":"Chill","floor":17.0},{"not_picked":["Turbo","Redo"],"picked":"Glacier","floor":17.0},{"not_picked":["Sunder","Leap"],"picked":"Conserve Battery","floor":17.0},{"not_picked":["Leap","Conserve Battery+1"],"picked":"Cold Snap","floor":18.0},{"not_picked":["Barrage+1","Sweeping Beam+1"],"picked":"Heatsinks","floor":21.0},{"not_picked":["Conserve Battery","Go for the Eyes"],"picked":"Chaos","floor":22.0},{"not_picked":["Gash+1","Redo"],"picked":"Echo Form","floor":25.0},{"not_picked":["Aggregate","Gash"],"picked":"Blizzard","floor":28.0},{"not_picked":["Go for the Eyes","Hologram"],"picked":"Coolheaded","floor":31.0},{"not_picked":["Buffer","Thunder Strike"],"picked":"Biased Cognition","floor":33.0},{"not_picked":["Rebound","Storm"],"picked":"Glacier+1","floor":35.0},{"not_picked":["Streamline","Leap"],"picked":"Glacier","floor":36.0},{"not_picked":["Consume","Storm+1"],"picked":"Fusion+1","floor":40.0},{"not_picked":["Stack","Coolheaded"],"picked":"Tempest","floor":42.0},{"not_picked":["Auto Shields","Redo"],"picked":"Hologram","floor":45.0},{"not_picked":["Conserve Battery","Barrage","Gash"],"picked":"SKIP","floor":46.0},{"not_picked":["Sunder","Auto Shields"],"picked":"Recycle","floor":55.0}],"player_experience":1445202,"relics_obtained":[{"floor":11.0,"key":"PreservedInsect"},{"floor":14.0,"key":"Regal Pillow"},{"floor":26.0,"key":"Mummified Hand"},{"floor":40.0,"key":"Meat on the Bone"},{"floor":43.0,"key":"Oddly Smooth Stone"},{"floor":45.0,"key":"Gremlin Horn"},{"floor":48.0,"key":"Prayer Wheel"},{"floor":55.0,"key":"Sundial"}],"event_choices":[{"damage_healed":0.0,"max_hp_gain":0.0,"max_hp_loss":0.0,"gold_gain":75.0,"event_name":"World of Goop","player_choice":"Gather Gold","floor":4.0,"gold_loss":0.0,"damage_taken":11.0},{"damage_healed":0.0,"max_hp_gain":0.0,"max_hp_loss":0.0,"gold_gain":0.0,"event_name":"Addict","player_choice":"Obtained Relic","floor":19.0,"gold_loss":85.0,"damage_taken":0.0,"relics_obtained":["Bag of Preparation"]},{"damage_healed":0.0,"max_hp_gain":0.0,"max_hp_loss":36.0,"gold_gain":0.0,"event_name":"Ghosts","player_choice":"Became a Ghost","floor":20.0,"gold_loss":0.0,"damage_taken":0.0,"cards_obtained":["Ghostly","Ghostly","Ghostly"]},{"damage_healed":0.0,"max_hp_gain":0.0,"max_hp_loss":2.0,"gold_gain":0.0,"event_name":"Winding Halls","player_choice":"Max HP","floor":37.0,"gold_loss":0.0,"damage_taken":0.0},{"damage_healed":0.0,"max_hp_gain":0.0,"max_hp_loss":0.0,"gold_gain":0.0,"event_name":"Tomb of Lord Red Mask","player_choice":"Ignored","floor":38.0,"gold_loss":0.0,"damage_taken":0.0},{"damage_healed":0.0,"max_hp_gain":0.0,"max_hp_loss":0.0,"gold_gain":0.0,"event_name":"MindBloom","player_choice":"Upgrade","floor":39.0,"gold_loss":0.0,"damage_taken":0.0,"cards_upgraded":["Strike_B","Strike_B","Defend_B","Defend_B","Defend_B","Defend_B","Dualcast","Melter","Core Surge","Multi-Cast","Ball Lightning","Hologram","White Noise","Seek","Skim","Chill","Glacier","Conserve Battery","Cold Snap","Ghostly","Ghostly","Ghostly","Echo Form","Blizzard","Biased Cognition","Glacier"],"relics_obtained":["Mark of the Bloom"]},{"damage_healed":0.0,"max_hp_gain":0.0,"max_hp_loss":0.0,"gold_gain":0.0,"event_name":"Mysterious Sphere","player_choice":"Fight","floor":48.0,"gold_loss":0.0,"damage_taken":0.0}],"is_beta":false,"boss_relics":[{"not_picked":["Coffee Dripper","Calling Bell"],"picked":"Orrery"},{"not_picked":["FrozenCore","Empty Cage"],"picked":"Nuclear Battery"}],"items_purged_floors":[10,24,47],"is_endless":false,"potions_floor_spawned":[1,2,14,18,31,35,36,42,46,55],"ascension_level":20}