{"gold_per_floor":[112,112,287,387,399,399,418,418,418,343,343,90,116,138,150,261,273,305,317,44,44],"floor_reached":21,"playtime":562,"items_purged":["Doubt","Strike_B","Strike_B"],"score":167,"play_id":"532160e4-2248-4228-b2ee-61130a693152","local_time":"20180826155655","is_ascension_mode":false,"campfire_choices":[{"data":"Coolheaded","floor":6,"key":"SMITH"},{"data":"Zap","floor":8,"key":"SMITH"},{"floor":11,"key":"REST"},{"data":"Lockon","floor":15,"key":"SMITH"}],"neow_cost":"","seed_source_timestamp":582813273033659,"circlet_count":0,"master_deck":["Strike_B","Defend_B","Defend_B","Defend_B","Defend_B","Zap+1","Dualcast","Coolheaded+1","Lockon+1","Meteor Strike","Compile Driver","Meteor Strike"],"relics":["Cracked Core","Dead Branch","MawBank","Philosopher\u0027s Stone","The Courier","Dream Catcher"],"potions_floor_usage":[16,18],"damage_taken":[{"damage":7,"enemies":"2 Louse","floor":1,"turns":2},{"damage":3,"enemies":"Jaw Worm","floor":5,"turns":3},{"damage":2,"enemies":"Cultist","floor":7,"turns":4},{"damage":0,"enemies":"Large Slime","floor":13,"turns":4},{"damage":8,"enemies":"3 Louse","floor":14,"turns":3},{"damage":60,"enemies":"Hexaghost","floor":16,"turns":13},{"damage":29,"enemies":"Spheric Guardian","floor":18,"turns":6},{"damage":46,"enemies":"3 Byrds","floor":21,"turns":2}],"seed_played":"548841724864342269","potions_obtained":[{"floor":7,"key":"EssenceOfSteel"},{"floor":14,"key":"Ancient Potion"}],"is_trial":false,"path_per_floor":["M","?","?","?","M","R","M","R","T","$","R","$","M","M","R","B",null,"M","T","$"],"character_chosen":"DEFECT","items_purchased":["MawBank","Meteor Strike","Dream Catcher"],"campfire_rested":1,"item_purchase_floors":[12,20,20],"current_hp_per_floor":[68,61,61,61,58,58,56,56,56,56,75,75,75,67,67,7,75,46,46,46,0],"gold":44,"neow_bonus":"","is_prod":false,"is_daily":false,"chose_seed":false,"campfire_upgraded":3,"win_rate":0,"timestamp":1535270215,"path_taken":["M","?","?","?","M","R","M","R","T","$","R","$","M","?","R","BOSS","M","?","?","?"],"build_version":"2018-08-23v2","purchased_purges":3,"victory":false,"max_hp_per_floor":[75,75,75,75,75,75,75,75,75,75,75,75,75,75,75,75,75,75,75,75,75],"card_choices":[{"not_picked":["Rebound","Redo","Gash"],"picked":"SKIP","floor":1},{"not_picked":["Turbo","Chaos"],"picked":"Coolheaded","floor":5},{"not_picked":["BootSequence","Stack","Reprogram"],"picked":"SKIP","floor":7},{"not_picked":["Undo","Heatsinks","Loop"],"picked":"SKIP","floor":13},{"not_picked":["Static Discharge","Doom and Gloom"],"picked":"Lockon","floor":14},{"not_picked":["Fission","Buffer"],"picked":"Meteor Strike","floor":16},{"not_picked":["Reinforced Body","Sweeping Beam"],"picked":"Compile Driver","floor":18}],"player_experience":362777,"relics_obtained":[{"floor":9,"key":"Dead Branch"},{"floor":19,"key":"The Courier"}],"event_choices":[{"event_name":"Golden Wing","player_choice":"Card Removal","floor":2,"damage_taken":0},{"event_name":"Liars Game","player_choice":"agreed","floor":3,"damage_taken":0},{"event_name":"Golden Shrine","player_choice":"Pray","floor":4,"damage_taken":0}],"is_beta":false,"boss_relics":[{"not_picked":["Cursed Key","Busted Crown"],"picked":"Philosopher\u0027s Stone"}],"items_purged_floors":[10,12,20],"is_endless":false,"potions_floor_spawned":[7,14],"killed_by":"3 Byrds","ascension_level":0}