{"gold_per_floor":[112,126,144,144,8,8,35,35,35,35,49,49,65,82,82,82],"floor_reached":16,"playtime":532,"items_purged":[],"score":189,"play_id":"cc695eb2-0a46-42bd-b637-740d19a433d0","local_time":"20181107134302","is_ascension_mode":true,"campfire_choices":[{"data":"Loop","floor":6,"key":"SMITH"},{"data":"Sunder","floor":8,"key":"SMITH"},{"floor":10,"key":"REST"},{"data":"Zap","floor":15,"key":"SMITH"}],"neow_cost":"NONE","seed_source_timestamp":197179440588390,"circlet_count":0,"master_deck":["AscendersBane","Strike_B","Strike_B","Strike_B","Strike_B","Defend_B","Defend_B","Defend_B","Defend_B","Zap","Dualcast","Steam","Beam Cell","Loop+1","Genetic Algorithm","Zap+1","Chill","Good Instincts","Sunder+1","BootSequence","Self Repair"],"relics":["Cracked Core","NeowsBlessing","Incense Burner","Gambling Chip"],"potions_floor_usage":[7,16,16],"damage_taken":[{"damage":0,"enemies":"Cultist","floor":1,"turns":1},{"damage":0,"enemies":"Small Slimes","floor":2,"turns":1},{"damage":0,"enemies":"2 Louse","floor":3,"turns":1},{"damage":45,"enemies":"Gremlin Nob","floor":7,"turns":5},{"damage":8,"enemies":"Blue Slaver","floor":11,"turns":4},{"damage":0,"enemies":"Lots of Slimes","floor":13,"turns":5},{"damage":1,"enemies":"Exordium Thugs","floor":14,"turns":4},{"damage":42,"enemies":"Hexaghost","floor":16,"turns":9}],"seed_played":"8997026338185072859","potions_obtained":[{"floor":3,"key":"Swift Potion"},{"floor":7,"key":"FearPotion"},{"floor":11,"key":"EssenceOfSteel"}],"is_trial":false,"path_per_floor":["M","M","M","?","$","R","E","R","T","R","M","$","M","M","R","B"],"character_chosen":"DEFECT","items_purchased":["Chill","Good Instincts"],"campfire_rested":1,"item_purchase_floors":[5,5],"current_hp_per_floor":[64,64,64,64,64,64,19,19,19,40,32,32,32,38,38,0],"gold":82,"neow_bonus":"THREE_ENEMY_KILL","is_prod":false,"is_daily":false,"chose_seed":false,"campfire_upgraded":3,"win_rate":0,"timestamp":1541616182,"path_taken":["M","?","M","?","$","R","E","R","T","R","?","?","M","M","R","BOSS"],"build_version":"2018-11-01","purchased_purges":0,"victory":false,"max_hp_per_floor":[71,71,71,71,71,71,71,71,71,71,71,71,71,71,71,71],"card_choices":[{"not_picked":["Cold Snap","Self Repair"],"picked":"Steam","floor":1},{"not_picked":["Static Discharge","Streamline"],"picked":"Beam Cell","floor":2},{"not_picked":["Gash","Tempest"],"picked":"Loop","floor":3},{"not_picked":["Genetic Algorithm","Rip and Tear"],"picked":"Sunder","floor":7},{"not_picked":["Steam Power","Heatsinks"],"picked":"BootSequence","floor":11},{"not_picked":["Redo","Streamline"],"picked":"Self Repair","floor":13},{"not_picked":["Redo","Rip and Tear","Rebound"],"picked":"SKIP","floor":14}],"player_experience":696236,"relics_obtained":[{"floor":7,"key":"Incense Burner"},{"floor":9,"key":"Gambling Chip"}],"event_choices":[{"damage_healed":0,"gold_gain":0,"player_choice":"2 cards matched","damage_taken":0,"max_hp_gain":0,"max_hp_loss":0,"event_name":"Match and Keep!","floor":4,"gold_loss":0,"cards_obtained":["Genetic Algorithm","Zap"]}],"is_beta":false,"boss_relics":[],"items_purged_floors":[],"is_endless":false,"potions_floor_spawned":[3,7,11,13],"killed_by":"Hexaghost","ascension_level":17}