{"gold_per_floor":[114,189,199,199,213,213,237,237,309,361,385,385,560,594,594,715,715,715,715,715,715,177,177,77,77,77,77,77,77,77,77,77,77],"floor_reached":33,"playtime":1252,"items_purged":["Doubt","Strike_B"],"score":316,"play_id":"96cc82a4-f0d6-4b91-bcc6-f763227eaec3","local_time":"20180710173518","is_ascension_mode":true,"campfire_choices":[{"floor":6.0,"key":"REST"},{"data":"Dualcast","floor":8.0,"key":"SMITH"},{"floor":12,"key":"REST"},{"floor":15,"key":"REST"},{"floor":23,"key":"DIG"},{"data":"Hologram","floor":25,"key":"SMITH"},{"floor":28,"key":"REST"},{"floor":32,"key":"REST"}],"neow_cost":"NONE","seed_source_timestamp":0,"circlet_count":0,"master_deck":["Strike_B","Strike_B","Strike_B","Defend_B","Defend_B","Defend_B","Defend_B","Zap","Dualcast+1","Hologram+1","Tempest","Beam Cell","Seek","Leap","Thunder Strike","Static Discharge+1","Defragment+1"],"special_seed":0,"relics":["Sozu","Golden Idol","Mercury Hourglass","Ancient Tea Set","DataDisk","Ectoplasm","Shovel","Pen Nib","Bottled Flame","Toxic Egg 2"],"potions_floor_usage":[33],"damage_taken":[{"damage":2.0,"enemies":"Jaw Worm","floor":1.0,"turns":3.0},{"damage":7.0,"enemies":"Small Slimes","floor":3.0,"turns":4.0},{"damage":6.0,"enemies":"Cultist","floor":5.0,"turns":4.0},{"damage":20.0,"enemies":"Gremlin Gang","floor":7.0,"turns":4.0},{"damage":0.0,"enemies":"Exordium Wildlife","floor":11.0,"turns":2.0},{"damage":22,"enemies":"3 Sentries","floor":14,"turns":4},{"damage":27,"enemies":"The Guardian","floor":16,"turns":11},{"damage":24,"enemies":"Shell Parasite","floor":18,"turns":4},{"damage":11,"enemies":"Spheric Guardian","floor":27,"turns":3},{"damage":0,"enemies":"Snake Plant","floor":30,"turns":2},{"damage":17,"enemies":"Snecko","floor":31,"turns":4},{"damage":58,"enemies":"Collector","floor":33,"turns":3}],"seed_played":"3844191581148812249","potions_obtained":[],"is_trial":false,"path_per_floor":["M","?","M","?","M","R","M","R","T","T","M","R","?","E","R","B",null,"M","?","?","?","$","R","$","R","T","M","R","$","M","M","R"],"character_chosen":"DEFECT","items_purchased":["Shovel","Pen Nib"],"campfire_rested":5,"item_purchase_floors":[22,22],"current_hp_per_floor":[66,55,48,30,24,46,26,26,26,26,26,48,48,26,48,21,62,38,38,24,24,24,24,24,24,24,13,35,35,35,18,40,0],"gold":77,"neow_bonus":"BOSS_RELIC","is_prod":false,"is_daily":false,"chose_seed":false,"campfire_upgraded":2,"win_rate":0,"timestamp":1531215318,"path_taken":["M","?","?","?","?","R","M","R","T","?","M","R","?","E","R","BOSS","M","?","?","?","$","R","$","R","T","M","R","?","?","M","R","BOSS"],"build_version":"2018-07-05","purchased_purges":2,"victory":false,"max_hp_per_floor":[75,75,75,75,75,75,75,75,75,75,75,75,75,75,75,75,75,75,75,75,75,75,75,75,75,75,75,75,75,75,75,75,75],"card_choices":[{"not_picked":["Conserve Battery","Barrage"],"picked":"Hologram","floor":1.0},{"not_picked":["Coolheaded","Redo"],"picked":"Tempest","floor":3.0},{"not_picked":["Gash","Go for the Eyes"],"picked":"Beam Cell","floor":5.0},{"not_picked":["Steam Power","Hologram","Machine Learning"],"picked":"SKIP","floor":7.0},{"not_picked":["Conserve Battery","Streamline"],"picked":"Seek","floor":11},{"not_picked":["Rebound","Cold Snap"],"picked":"Leap","floor":14},{"not_picked":["Core Surge","Reboot"],"picked":"Thunder Strike","floor":16},{"not_picked":["Rip and Tear","Streamline","Stack"],"picked":"SKIP","floor":18},{"not_picked":["Stack+1","Hologram+1"],"picked":"Static Discharge+1","floor":27},{"not_picked":["Streamline","Conserve Battery+1"],"picked":"Defragment+1","floor":30},{"not_picked":["Stack+1","Steam Power+1","Streamline"],"picked":"SKIP","floor":31}],"player_experience":283774,"relics_obtained":[{"floor":9.0,"key":"Mercury Hourglass"},{"floor":10.0,"key":"Ancient Tea Set"},{"floor":14,"key":"DataDisk"},{"floor":23,"key":"Bottled Flame"},{"floor":26,"key":"Toxic Egg 2"}],"event_choices":[{"event_name":"World of Goop","player_choice":"Gather Gold","floor":2.0,"damage_taken":0.0},{"event_name":"Golden Idol","player_choice":"Take Damage","floor":4.0,"damage_taken":0.0},{"event_name":"Liars Game","player_choice":"agreed","floor":13,"damage_taken":0},{"event_name":"Ghosts","player_choice":"Ignored","floor":19,"damage_taken":0},{"event_name":"Knowing Skull","player_choice":"POTION ","floor":20,"damage_taken":0},{"event_name":"The Lab","player_choice":"Got Potions","floor":21,"damage_taken":0}],"boss_relics":[{"not_picked":["Black Star","Runic Dome"],"picked":"Ectoplasm"}],"items_purged_floors":[22,24],"is_endless":false,"potions_floor_spawned":[1,5,16,27],"killed_by":"Collector","ascension_level":6}