{"gold_per_floor":[111,128,128,203,89,115,115,147,147,172,201,213],"floor_reached":12,"playtime":258,"items_purged":[],"score":226,"play_id":"0142bb40-24b0-40d4-9e13-f347fd87e4ec","local_time":"20190310125007","is_ascension_mode":true,"campfire_choices":[{"data":"Defragment","floor":7,"key":"SMITH"}],"neow_cost":"NONE","seed_source_timestamp":756832323702077,"circlet_count":0,"master_deck":["AscendersBane","Strike_B","Strike_B","Strike_B","Strike_B","Defend_B","Defend_B","Defend_B","Defend_B","Zap","Dualcast","Hologram","Steam","Defragment+1","Ball Lightning","Turbo","Darkness","Core Surge","Barrage"],"relics":["Cracked Core","NeowsBlessing","Shuriken","Happy Flower","MawBank"],"potions_floor_usage":[8],"damage_taken":[{"damage":0,"enemies":"Jaw Worm","floor":1,"turns":1},{"damage":0,"enemies":"Small Slimes","floor":2,"turns":1},{"damage":0,"enemies":"Lagavulin","floor":6,"turns":1},{"damage":32,"enemies":"Gremlin Nob","floor":8,"turns":4},{"damage":4,"enemies":"2 Louse","floor":10,"turns":3},{"damage":1,"enemies":"Looter","floor":11,"turns":3},{"damage":40,"enemies":"Lagavulin","floor":12,"turns":4}],"seed_played":"1430853092476572690","potions_obtained":[{"floor":2,"key":"Fruit Juice"}],"is_trial":false,"path_per_floor":["M","M","?","?","$","E","R","E","T","M","M","E"],"character_chosen":"DEFECT","items_purchased":["Defragment","Ball Lightning"],"campfire_rested":0,"item_purchase_floors":[5,5],"current_hp_per_floor":[64,64,64,53,53,53,53,26,26,22,21,0],"gold":213,"neow_bonus":"THREE_ENEMY_KILL","is_prod":false,"is_daily":false,"chose_seed":false,"campfire_upgraded":1,"win_rate":0,"timestamp":1552236607,"path_taken":["M","M","?","?","$","E","R","E","T","M","M","E"],"build_version":"2019-01-23","purchased_purges":0,"victory":false,"max_hp_per_floor":[71,71,71,71,71,71,71,76,76,76,76,76],"card_choices":[{"not_picked":["Turbo","Double Energy"],"picked":"Hologram","floor":1},{"not_picked":["Rebound","Streamline"],"picked":"Steam","floor":2},{"not_picked":["Conserve Battery","Skim"],"picked":"Turbo","floor":6},{"not_picked":["Reinforced Body","Lockon"],"picked":"Darkness","floor":8},{"not_picked":["Sweeping Beam","Go for the Eyes"],"picked":"Core Surge","floor":10},{"not_picked":["Stack","Redo"],"picked":"Barrage","floor":11}],"player_experience":866197,"relics_obtained":[{"floor":6,"key":"Shuriken"},{"floor":8,"key":"Happy Flower"},{"floor":9,"key":"MawBank"}],"event_choices":[{"damage_healed":0,"gold_gain":0,"player_choice":"Fled","damage_taken":0,"max_hp_gain":0,"max_hp_loss":0,"event_name":"Scrap Ooze","floor":3,"gold_loss":0},{"damage_healed":0,"gold_gain":75,"player_choice":"Gather Gold","damage_taken":11,"max_hp_gain":0,"max_hp_loss":0,"event_name":"World of Goop","floor":4,"gold_loss":0}],"is_beta":false,"boss_relics":[],"items_purged_floors":[],"is_endless":false,"potions_floor_spawned":[2],"killed_by":"Lagavulin","ascension_level":20}