{"gold_per_floor":[110,75,21,21,39,39,65,65,65,76,90,110,110,125,125,199,199,218,43,43,43,54,81,99,99,99,99,110,130,130],"floor_reached":30,"playtime":827,"items_purged":[],"score":526,"play_id":"cb3857f6-c613-466e-bb33-675c9218c6e5","local_time":"20181109153600","is_ascension_mode":true,"campfire_choices":[{"data":"Hologram","floor":6,"key":"SMITH"},{"data":"Cold Snap","floor":8,"key":"SMITH"},{"data":"Fission","floor":13,"key":"SMITH"},{"data":"Hologram","floor":15,"key":"SMITH"},{"floor":25,"key":"REST"},{"floor":27,"key":"REST"}],"neow_cost":"NONE","seed_source_timestamp":376462544146049,"circlet_count":0,"master_deck":["AscendersBane","Strike_B","Strike_B","Strike_B","Defend_B","Defend_B","Defend_B","Defend_B","Zap","Dualcast","Streamline+1","Cold Snap+1","Hologram+1","Biased Cognition","Ball Lightning+1","Beam Cell+1","Fission+1","Hologram+1","Echo Form","Turbo","Thunder Strike+1","Rebound+1","Machine Learning","Static Discharge+1","BootSequence"],"relics":["Cracked Core","NeowsBlessing","Molten Egg 2","Dead Branch","Sozu","Bottled Tornado","Cables"],"potions_floor_usage":[18,23],"damage_taken":[{"damage":0,"enemies":"2 Louse","floor":1,"turns":1},{"damage":0,"enemies":"Jaw Worm","floor":5,"turns":1},{"damage":0,"enemies":"Gremlin Nob","floor":7,"turns":1},{"damage":0,"enemies":"Cultist","floor":10,"turns":3},{"damage":14,"enemies":"Exordium Thugs","floor":11,"turns":3},{"damage":9,"enemies":"Red Slaver","floor":12,"turns":3},{"damage":11,"enemies":"Looter","floor":14,"turns":2},{"damage":13,"enemies":"The Guardian","floor":16,"turns":6},{"damage":3,"enemies":"Shell Parasite","floor":18,"turns":4},{"damage":0,"enemies":"Spheric Guardian","floor":22,"turns":3},{"damage":43,"enemies":"Slavers","floor":23,"turns":4},{"damage":8,"enemies":"3 Cultists","floor":24,"turns":4},{"damage":17,"enemies":"Snecko","floor":28,"turns":3},{"damage":20,"enemies":"Chosen and Byrds","floor":29,"turns":4},{"damage":10,"enemies":"Centurion and Healer","floor":30,"turns":2}],"seed_played":"3555171142423215503","potions_obtained":[{"floor":7,"key":"SpeedPotion"},{"floor":14,"key":"Fire Potion"}],"is_trial":false,"path_per_floor":["M","?","$","?","M","R","E","R","T","M","M","M","R","M","R","B",null,"M","$","?","$","M","E","M","R","T","R","M","M","M"],"character_chosen":"DEFECT","items_purchased":["Cold Snap","Thunder Strike+1"],"campfire_rested":2,"item_purchase_floors":[3,19],"current_hp_per_floor":[64,71,71,71,71,71,71,71,71,71,57,48,48,37,37,24,59,56,56,56,56,56,13,5,26,26,47,30,10,0],"gold":130,"neow_bonus":"THREE_ENEMY_KILL","is_prod":false,"is_daily":false,"chose_seed":false,"campfire_upgraded":4,"win_rate":0,"timestamp":1541795760,"path_taken":["M","?","$","?","?","R","E","R","T","M","M","M","R","M","R","BOSS","M","$","?","$","M","E","M","R","T","R","M","?","M"],"build_version":"2018-11-08","purchased_purges":0,"victory":false,"max_hp_per_floor":[71,71,71,71,71,71,71,71,71,71,71,71,71,71,71,71,71,71,71,71,71,71,71,71,71,71,71,71,71,71],"card_choices":[{"not_picked":["Coolheaded","Stack"],"picked":"Streamline","floor":1},{"not_picked":["Heatsinks","Turbo"],"picked":"Hologram","floor":5},{"not_picked":["Hello World","Go for the Eyes"],"picked":"Biased Cognition","floor":7},{"not_picked":["Compile Driver+1","Conserve Battery"],"picked":"Ball Lightning+1","floor":10},{"not_picked":["Stack","Compile Driver+1"],"picked":"Beam Cell+1","floor":11},{"not_picked":["Redo","Stack"],"picked":"Fission","floor":12},{"not_picked":["Gash+1","Steam"],"picked":"Hologram","floor":14},{"not_picked":["Rainbow","Core Surge+1"],"picked":"Echo Form","floor":16},{"not_picked":["Coolheaded","Steam Power"],"picked":"Turbo","floor":18},{"not_picked":["Streamline+1","Beam Cell+1"],"picked":"Rebound+1","floor":22},{"not_picked":["Stack","Cold Snap+1"],"picked":"Machine Learning","floor":23},{"not_picked":["Sweeping Beam+1","Recycle"],"picked":"Static Discharge+1","floor":24},{"not_picked":["Go for the Eyes+1","Melter+1"],"picked":"BootSequence","floor":28},{"not_picked":["Hello World","Beam Cell+1","Redo"],"picked":"SKIP","floor":29}],"player_experience":710347,"relics_obtained":[{"floor":7,"key":"Molten Egg 2"},{"floor":9,"key":"Dead Branch"},{"floor":23,"key":"Bottled Tornado"},{"floor":26,"key":"Cables"}],"event_choices":[{"damage_healed":17,"gold_gain":0,"player_choice":"Healed","damage_taken":0,"max_hp_gain":0,"max_hp_loss":0,"event_name":"The Cleric","floor":2,"gold_loss":35},{"damage_healed":0,"gold_gain":0,"player_choice":"Forge","damage_taken":0,"max_hp_gain":0,"max_hp_loss":0,"event_name":"Accursed Blacksmith","floor":4,"gold_loss":0,"cards_upgraded":["Streamline"]},{"cards_removed":["Strike_B"],"damage_healed":0,"gold_gain":0,"player_choice":"Purged","damage_taken":0,"max_hp_gain":0,"max_hp_loss":0,"event_name":"Purifier","floor":20,"gold_loss":0}],"is_beta":false,"boss_relics":[{"not_picked":["Ectoplasm","White Beast Statue"],"picked":"Sozu"}],"items_purged_floors":[],"is_endless":false,"potions_floor_spawned":[7,14,16,18,22,23],"killed_by":"Centurion and Healer","ascension_level":18}