{"gold_per_floor":[117,133,144,164,129,164,239,263,263,114,114,114,28,38,38,141,141,158,158,66,66,81,81,108,124,124,44,44],"floor_reached":28,"playtime":1904,"items_purged":[],"score":236,"play_id":"7e918664-c33b-4c96-9998-3809db011dae","local_time":"20190217124911","is_ascension_mode":false,"campfire_choices":[{"data":"Defragment","floor":11,"key":"SMITH"},{"floor":15,"key":"REST"},{"floor":23,"key":"REST"}],"neow_cost":"NONE","seed_source_timestamp":65745473236219,"circlet_count":0,"master_deck":["Strike_B","Strike_B","Strike_B","Strike_B","Defend_B","Defend_B","Defend_B","Defend_B","Zap","Dualcast","Consume","Ball Lightning","Rebound","White Noise","Glacier","Defragment+1","Conserve Battery","Sweeping Beam","Deep Breath","Genetic Algorithm","Thunder Strike","BootSequence","Good Instincts","Loop","Compile Driver","Ball Lightning+1","Static Discharge+1","White Noise","Loop"],"relics":["Inserter","Bag of Preparation","Ancient Tea Set","Bird Faced Urn","Anchor","Sozu","Darkstone Periapt","Centennial Puzzle","Letter Opener"],"potions_floor_usage":[16,16,28],"damage_taken":[{"damage":1,"enemies":"Cultist","floor":1,"turns":4},{"damage":15,"enemies":"2 Louse","floor":2,"turns":4},{"damage":11,"enemies":"Jaw Worm","floor":3,"turns":3},{"damage":11,"enemies":"2 Fungi Beasts","floor":4,"turns":4},{"damage":26,"enemies":"Lagavulin","floor":6,"turns":5},{"damage":3,"enemies":"Looter","floor":14,"turns":3},{"damage":10,"enemies":"Hexaghost","floor":16,"turns":10},{"damage":31,"enemies":"3 Byrds","floor":18,"turns":6},{"damage":14,"enemies":"Shell Parasite","floor":22,"turns":6},{"damage":60,"enemies":"Gremlin Leader","floor":24,"turns":7},{"damage":9,"enemies":"Centurion and Healer","floor":25,"turns":7},{"damage":18,"enemies":"Slavers","floor":28,"turns":4}],"seed_played":"1427409854134398565","potions_obtained":[{"floor":1,"key":"PowerPotion"},{"floor":3,"key":"SkillPotion"},{"floor":4,"key":"EssenceOfSteel"}],"is_trial":false,"path_per_floor":["M","M","M","M","?","E","?","T","T","$","R","?","$","M","R","B",null,"M","?","$","T","M","R","E","M","T","$","E"],"character_chosen":"DEFECT","items_purchased":["Defragment","Conserve Battery","Sweeping Beam","Deep Breath","Loop","Compile Driver","Loop"],"campfire_rested":2,"item_purchase_floors":[10,10,10,13,20,20,27],"current_hp_per_floor":[74,59,48,37,55,29,18,18,18,18,18,18,18,17,39,35,75,44,30,30,30,30,52,10,9,9,9,0],"gold":44,"neow_bonus":"BOSS_RELIC","is_prod":false,"is_daily":false,"chose_seed":false,"campfire_upgraded":1,"win_rate":0.0,"timestamp":1550429351,"path_taken":["M","M","M","M","?","E","?","?","T","$","R","?","?","M","R","BOSS","M","?","?","?","M","R","E","M","T","?","E"],"build_version":"2019-01-23","purchased_purges":0,"victory":false,"max_hp_per_floor":[75,75,75,75,75,75,75,75,75,75,75,75,75,75,75,75,75,75,75,75,75,75,75,75,75,75,75,75],"card_choices":[{"not_picked":["Undo","Lockon"],"picked":"Consume","floor":1},{"not_picked":["Beam Cell","Coolheaded"],"picked":"Ball Lightning","floor":2},{"not_picked":["Fusion","Coolheaded"],"picked":"Rebound","floor":3},{"not_picked":["Hello World","Cold Snap"],"picked":"White Noise","floor":4},{"not_picked":["Coolheaded","Stack"],"picked":"Glacier","floor":6},{"not_picked":["Fission","White Noise"],"picked":"Genetic Algorithm","floor":14},{"not_picked":["Fission","Reboot"],"picked":"Thunder Strike","floor":16},{"not_picked":["Defragment","Blizzard+1"],"picked":"BootSequence","floor":18},{"not_picked":["Genetic Algorithm","Sweeping Beam"],"picked":"Ball Lightning+1","floor":22},{"not_picked":["FTL","Biased Cognition"],"picked":"Static Discharge+1","floor":24},{"not_picked":["Cold Snap","Consume"],"picked":"White Noise","floor":25}],"player_experience":9674,"relics_obtained":[{"floor":6,"key":"Bag of Preparation"},{"floor":8,"key":"Ancient Tea Set"},{"floor":9,"key":"Bird Faced Urn"},{"floor":21,"key":"Darkstone Periapt"},{"floor":24,"key":"Centennial Puzzle"},{"floor":26,"key":"Letter Opener"}],"event_choices":[{"damage_healed":18,"gold_gain":0,"player_choice":"Healed","damage_taken":0,"max_hp_gain":0,"max_hp_loss":0,"event_name":"The Cleric","floor":5,"gold_loss":35},{"damage_healed":0,"gold_gain":75,"player_choice":"Gather Gold","damage_taken":11,"max_hp_gain":0,"max_hp_loss":0,"event_name":"World of Goop","floor":7,"gold_loss":0},{"damage_healed":0,"gold_gain":0,"player_choice":"Searched \u00272\u0027 times","damage_taken":0,"relics_obtained":["Anchor"],"max_hp_gain":0,"max_hp_loss":0,"event_name":"Dead Adventurer","floor":12,"gold_loss":0},{"damage_healed":0,"gold_gain":0,"player_choice":"CARD ","damage_taken":14,"max_hp_gain":0,"max_hp_loss":0,"event_name":"Knowing Skull","floor":19,"potions_obtained":[],"gold_loss":0,"cards_obtained":["Good Instincts"]}],"is_beta":false,"boss_relics":[{"not_picked":["Runic Dome","Lizard Tail"],"picked":"Sozu"}],"items_purged_floors":[],"is_endless":false,"potions_floor_spawned":[1,3,4,14,22,25],"killed_by":"Slavers","ascension_level":0}