{"path_per_floor":["M","?","M","$","M","R","E","M","T","R","$","E","R","E","R","B",null,"M","M","$","?","M","R","M","E","T","?","T","M"],"character_chosen":"DEFECT","items_purchased":["Core Surge","Coolheaded","Gash"],"gold_per_floor":[119,294,307,89,108,108,141,161,161,161,12,41,41,74,74,175,175,188,199,24,24,40,40,54,54,77,27,53,67,67],"floor_reached":30,"campfire_rested":0,"playtime":1016,"item_purchase_floors":[4,11,20],"current_hp_per_floor":[69,69,69,69,69,69,38,38,38,38,38,40,40,38,38,20,75,71,70,70,54,46,46,13,13,13,13,13,10,0],"items_purged":["Doubt","Strike_B","Strike_B"],"gold":67,"score":308,"play_id":"d52ec7a4-67fb-4741-9d6c-065cece5f4f3","local_time":"20180603135817","is_prod":false,"is_daily":false,"chose_seed":false,"is_ascension_mode":true,"campfire_upgraded":4,"win_rate":0,"timestamp":1528005497,"campfire_choices":[{"data":"Gash","floor":6,"key":"SMITH"},{"data":"Rainbow","floor":10,"key":"SMITH"},{"floor":13,"key":"DIG"},{"data":"Dualcast","floor":15,"key":"SMITH"},{"data":"Scrape","floor":23,"key":"SMITH"}],"path_taken":["M","?","?","$","M","R","E","M","T","R","$","E","R","E","R","BOSS","M","M","$","?","?","R","M","E","T","?","?","?","?"],"build_version":"2018-05-31","seed_source_timestamp":538404190910769,"purchased_purges":3,"victory":false,"master_deck":["Strike_B","Strike_B","Defend_B","Defend_B","Defend_B","Defend_B","Zap","Dualcast+1","Gash+1","Rip and Tear","Core Surge","Rebound","Rainbow+1","Self Repair","Coolheaded","Scrape+1","Creative AI","Heatsinks+1","Gash","Necronomicurse","Gash","Compile Driver+1"],"max_hp_per_floor":[75,75,75,75,75,75,75,75,75,75,75,75,75,75,75,75,75,75,75,75,75,75,75,75,75,75,75,75,75,75],"relics":["Cracked Core","Lantern","Mummified Hand","Shovel","Vajra","Dead Branch","White Beast Statue","Necronomicon","Art of War","Orichalcum"],"card_choices":[{"not_picked":["Capacitor","Redo"],"picked":"Gash","floor":1},{"not_picked":["Fusion","Rebound"],"picked":"Rip and Tear","floor":3},{"not_picked":["Cold Snap","Melter"],"picked":"Rebound","floor":5},{"not_picked":["Glacier","Self Repair"],"picked":"Rainbow","floor":7},{"not_picked":["Heatsinks","Conserve Battery"],"picked":"Self Repair","floor":8},{"not_picked":["Cold Snap","BootSequence"],"picked":"Scrape","floor":12},{"not_picked":["Barrage","Turbo","Sunder"],"picked":"SKIP","floor":14},{"not_picked":["Thunder Strike","Meteor Strike"],"picked":"Creative AI","floor":16},{"not_picked":["Leap","Consume","Melter"],"picked":"SKIP","floor":18},{"not_picked":["Redo","Stack"],"picked":"Heatsinks+1","floor":19},{"not_picked":["Compile Driver","Lockon"],"picked":"Gash","floor":22},{"not_picked":["Static Discharge","Leap","Undo+1"],"picked":"SKIP","floor":24},{"not_picked":["Rebound","Stack+1"],"picked":"Compile Driver+1","floor":29}],"player_experience":217821,"potions_floor_usage":[12,14,18,22,22,24,25,30,30],"damage_taken":[{"damage":6,"enemies":"Jaw Worm","floor":1,"turns":3},{"damage":0,"enemies":"2 Louse","floor":3,"turns":2},{"damage":0,"enemies":"Cultist","floor":5,"turns":2},{"damage":31,"enemies":"Lagavulin","floor":7,"turns":5},{"damage":0,"enemies":"Blue Slaver","floor":8,"turns":3},{"damage":5,"enemies":"Gremlin Nob","floor":12,"turns":3},{"damage":9,"enemies":"3 Sentries","floor":14,"turns":5},{"damage":25,"enemies":"Slime Boss","floor":16,"turns":6},{"damage":11,"enemies":"Shell Parasite","floor":18,"turns":4},{"damage":8,"enemies":"Spheric Guardian","floor":19,"turns":4},{"damage":15,"enemies":"Chosen and Byrds","floor":22,"turns":5},{"damage":54,"enemies":"Snake Plant","floor":24,"turns":5},{"damage":0,"enemies":"Slavers","floor":25,"turns":1},{"damage":3,"enemies":"Snecko","floor":29,"turns":4},{"damage":13,"enemies":"Slaver and Parasite","floor":30,"turns":1}],"relics_obtained":[{"floor":7,"key":"Lantern"},{"floor":9,"key":"Mummified Hand"},{"floor":12,"key":"Shovel"},{"floor":13,"key":"Vajra"},{"floor":14,"key":"Dead Branch"},{"floor":21,"key":"Necronomicon"},{"floor":26,"key":"Art of War"},{"floor":28,"key":"Orichalcum"}],"event_choices":[{"event_name":"Liars Game","player_choice":"agreed","floor":2,"damage_taken":0},{"event_name":"Cursed Tome","player_choice":"Obtained Book","floor":21,"damage_taken":0},{"event_name":"The Joust","player_choice":"Bet on Murderer","floor":27,"damage_taken":0}],"boss_relics":[{"not_picked":["Calling Bell","Runic Dome"],"picked":"White Beast Statue"}],"items_purged_floors":[4,11,20],"potions_floor_spawned":[1,3,7,12,18,19,22,24,25,29],"seed_played":"5234473707812642151","killed_by":"Slaver and Parasite","ascension_level":1,"potions_obtained":[{"floor":1,"key":"Fire Potion"},{"floor":3,"key":"EssenceOfSteel"},{"floor":7,"key":"Energy Potion"},{"floor":12,"key":"Strength Potion"},{"floor":18,"key":"PowerPotion"},{"floor":19,"key":"SmokeBomb"},{"floor":22,"key":"Regen Potion"},{"floor":24,"key":"SteroidPotion"},{"floor":29,"key":"Dexterity Potion"}],"is_trial":false}