{"gold_per_floor":[112,112,112,123,134,134,166,16,63,92,92,107,127,140,140,241,291,310,310,321,338,338],"floor_reached":22,"playtime":1177,"items_purged":[],"score":198,"play_id":"6609233b-ab47-404e-934f-94fdecac501d","local_time":"20190502084907","is_ascension_mode":false,"campfire_choices":[{"data":"Chaos","floor":6,"key":"SMITH"},{"floor":11,"key":"REST"},{"floor":15,"key":"REST"}],"neow_cost":"NONE","seed_source_timestamp":565303971141200,"circlet_count":0,"master_deck":["Strike_B","Strike_B","Strike_B","Defend_B+1","Defend_B","Defend_B","Defend_B","Zap","Dualcast","Amplify","Sweeping Beam","Rip and Tear","Chaos+1","Ball Lightning","Heatsinks","Sweeping Beam+1","Biased Cognition","Loop","Creative AI","Streamline+1","Chill","Melter+1"],"relics":["Cracked Core","Oddly Smooth Stone","PreservedInsect","Regal Pillow","Molten Egg 2","Tiny House"],"potions_floor_usage":[7,10,16,20,20],"damage_taken":[{"damage":0,"enemies":"Small Slimes","floor":1,"turns":3},{"damage":1,"enemies":"Jaw Worm","floor":4,"turns":3},{"damage":0,"enemies":"Cultist","floor":5,"turns":2},{"damage":17,"enemies":"Lagavulin","floor":7,"turns":5},{"damage":8,"enemies":"3 Sentries","floor":10,"turns":3},{"damage":6,"enemies":"Lots of Slimes","floor":12,"turns":3},{"damage":11,"enemies":"3 Louse","floor":13,"turns":2},{"damage":6,"enemies":"2 Fungi Beasts","floor":14,"turns":3},{"damage":47,"enemies":"The Guardian","floor":16,"turns":8},{"damage":37,"enemies":"Shell Parasite","floor":18,"turns":5},{"damage":23,"enemies":"Chosen","floor":20,"turns":5},{"damage":8,"enemies":"Snecko","floor":21,"turns":6},{"damage":12,"enemies":"Shelled Parasite and Fungi","floor":22,"turns":1}],"seed_played":"4539881398433672819","potions_obtained":[{"floor":4,"key":"Fire Potion"},{"floor":7,"key":"AttackPotion"},{"floor":12,"key":"Ancient Potion"},{"floor":13,"key":"Weak Potion"},{"floor":17,"key":"Weak Potion"}],"is_trial":false,"path_per_floor":["M","?","?","M","M","R","E","$","T","E","R","M","M","M","R","B",null,"M","?","M","M","M"],"character_chosen":"DEFECT","items_purchased":["PreservedInsect"],"campfire_rested":2,"item_purchase_floors":[8],"current_hp_per_floor":[75,75,75,74,74,74,57,57,57,49,75,69,58,52,75,28,80,43,43,20,12,0],"gold":338,"neow_bonus":"ONE_RANDOM_RARE_CARD","is_prod":false,"is_daily":false,"chose_seed":false,"campfire_upgraded":1,"win_rate":0.0,"timestamp":1556801347,"path_taken":["M","?","?","M","M","R","E","?","T","E","R","M","?","M","R","BOSS","M","?","M","M","M"],"build_version":"2019-01-23","purchased_purges":0,"victory":false,"max_hp_per_floor":[75,75,75,75,75,75,75,75,75,75,75,75,75,75,75,75,80,80,80,80,80,80],"card_choices":[{"not_picked":["Rebound","Hologram"],"picked":"Sweeping Beam","floor":1},{"not_picked":["Skim","Doom and Gloom"],"picked":"Chaos","floor":4},{"not_picked":["Fusion","Coolheaded"],"picked":"Ball Lightning","floor":5},{"not_picked":["Compile Driver","Cold Snap"],"picked":"Heatsinks","floor":7},{"not_picked":["Cold Snap","Steam Power"],"picked":"Sweeping Beam","floor":10},{"not_picked":["Self Repair","Go for the Eyes+1"],"picked":"Biased Cognition","floor":12},{"not_picked":["Reinforced Body","Beam Cell+1"],"picked":"Loop","floor":13},{"not_picked":["Turbo","Steam","Coolheaded"],"picked":"SKIP","floor":14},{"not_picked":["Meteor Strike+1","Fission"],"picked":"Creative AI","floor":16},{"not_picked":["Compile Driver+1","Recycle"],"picked":"Streamline+1","floor":17},{"not_picked":["Conserve Battery","Undo"],"picked":"Chill","floor":18},{"not_picked":["Beam Cell+1","BootSequence+1","Turbo"],"picked":"SKIP","floor":20},{"not_picked":["Lockon+1","Streamline+1"],"picked":"Melter+1","floor":21}],"player_experience":59046,"relics_obtained":[{"floor":7,"key":"Oddly Smooth Stone"},{"floor":9,"key":"Regal Pillow"},{"floor":10,"key":"Molten Egg 2"}],"event_choices":[{"damage_healed":0,"gold_gain":0,"player_choice":"Ignored","damage_taken":0,"max_hp_gain":0,"max_hp_loss":0,"event_name":"Liars Game","floor":2,"gold_loss":0},{"damage_healed":0,"gold_gain":0,"cards_transformed":["Strike_B"],"player_choice":"Change","damage_taken":0,"max_hp_gain":0,"max_hp_loss":0,"event_name":"Living Wall","floor":3,"gold_loss":0,"cards_obtained":["Rip and Tear"]},{"damage_healed":0,"gold_gain":0,"player_choice":"Ignored","damage_taken":0,"max_hp_gain":0,"max_hp_loss":0,"event_name":"Vampires","floor":19,"gold_loss":0}],"is_beta":false,"boss_relics":[{"not_picked":["White Beast Statue","Runic Dome"],"picked":"Tiny House"}],"items_purged_floors":[],"is_endless":false,"potions_floor_spawned":[4,7,12,13],"killed_by":"Shelled Parasite and Fungi","ascension_level":0}