{"gold_per_floor":[114,126,100,117,134,164,164,190,258,258,107,107,107,122,122,226,226,236,161,177,189,189,189,207,242,242,242,259,259],"floor_reached":29,"playtime":2568,"items_purged":["Strike_R"],"score":255,"play_id":"dc76186e-e08e-4fd4-b8ca-f3f789f4d214","local_time":"20180713132702","is_ascension_mode":false,"campfire_choices":[{"floor":7,"key":"REST"},{"data":"Searing Blow","floor":10,"key":"SMITH"},{"data":"Searing Blow+1","floor":12,"key":"SMITH"},{"floor":15,"key":"REST"},{"floor":23,"key":"REST"},{"floor":27,"key":"REST"}],"neow_cost":"NONE","seed_source_timestamp":0,"circlet_count":0,"master_deck":["Strike_R","Strike_R","Strike_R","Strike_R","Defend_R","Defend_R","Defend_R","Defend_R","Bash","Searing Blow+3","Rage","Fire Breathing","Heavy Blade","Headbutt","Shrug It Off","Armaments","Demon Form","Pommel Strike","Limit Break","Heavy Blade+1","Twin Strike+1","Shockwave+1","True Grit","True Grit","Headbutt"],"special_seed":0,"relics":["Burning Blood","Bag of Marbles","Thread and Needle","Gremlin Horn","Blood Vial","Lizard Tail","Oddly Smooth Stone","Frozen Egg 2","Darkstone Periapt"],"potions_floor_usage":[6,8,24,24,25,29,29],"damage_taken":[{"damage":5.0,"enemies":"Jaw Worm","floor":1.0,"turns":5.0},{"damage":7.0,"enemies":"2 Louse","floor":2.0,"turns":2.0},{"damage":0.0,"enemies":"Cultist","floor":4.0,"turns":3.0},{"damage":4.0,"enemies":"3 Louse","floor":5.0,"turns":3.0},{"damage":30,"enemies":"3 Sentries","floor":6,"turns":8},{"damage":30,"enemies":"Lagavulin","floor":8,"turns":8},{"damage":0,"enemies":"Large Slime","floor":14,"turns":7},{"damage":51,"enemies":"The Guardian","floor":16,"turns":10},{"damage":26,"enemies":"Spheric Guardian","floor":18,"turns":5},{"damage":5,"enemies":"Chosen","floor":20,"turns":5},{"damage":25,"enemies":"Snecko","floor":21,"turns":5},{"damage":9,"enemies":"Snake Plant","floor":24,"turns":4},{"damage":37,"enemies":"Slavers","floor":25,"turns":6},{"damage":61,"enemies":"3 Cultists","floor":28,"turns":7},{"damage":64,"enemies":"Book of Stabbing","floor":29,"turns":5}],"seed_played":"-5744057209114839672","potions_obtained":[{"floor":2.0,"key":"GamblersBrew"},{"floor":5,"key":"Fire Potion"},{"floor":6,"key":"Block Potion"},{"floor":14,"key":"Strength Potion"},{"floor":18,"key":"PowerPotion"},{"floor":21,"key":"AttackPotion"},{"floor":24,"key":"Fruit Juice"},{"floor":25,"key":"GamblersBrew"}],"is_trial":false,"path_per_floor":["M","M","$","M","M","E","R","E","T","R","$","R","?","M","R","B",null,"M","$","M","M","?","R","M","E","T","R","M"],"character_chosen":"IRONCLAD","items_purchased":["Heavy Blade","Blood Vial"],"campfire_rested":4,"item_purchase_floors":[3,11],"current_hp_per_floor":[80,79,79,80,80,56,80,56,56,56,56,56,56,64,80,35,80,60,60,63,46,46,70,69,45,45,70,17,0],"gold":259,"neow_bonus":"THREE_CARDS","is_prod":false,"is_daily":false,"chose_seed":false,"campfire_upgraded":2,"win_rate":0.0,"timestamp":1531481222,"path_taken":["M","M","$","M","M","E","R","E","T","R","$","R","?","M","R","BOSS","M","$","M","M","?","R","M","E","T","R","M","E"],"build_version":"2018-07-12","purchased_purges":1,"victory":false,"max_hp_per_floor":[80,80,80,80,80,80,80,80,80,80,80,80,80,80,80,80,80,80,80,80,80,80,80,80,85,85,85,85,85],"card_choices":[{"not_picked":["Sword Boomerang","Twin Strike"],"picked":"Searing Blow","floor":0.0},{"not_picked":["Armaments","Warcry"],"picked":"Rage","floor":1.0},{"not_picked":["Iron Wave","Bloodletting"],"picked":"Fire Breathing","floor":2.0},{"not_picked":["Clash","True Grit"],"picked":"Headbutt","floor":4.0},{"not_picked":["Twin Strike","Dropkick"],"picked":"Shrug It Off","floor":5},{"not_picked":["Combust","Entrench"],"picked":"Armaments","floor":6},{"not_picked":["Shrug It Off","Sword Boomerang"],"picked":"Demon Form","floor":8},{"not_picked":["Dropkick","Shrug It Off"],"picked":"Pommel Strike","floor":14},{"not_picked":["Fiend Fire","Berserk"],"picked":"Limit Break","floor":16},{"not_picked":["Shockwave","Blood for Blood+1"],"picked":"Heavy Blade+1","floor":18},{"not_picked":["Heavy Blade","Shockwave"],"picked":"Twin Strike+1","floor":20},{"not_picked":["Hemokinesis","Twin Strike"],"picked":"Shockwave+1","floor":21},{"not_picked":["Armaments","Warcry"],"picked":"True Grit","floor":24},{"not_picked":["Second Wind","Anger"],"picked":"True Grit","floor":25},{"not_picked":["Clothesline","Combust+1"],"picked":"Headbutt","floor":28}],"player_experience":67749,"relics_obtained":[{"floor":6,"key":"Bag of Marbles"},{"floor":8,"key":"Thread and Needle"},{"floor":9,"key":"Gremlin Horn"},{"floor":25,"key":"Frozen Egg 2"},{"floor":26,"key":"Darkstone Periapt"}],"event_choices":[{"event_name":"Living Wall","player_choice":"Grow","floor":13,"damage_taken":0},{"event_name":"The Mausoleum","player_choice":"Yes","floor":22,"damage_taken":0}],"boss_relics":[{"not_picked":["Black Star","Busted Crown"],"picked":"Lizard Tail"}],"items_purged_floors":[19],"is_endless":false,"potions_floor_spawned":[2,5,6,14,18,21,24,25],"killed_by":"Book of Stabbing","ascension_level":0}