{"gold_per_floor":[114,114,129,144,144,144,174,174,174,189,219,219,249,135,135,235,235,250,175,175,190,190,220,220,235,315,345,345,360,60,60,60,160,160,175,190,205,220,295,325,340,340,340,340,370,370,370,20,20,20],"floor_reached":51,"playtime":4084,"items_purged":[],"score":911,"play_id":"7c37a612-e426-4f1a-8761-2b47dcd24f20","local_time":"20190125175510","daily_mods":["Draft","Red Cards","Binary"],"is_ascension_mode":false,"campfire_choices":[{"data":"Footwork","floor":6,"key":"SMITH"},{"data":"Backflip","floor":8,"key":"SMITH"},{"floor":12,"key":"REST"},{"data":"Entrench","floor":15,"key":"SMITH"},{"data":"Barricade","floor":24,"key":"SMITH"},{"data":"Dodge and Roll","floor":28,"key":"SMITH"},{"data":"Body Slam","floor":32,"key":"SMITH"},{"data":"Body Slam","floor":42,"key":"SMITH"},{"data":"Sucker Punch","floor":44,"key":"SMITH"},{"data":"Shrug It Off","floor":46,"key":"SMITH"},{"data":"Metallicize","floor":49,"key":"SMITH"}],"neow_cost":"","seed_source_timestamp":0,"circlet_count":0,"master_deck":["Poisoned Stab","Footwork+1","Prepared","Dodge and Roll","Shrug It Off","PiercingWail","Metallicize+1","Backflip+1","Dagger Spray","Deadly Poison","Shockwave","Body Slam+1","Iron Wave","Clothesline","Entrench+1","Dodge and Roll+1","Iron Wave","Power Through","Sucker Punch+1","Warcry","Deadly Poison","Finesse","Barricade+1","Body Slam+1","Warcry","Escape Plan","Body Slam+1","Expertise","Deadly Poison+1","Shrug It Off+1","Feed","Shrug It Off+1"],"special_seed":17921,"relics":["Ring of the Serpent","WarpedTongs","Potion Belt","Mercury Hourglass","Snake Skull","Bottled Tornado","Coffee Dripper","MutagenicStrength","Regal Pillow","Tiny Chest","Dream Catcher","FossilizedHelix","Question Card","Ornamental Fan","Oddly Smooth Stone","Meat on the Bone","HandDrill","Happy Flower"],"potions_floor_usage":[50,50,50,50],"damage_taken":[{"damage":0,"enemies":"Small Slimes","floor":1,"turns":2},{"damage":0,"enemies":"2 Louse","floor":3,"turns":3},{"damage":0,"enemies":"Cultist","floor":4,"turns":3},{"damage":6,"enemies":"Gremlin Nob","floor":7,"turns":4},{"damage":15,"enemies":"Blue Slaver","floor":10,"turns":3},{"damage":4,"enemies":"Lagavulin","floor":11,"turns":6},{"damage":6,"enemies":"3 Sentries","floor":13,"turns":6},{"damage":10,"enemies":"The Guardian","floor":16,"turns":9},{"damage":3,"enemies":"Chosen","floor":18,"turns":7},{"damage":6,"enemies":"2 Thieves","floor":21,"turns":4},{"damage":14,"enemies":"Book of Stabbing","floor":23,"turns":5},{"damage":0,"enemies":"Sentry and Sphere","floor":25,"turns":6},{"damage":4,"enemies":"Slavers","floor":27,"turns":6},{"damage":0,"enemies":"Cultist and Chosen","floor":29,"turns":7},{"damage":0,"enemies":"Champ","floor":33,"turns":6},{"damage":0,"enemies":"3 Shapes","floor":35,"turns":4},{"damage":0,"enemies":"3 Darklings","floor":36,"turns":3},{"damage":0,"enemies":"Transient","floor":37,"turns":5},{"damage":0,"enemies":"Maw","floor":38,"turns":5},{"damage":0,"enemies":"Giant Head","floor":40,"turns":7},{"damage":0,"enemies":"3 Darklings","floor":41,"turns":5},{"damage":0,"enemies":"Reptomancer","floor":45,"turns":5},{"damage":0,"enemies":"Donu and Deca","floor":50,"turns":8}],"seed_played":"-8504113597204793888","potions_obtained":[{"floor":4,"key":"Dexterity Potion"},{"floor":7,"key":"Poison Potion"},{"floor":13,"key":"Explosive Potion"},{"floor":23,"key":"SteroidPotion"},{"floor":25,"key":"Swift Potion"},{"floor":29,"key":"EssenceOfSteel"},{"floor":35,"key":"SpeedPotion"},{"floor":41,"key":"GhostInAJar"}],"is_trial":false,"path_per_floor":["M","?","M","M","?","R","E","R","T","M","E","R","E","$","R","B",null,"M","?","$","M","?","E","R","M","T","E","R","M","$","?","R","B",null,"M","M","M","M","T","E","M","R","T","R","E","R","?","$","R","B",null],"character_chosen":"THE_SILENT","items_purchased":["Deadly Poison","Finesse","FossilizedHelix","HandDrill","Happy Flower"],"campfire_rested":1,"item_purchase_floors":[14,14,30,48,48],"current_hp_per_floor":[70,70,70,70,70,70,64,64,64,49,45,66,60,60,60,50,70,67,67,67,61,61,47,47,47,47,43,43,43,43,43,43,43,70,70,70,70,70,70,70,70,70,70,70,70,70,66,66,66,66],"gold":20,"neow_bonus":"","is_prod":false,"is_daily":true,"chose_seed":false,"campfire_upgraded":10,"win_rate":0,"timestamp":1548456910,"path_taken":["M","?","M","M","?","R","E","R","T","?","E","R","E","$","R","BOSS","M","?","$","M","?","E","R","M","T","E","R","M","$","?","R","BOSS","M","M","M","M","?","E","M","R","T","R","E","R","?","$","R","BOSS"],"build_version":"2019-01-23","purchased_purges":0,"victory":true,"max_hp_per_floor":[70,70,70,70,70,70,70,70,70,70,70,70,70,70,70,70,70,70,70,70,70,70,70,70,70,70,70,70,70,70,70,70,70,70,70,70,70,70,70,70,70,70,70,70,70,70,66,66,66,66],"card_choices":[{"not_picked":["Perfected Strike","True Grit"],"picked":"Poisoned Stab","floor":0},{"not_picked":["Flying Knee","Calculated Gamble"],"picked":"Footwork","floor":0},{"not_picked":["Rage","Evolve"],"picked":"Prepared","floor":0},{"not_picked":["Dagger Spray","Anger"],"picked":"Dodge and Roll","floor":0},{"not_picked":["Dodge and Roll","Headbutt"],"picked":"Shrug It Off","floor":0},{"not_picked":["Heavy Blade","Endless Agony"],"picked":"PiercingWail","floor":0},{"not_picked":["Havoc","Outmaneuver"],"picked":"Metallicize","floor":0},{"not_picked":["Sucker Punch","Body Slam"],"picked":"Backflip","floor":0},{"not_picked":["Underhanded Strike","Dropkick"],"picked":"Masterful Stab","floor":0},{"not_picked":["Combust","Dual Wield"],"picked":"Dagger Spray","floor":0},{"not_picked":["Endless Agony","Body Slam"],"picked":"Deadly Poison","floor":0},{"not_picked":["Blood for Blood","Quick Slash"],"picked":"Shockwave","floor":0},{"not_picked":["Prepared","Setup"],"picked":"Body Slam","floor":0},{"not_picked":["Endless Agony","Thunderclap"],"picked":"Iron Wave","floor":0},{"not_picked":["Intimidate","Thunderclap"],"picked":"Clothesline","floor":0},{"not_picked":["Calculated Gamble"],"picked":"Entrench","floor":1},{"not_picked":["Bane"],"picked":"Dodge and Roll","floor":3},{"not_picked":["Pummel"],"picked":"Iron Wave","floor":4},{"not_picked":["Acrobatics","Dropkick"],"picked":"SKIP","floor":7},{"not_picked":["Combust"],"picked":"Power Through","floor":10},{"not_picked":["Prepared"],"picked":"Sucker Punch","floor":11},{"not_picked":["Searing Blow"],"picked":"Warcry","floor":13},{"not_picked":["Limit Break"],"picked":"Barricade","floor":16},{"not_picked":["Masterful Stab","Cloak And Dagger"],"picked":"SKIP","floor":18},{"not_picked":["Clash+1"],"picked":"Body Slam+1","floor":21},{"not_picked":["Dagger Spray"],"picked":"Warcry","floor":23},{"not_picked":["Tactician","Flex"],"picked":"SKIP","floor":25},{"not_picked":["True Grit+1"],"picked":"Escape Plan","floor":27},{"not_picked":["Evolve"],"picked":"Body Slam","floor":29},{"not_picked":["Blood for Blood+1"],"picked":"Deadly Poison+1","floor":35},{"not_picked":["Heavy Blade+1","Headbutt+1"],"picked":"SKIP","floor":36},{"not_picked":["Bane+1","Headbutt"],"picked":"SKIP","floor":37},{"not_picked":["Spot Weakness+1","Concentrate+1"],"picked":"SKIP","floor":38},{"not_picked":["Headbutt+1","Dagger Throw"],"picked":"Shrug It Off","floor":40},{"not_picked":["Blade Dance","True Grit"],"picked":"Feed","floor":41},{"not_picked":["Acrobatics+1","Ghostly Armor"],"picked":"Shrug It Off+1","floor":45}],"player_experience":151268,"relics_obtained":[{"floor":7,"key":"Potion Belt"},{"floor":9,"key":"Mercury Hourglass"},{"floor":11,"key":"Snake Skull"},{"floor":13,"key":"Bottled Tornado"},{"floor":23,"key":"Regal Pillow"},{"floor":26,"key":"Tiny Chest"},{"floor":27,"key":"Dream Catcher"},{"floor":39,"key":"Question Card"},{"floor":40,"key":"Ornamental Fan"},{"floor":43,"key":"Oddly Smooth Stone"},{"floor":45,"key":"Meat on the Bone"}],"event_choices":[{"damage_healed":0,"gold_gain":0,"cards_transformed":["Masterful Stab"],"player_choice":"Change","damage_taken":0,"max_hp_gain":0,"max_hp_loss":0,"event_name":"Living Wall","floor":2,"gold_loss":0,"cards_obtained":["Glass Knife"]},{"damage_healed":0,"gold_gain":0,"player_choice":"Rummage","damage_taken":0,"relics_obtained":["WarpedTongs"],"max_hp_gain":0,"max_hp_loss":0,"event_name":"Accursed Blacksmith","floor":5,"gold_loss":0,"cards_obtained":["Pain"]},{"cards_removed":["Pain"],"damage_healed":0,"gold_gain":0,"player_choice":"Gave Gold","damage_taken":0,"max_hp_gain":0,"max_hp_loss":0,"event_name":"Beggar","floor":19,"gold_loss":75},{"damage_healed":0,"gold_gain":0,"player_choice":"Inject Mutagens","damage_taken":0,"relics_obtained":["MutagenicStrength"],"max_hp_gain":0,"max_hp_loss":0,"event_name":"Drug Dealer","floor":22,"gold_loss":0},{"damage_healed":0,"gold_gain":0,"cards_transformed":["Glass Knife"],"player_choice":"Transformed","damage_taken":0,"max_hp_gain":0,"max_hp_loss":0,"event_name":"Transmorgrifier","floor":31,"gold_loss":0,"cards_obtained":["Expertise"]},{"damage_healed":0,"gold_gain":0,"player_choice":"Max HP","damage_taken":0,"max_hp_gain":0,"max_hp_loss":4,"event_name":"Winding Halls","floor":47,"gold_loss":0}],"is_beta":false,"boss_relics":[{"not_picked":["Fusion Hammer","Calling Bell"],"picked":"Coffee Dripper"},{"not_picked":["Empty Cage","Velvet Choker"],"picked":"Ring of the Serpent"}],"items_purged_floors":[],"is_endless":false,"potions_floor_spawned":[4,7,13,23,25,29,33,35,36,41,45],"ascension_level":0}