{"gold_per_floor":[117,135,60,74,74,74,99,26,73,86,86,36,48,68,68,68],"floor_reached":16,"playtime":384,"items_purged":[],"score":204,"play_id":"302f39d1-cc6e-40d3-83e1-30cc7faf3449","local_time":"20190125172430","is_ascension_mode":true,"campfire_choices":[{"data":"Noxious Fumes","floor":6,"key":"SMITH"},{"data":"Neutralize","floor":15,"key":"SMITH"}],"neow_cost":"NONE","seed_source_timestamp":245178514588582,"circlet_count":0,"master_deck":["AscendersBane","Defend_G","Defend_G","Defend_G","Defend_G","Defend_G","Strike_G","Strike_G","Strike_G","Strike_G","Strike_G","Survivor","Neutralize+1","Terror","Noxious Fumes+1","Heel Hook","Die Die Die","Bane","Blade Dance","Deflect"],"relics":["Ring of the Snake","NeowsBlessing","Strawberry","Anchor"],"potions_floor_usage":[7,16,16],"damage_taken":[{"damage":0,"enemies":"Cultist","floor":1,"turns":1},{"damage":0,"enemies":"Jaw Worm","floor":2,"turns":1},{"damage":0,"enemies":"2 Louse","floor":4,"turns":1},{"damage":30,"enemies":"Gremlin Nob","floor":7,"turns":4},{"damage":7,"enemies":"Looter","floor":10,"turns":3},{"damage":0,"enemies":"Lots of Slimes","floor":13,"turns":1},{"damage":10,"enemies":"Gremlin Gang","floor":14,"turns":5},{"damage":65,"enemies":"Slime Boss","floor":16,"turns":9}],"seed_played":"959128554883561549","potions_obtained":[{"floor":1,"key":"Dexterity Potion"},{"floor":4,"key":"Poison Potion"},{"floor":7,"key":"EssenceOfSteel"}],"is_trial":false,"path_per_floor":["M","M","$","M","?","R","E","?","T","M","?","$","M","M","R","B"],"character_chosen":"THE_SILENT","items_purchased":["Noxious Fumes","Bane"],"campfire_rested":0,"item_purchase_floors":[3,12],"current_hp_per_floor":[59,59,59,59,59,59,36,36,36,29,73,73,73,63,63,0],"gold":68,"neow_bonus":"THREE_ENEMY_KILL","is_prod":false,"is_daily":false,"chose_seed":false,"campfire_upgraded":2,"win_rate":0,"timestamp":1548455070,"path_taken":["M","M","$","?","?","R","E","?","T","M","?","$","M","M","R","BOSS"],"build_version":"2019-01-23","purchased_purges":0,"victory":false,"max_hp_per_floor":[66,66,66,66,66,66,73,73,73,73,73,73,73,73,73,73],"card_choices":[{"not_picked":["Infinite Blades","Quick Slash"],"picked":"Dash","floor":1},{"not_picked":["Prepared","Dagger Spray"],"picked":"Terror","floor":2},{"not_picked":["Leg Sweep","Poisoned Stab"],"picked":"Heel Hook","floor":4},{"not_picked":["Sucker Punch","Deflect"],"picked":"Die Die Die","floor":7},{"not_picked":["Quick Slash","All Out Attack","Flying Knee"],"picked":"SKIP","floor":10},{"not_picked":["Dagger Spray","Sucker Punch"],"picked":"Blade Dance","floor":13},{"not_picked":["Acrobatics","Terror"],"picked":"Deflect","floor":14}],"player_experience":807669,"relics_obtained":[{"floor":7,"key":"Strawberry"},{"floor":9,"key":"Anchor"}],"event_choices":[{"damage_healed":0,"gold_gain":0,"player_choice":"Fled","damage_taken":0,"max_hp_gain":0,"max_hp_loss":0,"event_name":"Scrap Ooze","floor":5,"gold_loss":0},{"damage_healed":0,"gold_gain":0,"player_choice":"Left Gold","damage_taken":0,"max_hp_gain":0,"max_hp_loss":0,"event_name":"World of Goop","floor":8,"gold_loss":73},{"cards_removed":["Dash"],"damage_healed":44,"gold_gain":0,"player_choice":"Offered Uncommon","damage_taken":0,"max_hp_gain":0,"max_hp_loss":0,"event_name":"Bonfire Elementals","floor":11,"gold_loss":0}],"is_beta":false,"boss_relics":[],"items_purged_floors":[],"is_endless":false,"potions_floor_spawned":[1,4,7],"killed_by":"Slime Boss","ascension_level":20}