{"gold_per_floor":[118,135,135,135,156,156,81,356,407,448,468,491,26,65,65,195,195,219,219,219,255,48,48,89,89,89,122,137,152,167,201,201,330,330,344,344,365,379,405,439,439,473,497,520,520,534,534,574,574,574,574,574,64,98,98],"floor_reached":56,"playtime":2731,"items_purged":["Injury","Regret","Pain"],"score":1428,"play_id":"8a17f263-b56f-4e17-8dfa-bd7597cd8b86","local_time":"20190410220314","is_ascension_mode":true,"campfire_choices":[{"data":"Feed","floor":6,"key":"SMITH"},{"floor":15,"key":"REST"},{"data":"Spot Weakness","floor":23,"key":"SMITH"},{"data":"Flex","floor":25,"key":"SMITH"},{"data":"Flex","floor":32,"key":"SMITH"},{"data":"Demon Form","floor":41,"key":"SMITH"},{"floor":49,"key":"RECALL"},{"data":"Bash","floor":52,"key":"SMITH"}],"neow_cost":"NONE","seed_source_timestamp":3575458513985,"circlet_count":0,"master_deck":["Strike_R+1","Strike_R+1","Strike_R+1","Strike_R+1","Strike_R+1","Defend_R+1","Defend_R+1","Defend_R+1","Defend_R+1","Bash+1","Feed+1","Spot Weakness+1","Cleave","Clash","Burning Pact","Metallicize","Metallicize","Inflame","Flex+1","Flex+1","Reaper","Sword Boomerang","Necronomicurse","Exhume","Iron Wave+1","Decay","Spot Weakness","Thunderclap+1","Iron Wave+1","Battle Trance+1","Pommel Strike+1","Bludgeon+1","Heavy Blade+1","Anger+1","Demon Form+1","Rage+1","Heavy Blade+1","Injury","Disarm","Madness","Madness","Reaper+1","Demon Form+1","Flex+1","Offering"],"relics":["Burning Blood","Golden Idol","Anchor","Smiling Mask","Torii","Self Forming Clay","Cursed Key","Necronomicon","Red Mask","ClockworkSouvenir","Molten Egg 2","Bronze Scales","Pen Nib","Coffee Dripper","Potion Belt","Oddly Smooth Stone","Juzu Bracelet","Blood Vial","Lantern","Pantograph","Charon\u0027s Ashes","Bag of Marbles","Vajra"],"potions_floor_usage":[10,10,24,24,24,31,33,55,55,55,55,55,55,55,55,55],"damage_taken":[{"damage":13,"enemies":"Jaw Worm","floor":1,"turns":4},{"damage":9,"enemies":"2 Louse","floor":2,"turns":2},{"damage":0,"enemies":"Small Slimes","floor":5,"turns":2},{"damage":33,"enemies":"Lagavulin","floor":10,"turns":5},{"damage":6,"enemies":"Red Slaver","floor":11,"turns":2},{"damage":5,"enemies":"Looter","floor":12,"turns":4},{"damage":20,"enemies":"Gremlin Nob","floor":14,"turns":4},{"damage":35,"enemies":"The Guardian","floor":16,"turns":8},{"damage":17,"enemies":"Shell Parasite","floor":18,"turns":5},{"damage":12,"enemies":"Masked Bandits","floor":21,"turns":4},{"damage":2,"enemies":"Book of Stabbing","floor":24,"turns":4},{"damage":27,"enemies":"Gremlin Leader","floor":27,"turns":8},{"damage":0,"enemies":"3 Byrds","floor":28,"turns":2},{"damage":15,"enemies":"Snake Plant","floor":29,"turns":4},{"damage":2,"enemies":"Snecko","floor":30,"turns":5},{"damage":6,"enemies":"Book of Stabbing","floor":31,"turns":4},{"damage":61,"enemies":"Automaton","floor":33,"turns":7},{"damage":1,"enemies":"Orb Walker","floor":35,"turns":2},{"damage":0,"enemies":"3 Shapes","floor":37,"turns":1},{"damage":0,"enemies":"Spire Growth","floor":38,"turns":3},{"damage":37,"enemies":"Giant Head","floor":40,"turns":6},{"damage":58,"enemies":"Reptomancer","floor":42,"turns":6},{"damage":2,"enemies":"Transient","floor":44,"turns":5},{"damage":28,"enemies":"Jaw Worm Horde","floor":46,"turns":3},{"damage":75,"enemies":"Nemesis","floor":48,"turns":6},{"damage":54,"enemies":"Awakened One","floor":50,"turns":8},{"damage":26,"enemies":"Shield and Spear","floor":54,"turns":4},{"damage":83,"enemies":"The Heart","floor":55,"turns":7}],"seed_played":"6562097356432879219","potions_obtained":[{"floor":1,"key":"SteroidPotion"},{"floor":5,"key":"Strength Potion"},{"floor":11,"key":"Energy Potion"},{"floor":16,"key":"Swift Potion"},{"floor":18,"key":"FearPotion"},{"floor":28,"key":"Weak Potion"},{"floor":30,"key":"SkillPotion"},{"floor":31,"key":"Explosive Potion"},{"floor":33,"key":"Poison Potion"},{"floor":38,"key":"GamblersBrew"},{"floor":40,"key":"Ancient Potion"},{"floor":42,"key":"EntropicBrew"},{"floor":54,"key":"SpeedPotion"}],"is_trial":false,"path_per_floor":["M","M","?","?","M","R","$","?","T","E","M","M","$","E","R","B",null,"M","?","?","?","$","R","E","R","T","E","M","M","M","E","R","B",null,"M","?","M","M","T","E","R","E","T","M","?","M","?","E","R","B",null,"R","$","E","B",null],"character_chosen":"IRONCLAD","items_purchased":["Inflame","Flex","Torii","ClockworkSouvenir","Charon\u0027s Ashes","Bag of Marbles"],"campfire_rested":1,"item_purchase_floors":[13,13,13,22,53,53],"current_hp_per_floor":[76,76,59,59,68,68,68,68,68,45,49,50,50,36,65,36,97,90,74,74,72,72,72,100,100,100,96,105,105,105,109,109,54,109,113,113,113,113,113,92,92,65,65,71,56,72,72,31,31,80,117,117,117,97,71],"gold":98,"neow_bonus":"ONE_RANDOM_RARE_CARD","is_prod":false,"is_daily":false,"chose_seed":false,"campfire_upgraded":6,"win_rate":0,"timestamp":1554958994,"path_taken":["M","M","?","?","M","R","$","?","T","E","M","?","?","E","R","BOSS","M","?","?","?","$","R","E","R","T","E","M","M","M","E","R","BOSS","M","?","?","M","?","E","R","E","T","M","?","M","?","E","R","BOSS","R","$","E","BOSS"],"build_version":"2019-01-23","purchased_purges":3,"victory":true,"max_hp_per_floor":[83,86,86,86,89,89,89,89,89,93,97,97,97,97,97,97,97,101,101,101,105,105,105,105,105,105,105,105,105,105,109,109,109,109,113,113,113,113,113,113,113,117,117,117,117,117,117,117,117,117,117,117,117,117,117],"card_choices":[{"not_picked":["Rampage","Perfected Strike"],"picked":"Spot Weakness","floor":1},{"not_picked":["Blood for Blood","Seeing Red"],"picked":"Cleave","floor":2},{"not_picked":["Wild Strike","Rage"],"picked":"Clash","floor":5},{"not_picked":["Iron Wave","Anger"],"picked":"Burning Pact","floor":10},{"not_picked":["Twin Strike","Heavy Blade"],"picked":"Metallicize","floor":11},{"not_picked":["Clothesline","Blood for Blood"],"picked":"Metallicize","floor":12},{"not_picked":["Pommel Strike","True Grit"],"picked":"Flex","floor":14},{"not_picked":["Demon Form","Offering"],"picked":"Reaper","floor":16},{"not_picked":["Body Slam","Wild Strike"],"picked":"Sword Boomerang","floor":18},{"not_picked":["Fire Breathing","Clothesline"],"picked":"Exhume","floor":21},{"not_picked":["Flex","Corruption"],"picked":"Iron Wave","floor":24},{"not_picked":["Iron Wave+1","Fire Breathing"],"picked":"Spot Weakness","floor":27},{"not_picked":["Inflame","Immolate+1"],"picked":"Thunderclap+1","floor":28},{"not_picked":["Wild Strike+1","Cleave+1"],"picked":"Iron Wave+1","floor":29},{"not_picked":["Clash+1","Wild Strike+1"],"picked":"Battle Trance+1","floor":30},{"not_picked":["Twin Strike+1","Wild Strike+1"],"picked":"Pommel Strike+1","floor":31},{"not_picked":["Double Tap","Juggernaut"],"picked":"Bludgeon+1","floor":33},{"not_picked":["Power Through+1","Wild Strike+1"],"picked":"Heavy Blade+1","floor":35},{"not_picked":["Thunderclap+1","Body Slam+1"],"picked":"Anger+1","floor":37},{"not_picked":["Anger+1","Sword Boomerang+1"],"picked":"Demon Form","floor":38},{"not_picked":["Cleave+1","Clothesline+1"],"picked":"Rage+1","floor":40},{"not_picked":["Entrench+1","True Grit"],"picked":"Heavy Blade+1","floor":42},{"not_picked":["Wild Strike+1","Shrug It Off"],"picked":"Disarm","floor":44},{"not_picked":["Reckless Charge+1","Twin Strike+1"],"picked":"Reaper+1","floor":46},{"not_picked":["Clash+1","Body Slam+1"],"picked":"Flex+1","floor":48},{"not_picked":["Body Slam+1","Thunderclap+1"],"picked":"Offering","floor":54}],"player_experience":550936,"relics_obtained":[{"floor":9,"key":"Anchor"},{"floor":10,"key":"Smiling Mask"},{"floor":14,"key":"Self Forming Clay"},{"floor":19,"key":"Necronomicon"},{"floor":21,"key":"Red Mask"},{"floor":24,"key":"Molten Egg 2"},{"floor":27,"key":"Bronze Scales"},{"floor":31,"key":"Pen Nib"},{"floor":39,"key":"Oddly Smooth Stone"},{"floor":40,"key":"Juzu Bracelet"},{"floor":42,"key":"Blood Vial"},{"floor":43,"key":"Lantern"},{"floor":48,"key":"Pantograph"},{"floor":54,"key":"Vajra"}],"event_choices":[{"damage_healed":0,"gold_gain":0,"player_choice":"Entered Light","damage_taken":17,"max_hp_gain":0,"max_hp_loss":0,"event_name":"Shining Light","floor":3,"gold_loss":0,"cards_upgraded":["Strike_R","Strike_R"]},{"damage_healed":0,"gold_gain":0,"player_choice":"Take Wound","damage_taken":0,"relics_obtained":["Golden Idol"],"max_hp_gain":0,"max_hp_loss":0,"event_name":"Golden Idol","floor":4,"gold_loss":0,"cards_obtained":["Injury"]},{"damage_healed":0,"gold_gain":275,"player_choice":"Desecrate","damage_taken":0,"max_hp_gain":0,"max_hp_loss":0,"event_name":"Golden Shrine","floor":8,"gold_loss":0,"cards_obtained":["Regret"]},{"damage_healed":0,"gold_gain":0,"player_choice":"Obtained Book","damage_taken":16,"max_hp_gain":0,"max_hp_loss":0,"event_name":"Cursed Tome","floor":19,"gold_loss":0},{"damage_healed":0,"gold_gain":0,"player_choice":"Simplicity","damage_taken":0,"max_hp_gain":0,"max_hp_loss":0,"event_name":"Back to Basics","floor":20,"gold_loss":0,"cards_upgraded":["Strike_R","Strike_R","Strike_R","Defend_R","Defend_R","Defend_R","Defend_R"]},{"damage_healed":0,"gold_gain":0,"player_choice":"Fought Bandits","damage_taken":0,"max_hp_gain":0,"max_hp_loss":0,"event_name":"Masked Bandits","floor":21,"gold_loss":0},{"damage_healed":0,"gold_gain":0,"player_choice":"Gave Potion","damage_taken":0,"relics_obtained":["Potion Belt"],"max_hp_gain":0,"max_hp_loss":0,"event_name":"WeMeetAgain","floor":36,"gold_loss":0},{"damage_healed":0,"gold_gain":0,"player_choice":"Embrace Madness","damage_taken":15,"max_hp_gain":0,"max_hp_loss":0,"event_name":"Winding Halls","floor":45,"gold_loss":0,"cards_obtained":["Madness","Madness"]},{"damage_healed":0,"gold_gain":0,"player_choice":"Copied","damage_taken":0,"max_hp_gain":0,"max_hp_loss":0,"event_name":"Duplicator","floor":47,"gold_loss":0,"cards_obtained":["Demon Form"]}],"is_beta":false,"boss_relics":[{"not_picked":["Sozu","Calling Bell"],"picked":"Cursed Key"},{"not_picked":["Fusion Hammer","Astrolabe"],"picked":"Coffee Dripper"}],"items_purged_floors":[7,13,53],"is_endless":false,"potions_floor_spawned":[1,5,11,16,18,28,30,31,33,38,40,42,54],"ascension_level":1}