{"path_per_floor":["M","M","$","?","?","R","$","R","T","?","R","M","E","T","R","B",null,"M","?","$","M","?"],"character_chosen":"DEFECT","items_purchased":["Finesse","FTL","Enlightenment","War Paint"],"gold_per_floor":[115,128,26,26,201,201,58,58,85,85,85,109,149,200,200,321,321,339,339,9,24,24,24],"floor_reached":23,"campfire_rested":0,"playtime":758,"current_hp_per_floor":[75,75,75,57,57,57,57,57,57,57,57,53,43,43,43,33,75,61,61,61,45,45,0],"items_purged":["Doubt"],"gold":24,"score":185,"play_id":"1918ada4-ee71-4d88-85e9-8b46f629aea4","local_time":"20180505081831","is_prod":false,"is_daily":false,"chose_seed":false,"is_ascension_mode":false,"campfire_upgraded":4,"timestamp":1525522711,"path_taken":["M","M","$","?","?","R","$","R","T","?","R","M","E","?","R","BOSS","M","?","$","M","?","E"],"build_version":"2018-05-03","seed_source_timestamp":1039492147959973,"purchased_purges":1,"victory":false,"master_deck":["Strike_B+1","Strike_B","Strike_B","Strike_B+1","Defend_B","Defend_B","Defend_B","Defend_B","Zap+1","Dualcast","Redo+1","Genetic Algorithm+1","Ball Lightning+1","Finesse+1","FTL","White Noise+1","Machine Learning","BootSequence","Thunder Strike","Biased Cognition","Capacitor","Enlightenment","Undo+1"],"max_hp_per_floor":[75,75,75,75,75,75,75,75,75,75,75,75,75,75,75,75,75,75,75,75,75,75,75],"relics":["Cracked Core","Golden Idol","Whetstone","Happy Flower","Lantern","Snecko Eye","Gremlin Horn","War Paint"],"card_choices":[{"not_picked":["Sweeping Beam","Cold Snap"],"picked":"Genetic Algorithm","floor":1},{"not_picked":["Lockon","Axe Kick"],"picked":"Ball Lightning","floor":2},{"not_picked":["Axe Kick","Recycle"],"picked":"BootSequence","floor":12},{"not_picked":["Skim","Axe Kick"],"picked":"Thunder Strike","floor":13},{"not_picked":["Seek","Fusion"],"picked":"Biased Cognition","floor":16},{"not_picked":["Sweeping Beam","Beam Cell"],"picked":"Capacitor","floor":18},{"not_picked":["Barrage","Skim"],"picked":"Undo","floor":21}],"player_experience":42728,"potions_floor_usage":[13,13,23,23],"damage_taken":[{"damage":0,"enemies":"2 Louse","floor":1,"turns":2},{"damage":0,"enemies":"Small Slimes","floor":2,"turns":4},{"damage":4,"enemies":"Jaw Worm","floor":12,"turns":2},{"damage":10,"enemies":"Gremlin Nob","floor":13,"turns":3},{"damage":17,"enemies":"The Guardian","floor":16,"turns":7},{"damage":14,"enemies":"Spheric Guardian","floor":18,"turns":4},{"damage":16,"enemies":"2 Thieves","floor":21,"turns":4},{"damage":61,"enemies":"Slavers","floor":23,"turns":5}],"event_choices":[{"event_name":"Golden Idol","player_choice":"Take Damage","floor":4,"damage_taken":0},{"event_name":"Liars Game","player_choice":"agreed","floor":5,"damage_taken":0},{"event_name":"Match and Keep!","player_choice":"2 cards matched","floor":10,"damage_taken":0},{"event_name":"Wheel of Change","player_choice":"Relic","floor":19,"damage_taken":0},{"event_name":"The Lab","player_choice":"Got Potions","floor":22,"damage_taken":0}],"boss_relics":[{"not_picked":["Runic Dome","Runic Pyramid"],"picked":"Snecko Eye"}],"potions_floor_spawned":[1,12],"seed_played":"1735266376933775640","killed_by":"Slavers","ascension_level":0,"is_trial":false}