{"gold_per_floor":[13,25,35,35,51,51,77,94,94,107,118,131,131,131,131,228,228,242,242,332,83,93,93,93,103,129,129,148,148,148,163,163,263,263,283,40,51,25,25,25,40,52,102,102,112,19,19,19,19,19],"floor_reached":50,"playtime":2902,"items_purged":[],"score":471,"play_id":"aae65638-d834-4dcf-8caf-694dcc4dda7c","local_time":"20190415161024","is_ascension_mode":false,"campfire_choices":[{"data":"Ball Lightning","floor":6.0,"key":"SMITH"},{"floor":13.0,"key":"RECALL"},{"data":"Chaos","floor":15.0,"key":"SMITH"},{"data":"Defragment","floor":23.0,"key":"SMITH"},{"data":"Creative AI","floor":24.0,"key":"SMITH"},{"data":"White Noise","floor":27.0,"key":"SMITH"},{"floor":29.0,"key":"REST"},{"floor":32.0,"key":"REST"},{"data":"Hologram","floor":40,"key":"SMITH"},{"data":"Static Discharge","floor":44,"key":"SMITH"},{"floor":49,"key":"REST"}],"neow_cost":"NO_GOLD","seed_source_timestamp":0,"circlet_count":0,"master_deck":["Defend_B","Defend_B","Defend_B","Defend_B","Zap","Dualcast","White Noise","Static Discharge+1","Cold Snap","Hologram+1","Sweeping Beam","Defend_B","Ball Lightning+1","Creative AI+1","Storm","Cold Snap","Melter","Redo","Chaos+1","Core Surge","White Noise+1","Defragment+1","Turbo+1","Leap","Redo","Electrodynamics","Force Field","Melter+1","Leap","Force Field","Parasite","Hologram","Stack","Conserve Battery+1","Stack","Coolheaded","The Bomb"],"special_seed":0,"relics":["Cracked Core","WingedGreaves","Runic Pyramid","Matryoshka","Smiling Mask","Orichalcum","Inserter","Cables","Juzu Bracelet","Omamori"],"potions_floor_usage":[45,50,50],"damage_taken":[{"damage":1.0,"enemies":"Cultist","floor":1.0,"turns":3.0},{"damage":0.0,"enemies":"2 Louse","floor":2.0,"turns":2.0},{"damage":0.0,"enemies":"Small Slimes","floor":3.0,"turns":3.0},{"damage":5.0,"enemies":"Blue Slaver","floor":5.0,"turns":5.0},{"damage":26.0,"enemies":"3 Sentries","floor":7.0,"turns":6.0},{"damage":0.0,"enemies":"Lots of Slimes","floor":8.0,"turns":2.0},{"damage":6.0,"enemies":"3 Louse","floor":10.0,"turns":3.0},{"damage":17.0,"enemies":"Gremlin Gang","floor":11.0,"turns":3.0},{"damage":1.0,"enemies":"Exordium Wildlife","floor":12.0,"turns":3.0},{"damage":17.0,"enemies":"Hexaghost","floor":16.0,"turns":7.0},{"damage":11.0,"enemies":"Chosen","floor":18.0,"turns":5.0},{"damage":0.0,"enemies":"Spheric Guardian","floor":22.0,"turns":1.0},{"damage":30.0,"enemies":"3 Cultists","floor":25.0,"turns":5.0},{"damage":11.0,"enemies":"Snake Plant","floor":28.0,"turns":3.0},{"damage":5.0,"enemies":"Cultist and Chosen","floor":31.0,"turns":3.0},{"damage":23.0,"enemies":"Collector","floor":33.0,"turns":7.0},{"damage":10.0,"enemies":"Orb Walker","floor":35.0,"turns":3.0},{"damage":2.0,"enemies":"3 Shapes","floor":37.0,"turns":4.0},{"damage":16,"enemies":"Writhing Mass","floor":41,"turns":7},{"damage":17,"enemies":"Maw","floor":42,"turns":8},{"damage":4,"enemies":"Jaw Worm Horde","floor":45,"turns":2},{"damage":49,"enemies":"Awakened One","floor":50,"turns":11}],"seed_played":"-3695709305594598861","potions_obtained":[{"floor":2.0,"key":"Poison Potion"},{"floor":7.0,"key":"Explosive Potion"},{"floor":8.0,"key":"FocusPotion"},{"floor":12.0,"key":"SpeedPotion"},{"floor":18.0,"key":"AttackPotion"},{"floor":28.0,"key":"PowerPotion"},{"floor":35.0,"key":"SteroidPotion"},{"floor":45,"key":"Dexterity Potion"}],"is_trial":false,"path_per_floor":["M","M","M","?","M","R","E","M","T","M","M","M","R","?","R","B",null,"M","?","?","$","M","R","R","M","T","R","M","R","?","M","R","B",null,"M","$","M","$","?","R","M","M","T","R","M","$","?","?","R","B"],"character_chosen":"DEFECT","items_purchased":["Matryoshka","Cables","Leap","Stack","Coolheaded"],"campfire_rested":3,"item_purchase_floors":[21,36,38,46,46],"current_hp_per_floor":[74,74,74,74,69,69,43,43,43,37,20,19,19,19,19,2,75,64,64,50,50,50,50,50,20,20,20,9,31,31,26,48,25,75,65,65,63,63,63,63,47,30,30,30,26,26,26,26,48,0],"gold":19,"neow_bonus":"TRANSFORM_TWO_CARDS","is_prod":false,"is_daily":false,"chose_seed":false,"campfire_upgraded":7,"win_rate":0,"timestamp":1555362624,"path_taken":["M","?","M","?","?","R","E","M","T","M","M","M","R","?","R","BOSS","M","?","?","$","?","R","R","M","T","R","M","R","?","M","R","BOSS","M","$","M","?","?","R","M","M","T","R","M","$","?","?","R","BOSS"],"build_version":"2019-01-23","purchased_purges":0,"victory":false,"max_hp_per_floor":[75,75,75,75,75,75,75,75,75,75,75,75,75,75,75,75,75,75,75,75,75,75,75,75,75,75,75,75,75,75,75,75,75,75,75,75,75,75,75,75,75,75,75,75,75,75,75,75,75,75],"card_choices":[{"not_picked":["Compile Driver","Steam"],"picked":"Cold Snap","floor":1.0},{"not_picked":["Conserve Battery","Capacitor"],"picked":"Hologram","floor":2.0},{"not_picked":["Go for the Eyes","Double Energy"],"picked":"Sweeping Beam","floor":3.0},{"not_picked":["Steam","Beam Cell"],"picked":"Ball Lightning","floor":5.0},{"not_picked":["FTL","Heatsinks"],"picked":"Creative AI","floor":7.0},{"not_picked":["Recycle","Rebound"],"picked":"Storm","floor":8.0},{"not_picked":["Stack","Hologram"],"picked":"Cold Snap","floor":10.0},{"not_picked":["Lockon","Scrape"],"picked":"Melter","floor":11.0},{"not_picked":["Static Discharge","Recycle"],"picked":"Redo","floor":12.0},{"not_picked":["Buffer","Meteor Strike"],"picked":"Core Surge","floor":16.0},{"not_picked":["Gash","Fusion"],"picked":"White Noise","floor":18.0},{"not_picked":["Go for the Eyes+1","Compile Driver+1"],"picked":"Turbo+1","floor":22.0},{"not_picked":["Steam","Tempest"],"picked":"Sweeping Beam","floor":25.0},{"not_picked":["BootSequence","Beam Cell"],"picked":"Leap","floor":28.0},{"not_picked":["Static Discharge","Rip and Tear"],"picked":"Redo","floor":31.0},{"not_picked":["Creative AI","Thunder Strike"],"picked":"Electrodynamics","floor":33.0},{"not_picked":["Scrape+1","Redo"],"picked":"Force Field","floor":35.0},{"not_picked":["Streamline","Compile Driver+1"],"picked":"Melter+1","floor":37.0},{"not_picked":["Barrage","Go for the Eyes"],"picked":"Hologram","floor":41},{"not_picked":["Conserve Battery+1","Buffer"],"picked":"Stack","floor":42},{"not_picked":["Compile Driver+1","Turbo"],"picked":"Conserve Battery+1","floor":45},{"not_picked":["Panacea","Thinking Ahead"],"picked":"The Bomb","floor":47}],"player_experience":189850,"relics_obtained":[{"floor":7.0,"key":"WingedGreaves"},{"floor":26.0,"key":"Smiling Mask"},{"floor":26.0,"key":"Orichalcum"},{"floor":43,"key":"Juzu Bracelet"},{"floor":43,"key":"Omamori"}],"event_choices":[{"cards_removed":["Strike_B"],"damage_healed":0.0,"max_hp_gain":0.0,"max_hp_loss":0.0,"gold_gain":0.0,"event_name":"NoteForYourself","player_choice":"Took Card","floor":4.0,"gold_loss":0.0,"damage_taken":0.0,"cards_obtained":["Defend_B"]},{"damage_healed":0.0,"max_hp_gain":0.0,"max_hp_loss":0.0,"gold_gain":0.0,"cards_transformed":["Strike_B"],"event_name":"Living Wall","player_choice":"Change","floor":14.0,"gold_loss":0.0,"damage_taken":0.0,"cards_obtained":["Chaos"]},{"damage_healed":0.0,"max_hp_gain":0.0,"max_hp_loss":0.0,"gold_gain":0.0,"event_name":"The Library","player_choice":"Read","floor":19.0,"gold_loss":0.0,"damage_taken":0.0,"cards_obtained":["Defragment"]},{"damage_healed":0.0,"max_hp_gain":0.0,"max_hp_loss":0.0,"gold_gain":90.0,"event_name":"Knowing Skull","player_choice":"GOLD ","floor":20.0,"potions_obtained":[],"gold_loss":0.0,"damage_taken":14.0,"cards_obtained":[]},{"cards_removed":["Sweeping Beam"],"damage_healed":0.0,"max_hp_gain":0.0,"max_hp_loss":0.0,"gold_gain":0.0,"event_name":"Purifier","player_choice":"Purged","floor":30.0,"gold_loss":0.0,"damage_taken":0.0},{"damage_healed":0.0,"max_hp_gain":0.0,"max_hp_loss":0.0,"gold_gain":0.0,"event_name":"Match and Keep!","player_choice":"1 cards matched","floor":39.0,"gold_loss":0.0,"damage_taken":0.0,"cards_obtained":["Force Field"]},{"damage_healed":0,"gold_gain":0,"player_choice":"Memory 1","damage_taken":0,"max_hp_gain":0,"max_hp_loss":0,"event_name":"SensoryStone","floor":47,"gold_loss":0},{"damage_healed":0,"gold_gain":0,"player_choice":"Ignored","damage_taken":0,"max_hp_gain":0,"max_hp_loss":0,"event_name":"Mysterious Sphere","floor":48,"gold_loss":0}],"is_beta":false,"boss_relics":[{"not_picked":["White Beast Statue","Philosopher\u0027s Stone"],"picked":"Runic Pyramid"},{"not_picked":["Velvet Choker","Orrery"],"picked":"Inserter"}],"items_purged_floors":[],"is_endless":false,"potions_floor_spawned":[2,7,8,12,18,28,31,35,37,45],"killed_by":"Awakened One","ascension_level":0}