{"gold_per_floor":[119,44,44,44,44,44,78,78,127,161,161,175,175,203,203,305,305,318,243,158,58,78,78,94,121,145,180,194,69,80,115,115,220,220,232,243,93,93,93,124,124,140,192,211,211,36,56,70,70,70],"floor_reached":51,"playtime":1297,"items_purged":["Strike_R","Strike_R","Strike_R","Defend_R","Strike_R+1"],"score":1247,"play_id":"d04cdf15-2194-401b-b5d8-c7abf8d911fe","local_time":"20190428162742","is_ascension_mode":true,"campfire_choices":[{"data":"Flex","floor":6.0,"key":"SMITH"},{"data":"Pommel Strike","floor":8.0,"key":"SMITH"},{"data":"Whirlwind","floor":15.0,"key":"SMITH"},{"data":"Demon Form","floor":23.0,"key":"SMITH"},{"floor":32.0,"key":"REST"},{"floor":49,"key":"REST"}],"neow_cost":"NONE","seed_source_timestamp":14236937692600,"circlet_count":0,"master_deck":["AscendersBane","Defend_R","Defend_R","Defend_R","Bash","Flex+1","Pommel Strike+1","Offering","Flame Barrier","Whirlwind+1","Demon Form+1","Sword Boomerang+1","Sword Boomerang+1","Impervious","Rampage"],"special_seed":0,"relics":["Burning Blood","NeowsBlessing","Ornamental Fan","Red Skull","Mercury Hourglass","Anchor","Pen Nib","Busted Crown","Oddly Smooth Stone","Dream Catcher","Happy Flower","Red Mask","Whetstone","Philosopher\u0027s Stone","Bronze Scales","Lantern","Molten Egg 2"],"potions_floor_usage":[50],"damage_taken":[{"damage":0.0,"enemies":"Cultist","floor":1.0,"turns":1.0},{"damage":0.0,"enemies":"Gremlin Nob","floor":7.0,"turns":1.0},{"damage":0.0,"enemies":"3 Sentries","floor":10.0,"turns":2.0},{"damage":14.0,"enemies":"Small Slimes","floor":12.0,"turns":2.0},{"damage":22.0,"enemies":"Gremlin Nob","floor":14.0,"turns":4.0},{"damage":58.0,"enemies":"The Guardian","floor":16.0,"turns":11.0},{"damage":23.0,"enemies":"Spheric Guardian","floor":18.0,"turns":3.0},{"damage":6.0,"enemies":"2 Thieves","floor":22.0,"turns":1.0},{"damage":6.0,"enemies":"3 Cultists","floor":24.0,"turns":2.0},{"damage":6.0,"enemies":"Slavers","floor":25.0,"turns":2.0},{"damage":6.0,"enemies":"Masked Bandits","floor":27.0,"turns":1.0},{"damage":6.0,"enemies":"Shelled Parasite and Fungi","floor":28.0,"turns":2.0},{"damage":6.0,"enemies":"Centurion and Healer","floor":30.0,"turns":3.0},{"damage":18.0,"enemies":"Gremlin Leader","floor":31.0,"turns":3.0},{"damage":26,"enemies":"Champ","floor":33,"turns":6},{"damage":39,"enemies":"3 Darklings","floor":35,"turns":3},{"damage":11,"enemies":"3 Shapes","floor":36,"turns":3},{"damage":28,"enemies":"Reptomancer","floor":40,"turns":4},{"damage":19,"enemies":"Sphere and 2 Shapes","floor":42,"turns":3},{"damage":24,"enemies":"Maw","floor":44,"turns":5},{"damage":6,"enemies":"Transient","floor":47,"turns":5},{"damage":0,"enemies":"Jaw Worm Horde","floor":48,"turns":2},{"damage":29,"enemies":"Donu and Deca","floor":50,"turns":3}],"seed_played":"-5183650567219432005","potions_obtained":[{"floor":10.0,"key":"Weak Potion"},{"floor":14.0,"key":"BloodPotion"},{"floor":22.0,"key":"Block Potion"},{"floor":25.0,"key":"Swift Potion"},{"floor":27.0,"key":"Regen Potion"},{"floor":30.0,"key":"Swift Potion"},{"floor":36,"key":"SpeedPotion"},{"floor":40,"key":"Ancient Potion"},{"floor":47,"key":"SkillPotion"},{"floor":48,"key":"Block Potion"}],"is_trial":false,"path_per_floor":["M","$","?","?","$","R","E","R","T","E","?","M","?","E","R","B",null,"M","?","?","$","M","R","M","E","T","?","M","$","M","E","R","B",null,"M","M","$","?","?","E","?","M","T","M","T","$","M","M","R","B",null],"character_chosen":"IRONCLAD","items_purchased":[],"campfire_rested":2,"item_purchase_floors":[],"current_hp_per_floor":[78,78,78,71,71,71,77,77,77,80,80,72,72,56,56,12,63,46,46,46,46,46,46,46,46,46,46,46,46,46,39,63,43,71,38,33,33,70,70,48,48,35,35,17,17,17,17,23,44,21],"gold":70,"neow_bonus":"THREE_ENEMY_KILL","is_prod":false,"is_daily":false,"chose_seed":false,"campfire_upgraded":4,"win_rate":0,"timestamp":1556440062,"path_taken":["M","?","?","?","$","R","E","R","T","E","?","?","?","E","R","BOSS","M","?","?","$","M","R","M","E","T","?","M","$","M","E","R","BOSS","M","M","$","?","?","E","?","M","T","?","?","?","M","?","R","BOSS"],"build_version":"2019-01-23","purchased_purges":5,"victory":true,"max_hp_per_floor":[80,80,80,80,80,80,80,80,80,80,80,80,80,80,80,80,80,80,80,80,80,80,80,80,80,80,80,80,80,80,80,80,80,80,80,80,80,70,70,70,70,70,70,70,70,70,70,70,70,70],"card_choices":[{"not_picked":["Headbutt","Shockwave"],"picked":"Flex","floor":1.0},{"not_picked":["Searing Blow","Reckless Charge"],"picked":"Pommel Strike","floor":7.0},{"not_picked":["Metallicize","Corruption"],"picked":"Offering","floor":10.0},{"not_picked":["Blood for Blood","Shrug It Off"],"picked":"Flame Barrier","floor":12.0},{"not_picked":["Clothesline","Headbutt"],"picked":"Whirlwind","floor":14.0},{"not_picked":["Juggernaut","Reaper"],"picked":"Demon Form","floor":16.0},{"not_picked":["Fire Breathing+1"],"picked":"SKIP","floor":18.0},{"not_picked":["Clothesline+1"],"picked":"SKIP","floor":22.0},{"not_picked":["Cleave"],"picked":"SKIP","floor":24.0},{"not_picked":["Rampage"],"picked":"SKIP","floor":25.0},{"not_picked":[],"picked":"Sword Boomerang","floor":27.0},{"not_picked":["Heavy Blade"],"picked":"SKIP","floor":28.0},{"not_picked":["Armaments"],"picked":"SKIP","floor":30.0},{"not_picked":["Infernal Blade"],"picked":"SKIP","floor":31.0},{"not_picked":[],"picked":"Sword Boomerang+1","floor":32.0},{"not_picked":[],"picked":"Impervious","floor":33},{"not_picked":["Clash"],"picked":"SKIP","floor":35},{"not_picked":["Shockwave"],"picked":"SKIP","floor":36},{"not_picked":["Cleave+1"],"picked":"SKIP","floor":40},{"not_picked":["Thunderclap+1"],"picked":"SKIP","floor":42},{"not_picked":["Body Slam+1"],"picked":"SKIP","floor":44},{"not_picked":["Pommel Strike+1"],"picked":"SKIP","floor":47},{"not_picked":["Wild Strike+1"],"picked":"SKIP","floor":48}],"player_experience":548338,"relics_obtained":[{"floor":7.0,"key":"Ornamental Fan"},{"floor":9.0,"key":"Red Skull"},{"floor":10.0,"key":"Mercury Hourglass"},{"floor":14.0,"key":"Pen Nib"},{"floor":25.0,"key":"Dream Catcher"},{"floor":26.0,"key":"Happy Flower"},{"floor":27.0,"key":"Red Mask"},{"floor":31.0,"key":"Whetstone"},{"floor":40,"key":"Bronze Scales"},{"floor":43,"key":"Lantern"},{"floor":45,"key":"Molten Egg 2"}],"event_choices":[{"damage_healed":0.0,"max_hp_gain":0.0,"max_hp_loss":0.0,"gold_gain":0.0,"event_name":"The Cleric","player_choice":"Leave","floor":3.0,"gold_loss":0.0,"damage_taken":0.0},{"cards_removed":["Strike_R"],"damage_healed":0.0,"max_hp_gain":0.0,"max_hp_loss":0.0,"gold_gain":0.0,"event_name":"Golden Wing","player_choice":"Card Removal","floor":4.0,"gold_loss":0.0,"damage_taken":7.0},{"damage_healed":0.0,"max_hp_gain":0.0,"max_hp_loss":0.0,"gold_gain":0.0,"event_name":"Liars Game","player_choice":"Ignored","floor":11.0,"gold_loss":0.0,"damage_taken":0.0},{"damage_healed":0.0,"max_hp_gain":0.0,"max_hp_loss":0.0,"gold_gain":0.0,"event_name":"Big Fish","player_choice":"Box","floor":13.0,"gold_loss":0.0,"damage_taken":0.0,"relics_obtained":["Anchor"],"cards_obtained":["Regret"]},{"cards_removed":["Regret"],"damage_healed":0.0,"max_hp_gain":0.0,"max_hp_loss":0.0,"gold_gain":0.0,"event_name":"Beggar","player_choice":"Gave Gold","floor":19.0,"gold_loss":75.0,"damage_taken":0.0},{"damage_healed":0.0,"max_hp_gain":0.0,"max_hp_loss":0.0,"gold_gain":0.0,"event_name":"Addict","player_choice":"Obtained Relic","floor":20.0,"gold_loss":85.0,"damage_taken":0.0,"relics_obtained":["Oddly Smooth Stone"]},{"damage_healed":0.0,"max_hp_gain":0.0,"max_hp_loss":0.0,"gold_gain":0.0,"event_name":"Masked Bandits","player_choice":"Fought Bandits","floor":27.0,"gold_loss":0.0,"damage_taken":0.0},{"damage_healed":70,"gold_gain":0,"player_choice":"Heal","damage_taken":0,"max_hp_gain":0,"max_hp_loss":10,"event_name":"The Moai Head","floor":38,"gold_loss":0},{"damage_healed":0,"gold_gain":0,"player_choice":"Memory 1","damage_taken":0,"max_hp_gain":0,"max_hp_loss":0,"event_name":"SensoryStone","floor":39,"gold_loss":0},{"damage_healed":0,"gold_gain":0,"player_choice":"1 cards matched","damage_taken":0,"max_hp_gain":0,"max_hp_loss":0,"event_name":"Match and Keep!","floor":41,"gold_loss":0,"cards_obtained":["Rampage"]}],"is_beta":false,"boss_relics":[{"not_picked":["Runic Dome","Tiny House"],"picked":"Busted Crown"},{"not_picked":["White Beast Statue","Runic Pyramid"],"picked":"Philosopher\u0027s Stone"}],"items_purged_floors":[2,21,29,37,46],"is_endless":false,"potions_floor_spawned":[10,14,22,25,27,30,36,40,47,48],"ascension_level":11}