{"path_per_floor":["M","T","M","M","?","R","E","?","T","R","E","M","?","M","R","B",null,"M","$","?","M","$","M","M"],"character_chosen":"DEFECT","items_purchased":["Matryoshka","Trip"],"gold_per_floor":[110,133,152,169,119,119,153,153,179,179,211,222,252,268,268,369,399,419,95,95,114,18,28,46,46],"floor_reached":25,"campfire_rested":0,"playtime":1050,"current_hp_per_floor":[74,74,75,72,72,72,66,75,75,75,63,65,65,67,67,37,80,63,63,47,46,46,38,3,0],"items_purged":["Strike_B"],"gold":46,"score":234,"play_id":"77fd8998-36b4-4f5c-9eda-27d808ec3502","local_time":"20180507072923","is_prod":false,"is_daily":false,"chose_seed":false,"is_ascension_mode":true,"campfire_upgraded":3,"timestamp":1525692563,"path_taken":["M","?","M","M","?","R","E","?","T","R","E","M","?","M","R","BOSS","M","$","?","M","?","M","M","?"],"build_version":"2018-05-03","seed_source_timestamp":1209090756827490,"purchased_purges":1,"victory":false,"master_deck":["Strike_B","Strike_B","Defend_B","Defend_B","Defend_B+1","Defend_B","Zap","Dualcast","Cold Snap","Coolheaded+1","Ball Lightning+1","Steam Power","Beam Cell","Prime+1","Chaos","Redo","Barrage","Necronomicurse","Capacitor","Trip","Leap+1"],"max_hp_per_floor":[75,75,75,75,75,75,75,75,75,75,75,75,75,75,75,75,80,80,80,80,80,80,80,80,80],"relics":["Runic Pyramid","Blood Vial","DataDisk","Orichalcum","Cables","Oddly Smooth Stone","Tiny House","Matryoshka","Necronomicon"],"card_choices":[{"not_picked":["Stack","Impulse"],"picked":"Cold Snap","floor":1},{"not_picked":["Impulse","Go for the Eyes"],"picked":"Coolheaded","floor":3},{"not_picked":["Go for the Eyes","Beam Cell"],"picked":"Ball Lightning","floor":4},{"not_picked":["Cold Snap","Scrape"],"picked":"Steam Power","floor":7},{"not_picked":["Reinforced Body","Coolheaded"],"picked":"Beam Cell","floor":11},{"not_picked":["Chaos","Coolheaded"],"picked":"Prime","floor":12},{"not_picked":["Impulse","Hologram"],"picked":"Chaos","floor":14},{"not_picked":["Machine Learning","Hyperbeam"],"picked":"Redo","floor":16},{"not_picked":["Rebound","Ball Lightning"],"picked":"Barrage","floor":17},{"not_picked":["Barrage","Melter"],"picked":"Capacitor","floor":21},{"not_picked":["Streamline","Axe Kick"],"picked":"Leap","floor":24}],"player_experience":56071,"potions_floor_usage":[7,23,24,24,25,25],"damage_taken":[{"damage":1,"enemies":"Cultist","floor":1,"turns":4},{"damage":0,"enemies":"Small Slimes","floor":3,"turns":3},{"damage":3,"enemies":"Jaw Worm","floor":4,"turns":4},{"damage":8,"enemies":"3 Sentries","floor":7,"turns":7},{"damage":12,"enemies":"Gremlin Nob","floor":11,"turns":4},{"damage":0,"enemies":"Gremlin Gang","floor":12,"turns":4},{"damage":0,"enemies":"Large Slime","floor":14,"turns":5},{"damage":32,"enemies":"Hexaghost","floor":16,"turns":8},{"damage":17,"enemies":"2 Thieves","floor":18,"turns":4},{"damage":3,"enemies":"Chosen","floor":21,"turns":4},{"damage":10,"enemies":"Centurion and Healer","floor":23,"turns":5},{"damage":37,"enemies":"Chosen and Byrds","floor":24,"turns":8},{"damage":14,"enemies":"Snake Plant","floor":25,"turns":2}],"event_choices":[{"event_name":"The Cleric","player_choice":"Card Removal","floor":5,"damage_taken":0},{"event_name":"Wheel of Change","player_choice":"Full Heal","floor":8,"damage_taken":0},{"event_name":"Dead Adventurer","player_choice":"Searched \u00272\u0027 times","floor":13,"damage_taken":0},{"event_name":"Cursed Tome","player_choice":"Obtained Book","floor":20,"damage_taken":0}],"boss_relics":[{"not_picked":["Eternal Feather","Velvet Choker"],"picked":"Tiny House"}],"potions_floor_spawned":[3,7,12,16,21,23,24],"seed_played":"-7031242455638320519","killed_by":"Snake Plant","ascension_level":2,"is_trial":false}