{"gold_per_floor":[216,232,407,332,332,332,348,363,363,373,399,399,420,439,439,539,539,558,558,558,558,458,458,333,333,404,421,271,286,57,71,71,169,169,183,198,211,0,10,10,37,51,51,51,62,62],"floor_reached":46,"playtime":1296,"items_purged":["Doubt","Strike_R","Strike_R","Strike_R","Strike_R"],"score":452,"play_id":"7d96d009-1f4c-4765-a3d4-4ddcf55a6456","local_time":"20190423202315","is_ascension_mode":false,"campfire_choices":[{"data":"Whirlwind","floor":6,"key":"SMITH"},{"data":"Flex","floor":12,"key":"SMITH"},{"data":"Uppercut","floor":15,"key":"SMITH"},{"data":"Limit Break","floor":23,"key":"SMITH"},{"data":"J.A.X.","floor":25,"key":"SMITH"},{"data":"Flex","floor":32,"key":"SMITH"},{"data":"Ghostly Armor","floor":40,"key":"SMITH"}],"neow_cost":"NONE","seed_source_timestamp":80760569706000,"circlet_count":0,"master_deck":["Strike_R+1","Defend_R+1","Defend_R+1","Defend_R+1","Defend_R","Bash","Uppercut+1","Whirlwind+1","Flex+1","Thunderclap","Metallicize","Ghostly Armor+1","Limit Break+1","J.A.X.+1","Flex+1","Feed","Bloodletting+1","Warcry","Feed","Pommel Strike+1","Shrug It Off"],"relics":["Burning Blood","Vajra","Darkstone Periapt","Odd Mushroom","Coffee Dripper","Sundial","Letter Opener","Sozu","Red Mask","Mummified Hand","War Paint"],"potions_floor_usage":[16,33,36,41],"damage_taken":[{"damage":5,"enemies":"Cultist","floor":1,"turns":4},{"damage":0,"enemies":"2 Louse","floor":2,"turns":3},{"damage":1,"enemies":"Jaw Worm","floor":7,"turns":3},{"damage":5,"enemies":"3 Louse","floor":8,"turns":2},{"damage":11,"enemies":"Exordium Wildlife","floor":10,"turns":2},{"damage":31,"enemies":"Lagavulin","floor":11,"turns":4},{"damage":5,"enemies":"The Mushroom Lair","floor":13,"turns":3},{"damage":0,"enemies":"Blue Slaver","floor":14,"turns":5},{"damage":36,"enemies":"Slime Boss","floor":16,"turns":11},{"damage":0,"enemies":"Chosen","floor":18,"turns":3},{"damage":15,"enemies":"2 Thieves","floor":27,"turns":3},{"damage":3,"enemies":"Sentry and Sphere","floor":29,"turns":3},{"damage":10,"enemies":"Shelled Parasite and Fungi","floor":31,"turns":3},{"damage":60,"enemies":"Automaton","floor":33,"turns":8},{"damage":6,"enemies":"Orb Walker","floor":35,"turns":2},{"damage":24,"enemies":"3 Shapes","floor":36,"turns":3},{"damage":18,"enemies":"Spire Growth","floor":37,"turns":3},{"damage":14,"enemies":"Writhing Mass","floor":39,"turns":4},{"damage":37,"enemies":"Giant Head","floor":41,"turns":6},{"damage":12,"enemies":"Transient","floor":42,"turns":5},{"damage":7,"enemies":"Maw","floor":45,"turns":6},{"damage":16,"enemies":"Spire Growth","floor":46,"turns":2}],"seed_played":"-6791000526466978630","potions_obtained":[{"floor":1,"key":"Swift Potion"},{"floor":8,"key":"EssenceOfSteel"},{"floor":11,"key":"FairyPotion"},{"floor":29,"key":"SteroidPotion"},{"floor":33,"key":"Swift Potion"}],"is_trial":false,"path_per_floor":["M","M","?","$","?","R","M","M","T","M","E","R","?","M","R","B",null,"M","?","?","?","$","R","$","R","T","M","$","M","$","M","R","B",null,"M","M","M","?","M","R","E","M","T","?","M","M"],"character_chosen":"IRONCLAD","items_purchased":["Flex"],"campfire_rested":0,"item_purchase_floors":[30],"current_hp_per_floor":[80,80,80,80,64,64,69,70,70,65,40,40,41,47,47,17,80,80,80,65,65,65,65,65,65,65,56,56,59,59,55,55,17,88,88,73,61,61,53,53,22,16,16,16,15,0],"gold":62,"neow_bonus":"HUNDRED_GOLD","is_prod":false,"is_daily":false,"chose_seed":false,"campfire_upgraded":7,"win_rate":0,"timestamp":1556022195,"path_taken":["M","?","?","$","?","R","M","M","T","M","E","R","?","M","R","BOSS","M","?","?","?","$","R","?","R","T","M","?","M","$","?","R","BOSS","M","M","M","?","M","R","E","M","T","?","M","M"],"build_version":"2019-01-23","purchased_purges":5,"victory":false,"max_hp_per_floor":[80,80,80,80,80,80,80,80,80,80,80,80,80,80,80,80,80,80,80,85,85,85,85,85,85,85,85,85,85,85,85,85,88,88,88,91,91,91,91,91,91,91,91,91,91,91],"card_choices":[{"not_picked":["Intimidate","Thunderclap"],"picked":"Uppercut","floor":1},{"not_picked":["Disarm","Sword Boomerang"],"picked":"Whirlwind","floor":2},{"not_picked":["Cleave","Bloodletting"],"picked":"Flex","floor":7},{"not_picked":["Combust","Body Slam"],"picked":"Thunderclap","floor":8},{"not_picked":["Dropkick","Body Slam","Havoc"],"picked":"SKIP","floor":10},{"not_picked":["Sword Boomerang","Evolve"],"picked":"Metallicize","floor":11},{"not_picked":["Exhume","Headbutt"],"picked":"Ghostly Armor","floor":14},{"not_picked":["Double Tap","Brutality"],"picked":"Limit Break","floor":16},{"not_picked":["Warcry","Carnage","Wild Strike"],"picked":"SKIP","floor":18},{"not_picked":["Body Slam","Blood for Blood+1","True Grit"],"picked":"SKIP","floor":27},{"not_picked":["Infernal Blade","Burning Pact","Rage+1"],"picked":"SKIP","floor":29},{"not_picked":["Perfected Strike","Clash"],"picked":"Feed","floor":31},{"not_picked":["Cleave+1","Whirlwind"],"picked":"Bloodletting+1","floor":35},{"not_picked":["Anger","Perfected Strike+1","Twin Strike"],"picked":"SKIP","floor":36},{"not_picked":["Rage","Perfected Strike+1","Havoc"],"picked":"SKIP","floor":37},{"not_picked":["Shockwave","Cleave"],"picked":"Warcry","floor":39},{"not_picked":["Second Wind+1","Sentinel+1"],"picked":"Feed","floor":41},{"not_picked":["Perfected Strike+1","Cleave+1"],"picked":"Pommel Strike+1","floor":42},{"not_picked":["Havoc+1","Dark Embrace"],"picked":"Shrug It Off","floor":45}],"player_experience":523102,"relics_obtained":[{"floor":9,"key":"Vajra"},{"floor":11,"key":"Darkstone Periapt"},{"floor":13,"key":"Odd Mushroom"},{"floor":26,"key":"Letter Opener"},{"floor":41,"key":"Mummified Hand"},{"floor":43,"key":"War Paint"}],"event_choices":[{"damage_healed":0,"gold_gain":175,"player_choice":"AGREE","damage_taken":0,"max_hp_gain":0,"max_hp_loss":0,"event_name":"Liars Game","floor":3,"gold_loss":0,"cards_obtained":["Doubt"]},{"damage_healed":0,"gold_gain":0,"player_choice":"Entered Light","damage_taken":16,"max_hp_gain":0,"max_hp_loss":0,"event_name":"Shining Light","floor":5,"gold_loss":0,"cards_upgraded":["Strike_R","Defend_R"]},{"damage_healed":0,"gold_gain":0,"player_choice":"Fought Mushrooms","damage_taken":0,"max_hp_gain":0,"max_hp_loss":0,"event_name":"Mushrooms","floor":13,"gold_loss":0},{"damage_healed":0,"gold_gain":0,"player_choice":"Obtain J.A.X.","damage_taken":0,"max_hp_gain":0,"max_hp_loss":0,"event_name":"Drug Dealer","floor":19,"gold_loss":0,"cards_obtained":["J.A.X."]},{"damage_healed":0,"gold_gain":0,"player_choice":"Shed Blood","damage_taken":20,"max_hp_gain":5,"max_hp_loss":0,"event_name":"Forgotten Altar","floor":20,"gold_loss":0},{"damage_healed":0,"gold_gain":0,"player_choice":"Opened","damage_taken":0,"relics_obtained":["Sundial"],"max_hp_gain":0,"max_hp_loss":0,"event_name":"The Mausoleum","floor":21,"gold_loss":0},{"damage_healed":0,"gold_gain":0,"player_choice":"Paid","damage_taken":0,"relics_obtained":["Red Mask"],"max_hp_gain":0,"max_hp_loss":0,"event_name":"Tomb of Lord Red Mask","floor":38,"gold_loss":211},{"damage_healed":0,"gold_gain":0,"player_choice":"Ignored","damage_taken":0,"max_hp_gain":0,"max_hp_loss":0,"event_name":"SecretPortal","floor":44,"gold_loss":0}],"is_beta":false,"boss_relics":[{"not_picked":["Cursed Key","Velvet Choker"],"picked":"Coffee Dripper"},{"not_picked":["Empty Cage","Eternal Feather"],"picked":"Sozu"}],"items_purged_floors":[4,22,24,28,30],"is_endless":false,"potions_floor_spawned":[1,8,11,29,31,33,35,37,41,42],"killed_by":"Spire Growth","ascension_level":0}