{"gold_per_floor":[113,188,88,88,101,101,101,135,190,210,225,237,137,122],"floor_reached":14,"playtime":333,"items_purged":["Defend_B","Strike_B"],"score":90,"play_id":"153d8956-3de0-412f-a4c3-43f7a0c5cfac","local_time":"20180818134511","is_ascension_mode":false,"campfire_choices":[{"data":"Coolheaded","floor":6,"key":"SMITH"}],"neow_cost":"","seed_source_timestamp":141735599984000,"circlet_count":0,"master_deck":["Strike_B","Strike_B","Defend_B","Defend_B","Defend_B","Zap","Dualcast","Turbo","Coolheaded+1","Sunder","Lockon","Echo Form","Redo","Compile Driver","White Noise"],"relics":["Cracked Core","Potion Belt","Bronze Scales","Dream Catcher"],"potions_floor_usage":[8,12,14],"damage_taken":[{"damage":8,"enemies":"Jaw Worm","floor":1,"turns":3},{"damage":0,"enemies":"Cultist","floor":5,"turns":4},{"damage":32,"enemies":"Lagavulin","floor":8,"turns":4},{"damage":0,"enemies":"2 Louse","floor":10,"turns":2},{"damage":7,"enemies":"Blue Slaver","floor":11,"turns":3},{"damage":0,"enemies":"2 Fungi Beasts","floor":12,"turns":2},{"damage":10,"enemies":"Exordium Thugs","floor":14,"turns":1}],"seed_played":"-3360232395875497481","potions_obtained":[{"floor":5,"key":"PowerPotion"},{"floor":11,"key":"Strength Potion"},{"floor":12,"key":"LiquidBronze"}],"is_trial":false,"path_per_floor":["M","?","$","?","M","R","?","E","T","M","M","M","$"],"character_chosen":"DEFECT","items_purchased":["Coolheaded"],"campfire_rested":0,"item_purchase_floors":[3],"current_hp_per_floor":[67,60,60,42,42,42,42,10,10,10,3,3,3,0],"gold":122,"neow_bonus":"","is_prod":false,"is_daily":false,"chose_seed":false,"campfire_upgraded":1,"win_rate":0,"timestamp":1534571111,"path_taken":["M","?","$","?","M","R","?","E","T","M","M","M","$","?"],"build_version":"2018-08-16","purchased_purges":2,"victory":false,"max_hp_per_floor":[75,75,75,75,75,75,75,75,75,75,75,75,75,75],"card_choices":[{"not_picked":["Sweeping Beam","Static Discharge"],"picked":"Turbo","floor":1},{"not_picked":["Stack","Barrage"],"picked":"Sunder","floor":5},{"not_picked":["Barrage","Gash"],"picked":"Echo Form","floor":8},{"not_picked":["Melter","Conserve Battery"],"picked":"Redo","floor":10},{"not_picked":["Tempest","Streamline"],"picked":"Compile Driver","floor":11},{"not_picked":["Go for the Eyes","Rip and Tear"],"picked":"White Noise","floor":12}],"player_experience":344221,"relics_obtained":[{"floor":8,"key":"Bronze Scales"},{"floor":9,"key":"Dream Catcher"}],"event_choices":[{"event_name":"FaceTrader","player_choice":"Touch","floor":2,"damage_taken":0},{"event_name":"Scrap Ooze","player_choice":"success","floor":4,"damage_taken":18},{"event_name":"Transmorgrifier","player_choice":"Transform","floor":7,"damage_taken":0}],"is_beta":false,"boss_relics":[],"items_purged_floors":[3,13],"is_endless":false,"potions_floor_spawned":[5,11,12],"killed_by":"Exordium Thugs","ascension_level":0}