{"gold_per_floor":[11,11,11,23,40,40,71,71,117,142,162,187,21,21,21,93,93,106,106,106,56,73,73,93,128,151,151,161,161,174,188,188,265,265,277,5,0,0,10,41,41,51,104,135,135,153,153,187,187,187,187,187,187,1,31,31],"floor_reached":56,"playtime":3195,"items_purged":["Strike_B","Zap","Sunder+1"],"score":2076,"play_id":"228b103a-de5f-498b-b87d-59bba073c4f9","local_time":"20190423150134","is_ascension_mode":true,"campfire_choices":[{"data":"Sunder","floor":6.0,"key":"SMITH"},{"data":"Fusion","floor":8.0,"key":"SMITH"},{"data":"Chaos","floor":15.0,"key":"SMITH"},{"data":"Coolheaded","floor":23.0,"key":"SMITH"},{"floor":27.0,"key":"REST"},{"data":"Dualcast","floor":29.0,"key":"SMITH"},{"floor":32.0,"key":"REST"},{"data":"Skim","floor":41.0,"key":"SMITH"},{"floor":49.0,"key":"RECALL"},{"data":"Recycle","floor":53.0,"key":"SMITH"}],"neow_cost":"NO_GOLD","seed_source_timestamp":216594376575535,"circlet_count":0,"master_deck":["AscendersBane","Dualcast+1","Skim+1","Hologram+1","Chaos+1","White Noise+1","Fusion+1","Turbo+1","Coolheaded+1","Multi-Cast+1","Thunder Strike+1","Ball Lightning+1","Undo+1","Capacitor+1","Go for the Eyes+1","Tempest+1","BootSequence+1","Creative AI+1","Glacier+1","Beam Cell+1","Hologram+1","Cold Snap+1","Genetic Algorithm+1","Compile Driver+1","Skim+1","Chill","Recycle+1","Core Surge+1","Coolheaded+1","Double Energy"],"special_seed":0,"relics":["Cracked Core","Smiling Mask","Anchor","Molten Egg 2","Regal Pillow","Runic Dome","Pear","War Paint","Pandora\u0027s Box","Lee\u0027s Waffle","Red Mask","Mark of the Bloom","PreservedInsect","Ancient Tea Set","Omamori","Pen Nib","Bag of Marbles"],"potions_floor_usage":[56],"damage_taken":[{"damage":0.0,"enemies":"Small Slimes","floor":1.0,"turns":2.0},{"damage":0.0,"enemies":"2 Louse","floor":4.0,"turns":1.0},{"damage":9.0,"enemies":"Jaw Worm","floor":5.0,"turns":5.0},{"damage":37.0,"enemies":"3 Sentries","floor":7.0,"turns":9.0},{"damage":12.0,"enemies":"Gremlin Nob","floor":10.0,"turns":3.0},{"damage":1.0,"enemies":"Looter","floor":11.0,"turns":2.0},{"damage":8.0,"enemies":"Slime Boss","floor":16.0,"turns":6.0},{"damage":12.0,"enemies":"Shell Parasite","floor":18.0,"turns":4.0},{"damage":0.0,"enemies":"Chosen","floor":22.0,"turns":3.0},{"damage":20.0,"enemies":"Snake Plant","floor":24.0,"turns":4.0},{"damage":18.0,"enemies":"Slavers","floor":25.0,"turns":6.0},{"damage":8.0,"enemies":"3 Cultists","floor":28.0,"turns":4.0},{"damage":31.0,"enemies":"Cultist and Chosen","floor":30.0,"turns":5.0},{"damage":8.0,"enemies":"Centurion and Healer","floor":31.0,"turns":6.0},{"damage":3.0,"enemies":"Champ","floor":33.0,"turns":11.0},{"damage":26.0,"enemies":"3 Darklings","floor":35.0,"turns":4.0},{"damage":0.0,"enemies":"Orb Walker","floor":39.0,"turns":2.0},{"damage":5.0,"enemies":"Giant Head","floor":40.0,"turns":7.0},{"damage":5.0,"enemies":"Transient","floor":42.0,"turns":6.0},{"damage":10.0,"enemies":"Nemesis","floor":44.0,"turns":7.0},{"damage":0.0,"enemies":"Sphere and 2 Shapes","floor":46.0,"turns":5.0},{"damage":0.0,"enemies":"Giant Head","floor":48.0,"turns":4.0},{"damage":15.0,"enemies":"Awakened One","floor":50.0,"turns":9.0},{"damage":10.0,"enemies":"Time Eater","floor":51.0,"turns":12.0},{"damage":0.0,"enemies":"Shield and Spear","floor":55.0,"turns":6.0},{"damage":51,"enemies":"The Heart","floor":56,"turns":2}],"seed_played":"-8850678636690755962","potions_obtained":[{"floor":5.0,"key":"FearPotion"},{"floor":10.0,"key":"Poison Potion"},{"floor":11.0,"key":"Dexterity Potion"},{"floor":18.0,"key":"Dexterity Potion"},{"floor":25.0,"key":"PowerPotion"},{"floor":31.0,"key":"Weak Potion"},{"floor":40.0,"key":"Weak Potion"},{"floor":42.0,"key":"SpeedPotion"},{"floor":44.0,"key":"Swift Potion"},{"floor":48.0,"key":"Strength Potion"}],"is_trial":false,"path_per_floor":["M","?","?","M","M","R","E","R","T","E","M","T","$","?","R","B",null,"M","?","?","$","M","R","M","E","T","R","M","R","M","M","R","B",null,"M","$","?","?","M","E","R","M","T","E","$","M","?","E","R","B","B",null,"R","$","E","B"],"character_chosen":"DEFECT","items_purchased":["Multi-Cast","Lee\u0027s Waffle","Double Energy","Swift Potion"],"campfire_rested":2,"item_purchase_floors":[13,36,54,54],"current_hp_per_floor":[64,64,64,64,55,55,18,18,18,6,5,5,5,22,22,14,57,45,45,45,45,45,45,25,17,17,55,47,47,16,8,46,43,69,43,85,85,85,85,80,80,75,75,65,65,65,65,65,65,50,40,40,40,40,40,0],"gold":31,"neow_bonus":"TRANSFORM_TWO_CARDS","is_prod":false,"is_daily":false,"chose_seed":false,"campfire_upgraded":7,"win_rate":0,"timestamp":1556002894,"path_taken":["M","?","?","M","M","R","E","R","T","E","M","?","$","?","R","BOSS","M","?","?","$","M","R","M","E","T","R","M","R","?","M","R","BOSS","M","$","?","?","M","E","R","M","T","E","$","M","?","E","R","BOSS","BOSS","R","$","E","BOSS"],"build_version":"2019-01-23","purchased_purges":3,"victory":false,"max_hp_per_floor":[71,71,71,71,71,71,71,71,71,71,71,71,71,71,71,71,71,71,71,68,68,68,68,68,78,78,78,78,78,78,78,78,78,78,78,85,85,85,85,85,85,85,85,85,85,85,85,85,85,85,85,85,85,85,85,85],"card_choices":[{"not_picked":["Compile Driver","Stack"],"picked":"Hologram","floor":1.0},{"not_picked":["Steam Power","Rip and Tear"],"picked":"Chaos","floor":4.0},{"not_picked":["Auto Shields","Consume"],"picked":"White Noise","floor":5.0},{"not_picked":["Reprogram","FTL"],"picked":"Fusion","floor":7.0},{"not_picked":["Darkness","White Noise"],"picked":"Turbo","floor":10.0},{"not_picked":["Leap","Streamline+1"],"picked":"Coolheaded","floor":11.0},{"not_picked":["Electrodynamics","Multi-Cast"],"picked":"Thunder Strike+1","floor":16.0},{"not_picked":["Reinforced Body+1","Turbo"],"picked":"Ball Lightning+1","floor":18.0},{"not_picked":["Sweeping Beam+1","Ball Lightning+1"],"picked":"Capacitor","floor":22.0},{"not_picked":["Sweeping Beam+1","Hello World"],"picked":"Go for the Eyes+1","floor":24.0},{"not_picked":["Barrage+1","Scrape+1","Static Discharge"],"picked":"SKIP","floor":25.0},{"not_picked":["Streamline+1","Darkness","Chaos"],"picked":"SKIP","floor":28.0},{"not_picked":["Redo+1","Consume"],"picked":"Tempest","floor":30.0},{"not_picked":["Hyperbeam+1","Ball Lightning+1"],"picked":"BootSequence","floor":31.0},{"not_picked":["Reboot","Rainbow"],"picked":"Creative AI","floor":33.0},{"not_picked":["Cold Snap+1","Streamline+1"],"picked":"Compile Driver+1","floor":35.0},{"not_picked":["Ball Lightning+1","Sweeping Beam+1"],"picked":"Skim","floor":39.0},{"not_picked":["Amplify","Cold Snap+1"],"picked":"Chill","floor":40.0},{"not_picked":["Go for the Eyes+1","Fusion+1"],"picked":"Recycle","floor":42.0},{"not_picked":["Leap+1","Melter+1"],"picked":"Core Surge+1","floor":44.0},{"not_picked":["Conserve Battery","Barrage+1","Leap"],"picked":"SKIP","floor":46.0},{"not_picked":["Streamline+1","Machine Learning"],"picked":"Coolheaded+1","floor":48.0},{"not_picked":["Compile Driver+1","Static Discharge","Lockon+1"],"picked":"SKIP","floor":55.0}],"player_experience":1447566,"relics_obtained":[{"floor":7.0,"key":"Smiling Mask"},{"floor":9.0,"key":"Anchor"},{"floor":10.0,"key":"Molten Egg 2"},{"floor":12.0,"key":"Regal Pillow"},{"floor":25.0,"key":"Pear"},{"floor":26.0,"key":"War Paint"},{"floor":40.0,"key":"PreservedInsect"},{"floor":44.0,"key":"Ancient Tea Set"},{"floor":47.0,"key":"Omamori"},{"floor":48.0,"key":"Pen Nib"},{"floor":55.0,"key":"Bag of Marbles"}],"event_choices":[{"damage_healed":0.0,"max_hp_gain":0.0,"max_hp_loss":0.0,"gold_gain":0.0,"event_name":"The Cleric","player_choice":"Leave","floor":2.0,"gold_loss":0.0,"damage_taken":0.0},{"damage_healed":0.0,"max_hp_gain":0.0,"max_hp_loss":0.0,"gold_gain":0.0,"event_name":"Liars Game","player_choice":"Ignored","floor":3.0,"gold_loss":0.0,"damage_taken":0.0},{"damage_healed":17.0,"max_hp_gain":0.0,"max_hp_loss":0.0,"gold_gain":0.0,"event_name":"Mushrooms","player_choice":"Healed and dodged fight","floor":14.0,"gold_loss":0.0,"damage_taken":0.0,"cards_obtained":["Parasite"]},{"damage_healed":0.0,"max_hp_gain":0.0,"max_hp_loss":0.0,"gold_gain":0.0,"event_name":"The Library","player_choice":"Read","floor":19.0,"gold_loss":0.0,"damage_taken":0.0,"cards_obtained":["Undo"]},{"cards_removed":["Parasite"],"damage_healed":0.0,"max_hp_gain":0.0,"max_hp_loss":0.0,"gold_gain":0.0,"event_name":"Fountain of Cleansing","player_choice":"Removed Curses","floor":20.0,"gold_loss":0.0,"damage_taken":0.0},{"damage_healed":0.0,"max_hp_gain":0.0,"max_hp_loss":0.0,"gold_gain":0.0,"event_name":"Tomb of Lord Red Mask","player_choice":"Paid","floor":37.0,"gold_loss":5.0,"damage_taken":0.0,"relics_obtained":["Red Mask"]},{"damage_healed":0.0,"max_hp_gain":0.0,"max_hp_loss":0.0,"gold_gain":0.0,"event_name":"MindBloom","player_choice":"Upgrade","floor":38.0,"gold_loss":0.0,"damage_taken":0.0,"cards_upgraded":["Skim","Hologram","White Noise","Turbo","Multi-Cast","Capacitor","Tempest","BootSequence","Creative AI","Glacier","Hologram","Genetic Algorithm"],"relics_obtained":["Mark of the Bloom"]},{"damage_healed":0.0,"max_hp_gain":0.0,"max_hp_loss":0.0,"gold_gain":0.0,"event_name":"Wheel of Change","player_choice":"Relic","floor":47.0,"gold_loss":0.0,"damage_taken":0.0}],"is_beta":false,"boss_relics":[{"not_picked":["Philosopher\u0027s Stone","Velvet Choker"],"picked":"Runic Dome"},{"not_picked":["Tiny House","Lizard Tail"],"picked":"Pandora\u0027s Box"}],"items_purged_floors":[21,36,54],"is_endless":false,"potions_floor_spawned":[5,10,11,18,25,31,40,42,44,48],"killed_by":"The Heart","ascension_level":20}