{"gold_per_floor":[110,185,203,214,214,214,240,240,240,303,130,130],"floor_reached":12,"playtime":306,"items_purged":[],"score":159,"play_id":"c549a23a-d375-40be-b1be-c168c9d0823b","local_time":"20180926113033","is_ascension_mode":true,"campfire_choices":[{"data":"Rip and Tear","floor":6.0,"key":"SMITH"},{"data":"Beam Cell","floor":8.0,"key":"SMITH"}],"neow_cost":"NONE","seed_source_timestamp":0,"circlet_count":0,"master_deck":["Strike_B","Strike_B","Strike_B","Strike_B","Defend_B","Defend_B","Defend_B","Defend_B","Zap","Dualcast","AscendersBane","Conserve Battery","Rip and Tear+1","Rebound","Beam Cell+1","Go for the Eyes","Self Repair","White Noise"],"special_seed":0,"relics":["Cracked Core","PreservedInsect","Ice Cream","Unceasing Top","Tiny Chest"],"potions_floor_usage":[10],"damage_taken":[{"damage":3.0,"enemies":"2 Louse","floor":1.0,"turns":3.0},{"damage":0.0,"enemies":"Jaw Worm","floor":3.0,"turns":3.0},{"damage":3.0,"enemies":"Small Slimes","floor":4.0,"turns":3.0},{"damage":18.0,"enemies":"3 Sentries","floor":7.0,"turns":5.0},{"damage":20,"enemies":"Gremlin Nob","floor":10,"turns":3},{"damage":14,"enemies":"Blue Slaver","floor":12,"turns":2}],"seed_played":"1971233899989666874","potions_obtained":[{"floor":7.0,"key":"Dexterity Potion"}],"is_trial":false,"path_per_floor":["M","?","M","M","?","R","E","R","T","E","$"],"character_chosen":"DEFECT","items_purchased":["Self Repair","White Noise"],"campfire_rested":0,"item_purchase_floors":[11,11],"current_hp_per_floor":[61,50,50,47,47,47,29,29,29,9,9,0],"gold":130,"neow_bonus":"RANDOM_COMMON_RELIC","is_prod":false,"is_daily":false,"chose_seed":false,"campfire_upgraded":2,"win_rate":0,"timestamp":1537975833,"path_taken":["M","?","M","M","?","R","E","R","T","E","$","M"],"build_version":"2018-09-20","purchased_purges":0,"victory":false,"max_hp_per_floor":[71,71,71,71,71,71,71,71,71,71,71,71],"card_choices":[{"not_picked":["Compile Driver","Coolheaded"],"picked":"Conserve Battery","floor":1.0},{"not_picked":["Compile Driver","Rebound"],"picked":"Rip and Tear","floor":3.0},{"not_picked":["Reinforced Body","Redo"],"picked":"Rebound","floor":4.0},{"not_picked":["Steam Power","Hologram"],"picked":"Beam Cell","floor":7.0},{"not_picked":["Streamline","Stack"],"picked":"Go for the Eyes","floor":10}],"player_experience":592395,"relics_obtained":[{"floor":7.0,"key":"Ice Cream"},{"floor":9.0,"key":"Unceasing Top"},{"floor":10,"key":"Tiny Chest"}],"event_choices":[{"event_name":"World of Goop","player_choice":"Gather Gold","floor":2.0,"damage_taken":0.0},{"event_name":"Golden Wing","player_choice":"Ignored","floor":5.0,"damage_taken":0.0}],"is_beta":false,"boss_relics":[],"items_purged_floors":[],"is_endless":false,"potions_floor_spawned":[7],"killed_by":"Blue Slaver","ascension_level":17}