{"gold_per_floor":[117,117,117,9,27,27,58,58,58,71,88,151,151,164,164,269,269,281,281,380,305,316,346,346,381,436,436,396,45,60,60,60,164,164,177,177,177,191,291,291,326,326],"floor_reached":42,"playtime":2438,"items_purged":["Regret"],"score":802,"play_id":"1a65de00-8007-4ead-8656-0eba3563a7e6","local_time":"20190506153649","is_ascension_mode":true,"campfire_choices":[{"data":"Zap","floor":6,"key":"SMITH"},{"data":"Sunder","floor":8,"key":"SMITH"},{"floor":13,"key":"REST"},{"floor":15,"key":"REST"},{"floor":24,"key":"REST"},{"floor":27,"key":"REST"},{"floor":32,"key":"REST"},{"data":"Loop","floor":40,"key":"SMITH"}],"neow_cost":"NONE","seed_source_timestamp":75287801773909,"circlet_count":0,"master_deck":["AscendersBane","Defend_B","Defend_B","Defend_B","Defend_B","Zap+1","Dualcast","Sunder+1","Conserve Battery","Coolheaded+1","Chaos+1","Ball Lightning","Cold Snap","Tempest","White Noise","All For One","Leap+1","Loop+1","Defragment","Capacitor","Biased Cognition","White Noise","Ball Lightning+1","Sweeping Beam","Redo+1","Coolheaded","Bite","Bite","Bite","Bite","Bite","Electrodynamics","Beam Cell+1","Master of Strategy","Impatience","Jack Of All Trades","Master of Strategy","Stack+1","Heatsinks","Echo Form"],"relics":["Orrery","Darkstone Periapt","Juzu Bracelet","Omamori","Matryoshka","Nuclear Battery","Nilry\u0027s Codex","Vajra","Ice Cream","Happy Flower","Pen Nib","DataDisk","ClockworkSouvenir","Cursed Key","Gambling Chip","Kunai"],"potions_floor_usage":[12,14,16,23,25],"damage_taken":[{"damage":7,"enemies":"2 Louse","floor":1,"turns":2},{"damage":1,"enemies":"Small Slimes","floor":5,"turns":3},{"damage":22,"enemies":"3 Sentries","floor":7,"turns":6},{"damage":6,"enemies":"Cultist","floor":10,"turns":3},{"damage":1,"enemies":"3 Louse","floor":11,"turns":2},{"damage":21,"enemies":"Lagavulin Event","floor":12,"turns":5},{"damage":10,"enemies":"Exordium Wildlife","floor":14,"turns":3},{"damage":38,"enemies":"The Guardian","floor":16,"turns":9},{"damage":24,"enemies":"Shell Parasite","floor":18,"turns":6},{"damage":15,"enemies":"Spheric Guardian","floor":22,"turns":4},{"damage":0,"enemies":"Gremlin Leader","floor":23,"turns":6},{"damage":34,"enemies":"Book of Stabbing","floor":25,"turns":7},{"damage":24,"enemies":"Snake Plant","floor":30,"turns":3},{"damage":21,"enemies":"Collector","floor":33,"turns":9},{"damage":4,"enemies":"3 Shapes","floor":35,"turns":3},{"damage":13,"enemies":"Orb Walker","floor":38,"turns":3},{"damage":0,"enemies":"Mind Bloom Boss Battle","floor":39,"turns":5},{"damage":14,"enemies":"Nemesis","floor":41,"turns":5},{"damage":30,"enemies":"Writhing Mass","floor":42,"turns":2}],"seed_played":"-2447241163688265209","potions_obtained":[{"floor":5,"key":"GamblersBrew"},{"floor":10,"key":"Regen Potion"},{"floor":12,"key":"Explosive Potion"},{"floor":16,"key":"GamblersBrew"},{"floor":18,"key":"EssenceOfSteel"},{"floor":22,"key":"Fire Potion"},{"floor":38,"key":"Fire Potion"}],"is_trial":false,"path_per_floor":["M","?","?","$","M","R","E","R","T","M","M","?","R","M","R","B",null,"M","?","?","?","M","E","R","E","T","R","?","$","M","?","R","B",null,"M","?","?","M","?","R","E","M"],"character_chosen":"DEFECT","items_purchased":["Tempest","DataDisk","ClockworkSouvenir"],"campfire_rested":5,"item_purchase_floors":[4,29,29],"current_hp_per_floor":[61,67,67,67,66,66,44,44,44,38,37,16,40,30,54,31,69,45,29,29,29,14,14,38,4,4,28,28,28,4,4,20,13,45,47,37,37,28,36,36,28,0],"gold":326,"neow_bonus":"BOSS_RELIC","is_prod":false,"is_daily":false,"chose_seed":false,"campfire_upgraded":3,"win_rate":0,"timestamp":1557182209,"path_taken":["M","?","?","$","?","R","E","R","T","M","M","?","R","M","R","BOSS","M","?","?","?","M","E","R","E","T","R","?","$","M","?","R","BOSS","M","?","?","M","?","R","E","M"],"build_version":"2019-01-23","purchased_purges":1,"victory":false,"max_hp_per_floor":[75,81,81,81,81,81,81,81,81,81,81,81,81,81,81,81,81,81,81,81,81,81,81,81,81,81,81,81,81,81,56,56,56,56,56,56,56,56,56,56,56,56],"card_choices":[{"not_picked":["Compile Driver","Steam"],"picked":"Sunder","floor":0},{"not_picked":["Steam","Capacitor"],"picked":"Conserve Battery","floor":0},{"not_picked":["Sweeping Beam","Leap"],"picked":"Coolheaded","floor":0},{"not_picked":["Darkness","Beam Cell"],"picked":"Chaos","floor":0},{"not_picked":["Doom and Gloom","Turbo"],"picked":"Ball Lightning","floor":0},{"not_picked":["Coolheaded","Stack"],"picked":"Cold Snap","floor":1},{"not_picked":["Hologram","Doom and Gloom"],"picked":"White Noise","floor":5},{"not_picked":["Go for the Eyes","Rebound"],"picked":"All For One","floor":7},{"not_picked":["Turbo","Cold Snap"],"picked":"Leap","floor":10},{"not_picked":["Redo","Tempest"],"picked":"Loop","floor":11},{"not_picked":["Rip and Tear","Turbo"],"picked":"Defragment","floor":12},{"not_picked":["Leap","Streamline"],"picked":"Capacitor","floor":14},{"not_picked":["Amplify","Buffer"],"picked":"Biased Cognition","floor":16},{"not_picked":["Turbo","Cold Snap"],"picked":"White Noise","floor":18},{"not_picked":["Steam Power","Streamline+1"],"picked":"Ball Lightning+1","floor":22},{"not_picked":["Rebound","Skim"],"picked":"Sweeping Beam","floor":23},{"not_picked":["Hologram","Sunder"],"picked":"Redo+1","floor":25},{"not_picked":["Redo","Go for the Eyes"],"picked":"Coolheaded","floor":30},{"not_picked":["All For One","Biased Cognition"],"picked":"Electrodynamics","floor":33},{"not_picked":["Stack","Rebound"],"picked":"Beam Cell+1","floor":35},{"not_picked":["Panacea","Chrysalis"],"picked":"Master of Strategy","floor":36},{"not_picked":["Trip","Violence"],"picked":"Impatience","floor":36},{"not_picked":["Discovery","Purity"],"picked":"Jack Of All Trades","floor":36},{"not_picked":["Rebound","Turbo"],"picked":"Stack+1","floor":38},{"not_picked":["Leap","Conserve Battery+1"],"picked":"Heatsinks","floor":39},{"not_picked":["Leap","Coolheaded+1"],"picked":"Echo Form","floor":41}],"player_experience":593081,"relics_obtained":[{"floor":7,"key":"Juzu Bracelet"},{"floor":9,"key":"Omamori"},{"floor":12,"key":"Matryoshka"},{"floor":19,"key":"Nilry\u0027s Codex"},{"floor":23,"key":"Vajra"},{"floor":25,"key":"Ice Cream"},{"floor":26,"key":"Happy Flower"},{"floor":26,"key":"Pen Nib"},{"floor":39,"key":"Gambling Chip"},{"floor":41,"key":"Kunai"}],"event_choices":[{"damage_healed":0,"gold_gain":0,"player_choice":"Box","damage_taken":0,"relics_obtained":["Darkstone Periapt"],"max_hp_gain":0,"max_hp_loss":0,"event_name":"Big Fish","floor":2,"gold_loss":0,"cards_obtained":["Regret"]},{"damage_healed":0,"gold_gain":0,"player_choice":"Upgraded","damage_taken":0,"max_hp_gain":0,"max_hp_loss":0,"event_name":"Upgrade Shrine","floor":3,"gold_loss":0,"cards_upgraded":["Chaos"]},{"damage_healed":0,"gold_gain":0,"player_choice":"Searched \u00272\u0027 times","damage_taken":0,"max_hp_gain":0,"max_hp_loss":0,"event_name":"Dead Adventurer","floor":12,"gold_loss":0},{"damage_healed":0,"gold_gain":0,"player_choice":"Obtained Book","damage_taken":16,"max_hp_gain":0,"max_hp_loss":0,"event_name":"Cursed Tome","floor":19,"gold_loss":0},{"damage_healed":0,"gold_gain":99,"player_choice":"Stole From Cult","damage_taken":0,"max_hp_gain":0,"max_hp_loss":0,"event_name":"Nest","floor":20,"gold_loss":0},{"cards_removed":["Strike_B"],"damage_healed":0,"gold_gain":0,"player_choice":"Gave Gold","damage_taken":0,"max_hp_gain":0,"max_hp_loss":0,"event_name":"Beggar","floor":21,"gold_loss":75},{"damage_healed":0,"gold_gain":0,"player_choice":"Upgraded Two","damage_taken":0,"max_hp_gain":0,"max_hp_loss":0,"event_name":"Designer","floor":28,"gold_loss":40,"cards_upgraded":["Leap","Coolheaded"]},{"damage_healed":0,"gold_gain":0,"player_choice":"Became a vampire","damage_taken":0,"max_hp_gain":0,"max_hp_loss":25,"event_name":"Vampires","floor":31,"gold_loss":0,"cards_obtained":["Bite","Bite","Bite","Bite","Bite"]},{"damage_healed":0,"gold_gain":0,"player_choice":"Memory 3","damage_taken":10,"max_hp_gain":0,"max_hp_loss":0,"event_name":"SensoryStone","floor":36,"gold_loss":0},{"damage_healed":0,"gold_gain":0,"player_choice":"Copied","damage_taken":0,"max_hp_gain":0,"max_hp_loss":0,"event_name":"Duplicator","floor":37,"gold_loss":0,"cards_obtained":["Master of Strategy"]},{"damage_healed":0,"gold_gain":0,"player_choice":"Fight","damage_taken":0,"max_hp_gain":0,"max_hp_loss":0,"event_name":"MindBloom","floor":39,"gold_loss":0}],"is_beta":false,"boss_relics":[{"not_picked":["Runic Pyramid","White Beast Statue"],"picked":"Nuclear Battery"},{"not_picked":["Calling Bell","Busted Crown"],"picked":"Cursed Key"}],"items_purged_floors":[4],"is_endless":false,"potions_floor_spawned":[5,10,12,16,18,22,38],"killed_by":"Writhing Mass","ascension_level":11}