{"gold_per_floor":[118,43,61,80,80,80,98,98,98,110,127,227,246,259,259,259],"floor_reached":16,"playtime":839,"items_purged":["Strike_R"],"score":96,"play_id":"987ccfaf-9bae-4333-91d9-c70f441bdcc1","local_time":"20180718225546","is_ascension_mode":false,"campfire_choices":[{"data":"True Grit","floor":6,"key":"SMITH"},{"data":"Bash","floor":8,"key":"SMITH"},{"data":"Defend_R","floor":15,"key":"SMITH"}],"neow_cost":"TEN_PERCENT_HP_LOSS","seed_source_timestamp":307624067130721,"circlet_count":0,"master_deck":["Strike_R","Strike_R","Strike_R","Strike_R","Defend_R+1","Defend_R","Defend_R","Defend_R","Bash+1","True Grit+1"],"relics":["Burning Blood","Sundial","Bottled Lightning"],"potions_floor_usage":[7,16,16],"damage_taken":[{"damage":13,"enemies":"2 Louse","floor":1,"turns":2},{"damage":6,"enemies":"Cultist","floor":3,"turns":4},{"damage":0,"enemies":"Small Slimes","floor":4,"turns":5},{"damage":8,"enemies":"Exordium Thugs","floor":7,"turns":4},{"damage":5,"enemies":"Large Slime","floor":10,"turns":7},{"damage":11,"enemies":"Looter","floor":11,"turns":3},{"damage":7,"enemies":"2 Fungi Beasts","floor":13,"turns":4},{"damage":16,"enemies":"Blue Slaver","floor":14,"turns":5},{"damage":69,"enemies":"Slime Boss","floor":16,"turns":10}],"seed_played":"2156371218684395209","potions_obtained":[{"floor":4,"key":"Fire Potion"},{"floor":5,"key":"BloodPotion"},{"floor":5,"key":"Regen Potion"},{"floor":7,"key":"SkillPotion"},{"floor":10,"key":"Dexterity Potion"},{"floor":14,"key":"Swift Potion"}],"is_trial":false,"path_per_floor":["M","$","M","M","?","R","M","R","T","M","M","?","M","M","R"],"character_chosen":"IRONCLAD","items_purchased":[],"campfire_rested":0,"item_purchase_floors":[],"current_hp_per_floor":[65,65,65,71,71,71,69,69,69,70,65,65,64,54,54,0],"gold":259,"neow_bonus":"ONE_RARE_RELIC","is_prod":false,"is_daily":false,"chose_seed":false,"campfire_upgraded":3,"win_rate":0,"timestamp":1531925746,"path_taken":["M","$","M","M","?","R","M","R","T","?","M","?","M","M","R","BOSS"],"build_version":"2018-07-12","purchased_purges":1,"victory":false,"max_hp_per_floor":[72,72,72,72,72,72,72,72,72,72,72,72,72,72,72,72],"card_choices":[{"not_picked":["Twin Strike","Clash"],"picked":"True Grit","floor":1},{"not_picked":["Twin Strike","Flex","Rage"],"picked":"SKIP","floor":3},{"not_picked":["Havoc","Clothesline","Cleave"],"picked":"SKIP","floor":4},{"not_picked":["Sword Boomerang","Ghostly Armor","Headbutt"],"picked":"SKIP","floor":7},{"not_picked":["Inflame","Sword Boomerang","Pommel Strike"],"picked":"SKIP","floor":10},{"not_picked":["Pummel","Headbutt","Sword Boomerang"],"picked":"SKIP","floor":11},{"not_picked":["Corruption","Armaments","Sword Boomerang"],"picked":"SKIP","floor":13},{"not_picked":["Reckless Charge","Whirlwind","Iron Wave"],"picked":"SKIP","floor":14}],"player_experience":302930,"relics_obtained":[{"floor":9,"key":"Bottled Lightning"}],"event_choices":[{"event_name":"The Lab","player_choice":"Got Potions","floor":5,"damage_taken":0},{"event_name":"Golden Shrine","player_choice":"Pray","floor":12,"damage_taken":0}],"boss_relics":[],"items_purged_floors":[2],"is_endless":false,"potions_floor_spawned":[4,7,10,14],"killed_by":"Slime Boss","ascension_level":0}