{"gold_per_floor":[118,118,128,146,159,190,190,217,267,294,294,219,234,265,265,342,342,352,366,22,35,35,70,80,80,80,80,97,107,142,156,156,235,235,251,251,269,144,163,198,198,225,225,225,243,273,288,388,388,388,388,388,388,38,67,67],"floor_reached":57,"playtime":3926,"items_purged":["Slice","All Out Attack","Dash","Survivor"],"score":3478,"play_id":"61f6bd0b-ae7c-40f3-ae95-f3b04e85c662","local_time":"20190327165330","is_ascension_mode":true,"campfire_choices":[{"data":"Concentrate","floor":11.0,"key":"SMITH"},{"data":"Flechettes","floor":15.0,"key":"SMITH"},{"data":"Calculated Gamble","floor":25.0,"key":"SMITH"},{"data":"Reflex","floor":32.0,"key":"SMITH"},{"data":"Acrobatics","floor":44.0,"key":"SMITH"},{"floor":49.0,"key":"RECALL"},{"data":"Escape Plan","floor":53,"key":"SMITH"}],"neow_cost":"NONE","seed_source_timestamp":2149025691228904,"circlet_count":0,"master_deck":["AscendersBane","Noxious Fumes","Backstab","Doppelganger+1","Malaise+1","Acrobatics+1","Concentrate+1","Flechettes+1","Well Laid Plans","Escape Plan+1","After Image","Blur+1","Calculated Gamble+1","PiercingWail+1","Reflex+1","Endless Agony","Master of Strategy","Distraction+1"],"special_seed":0,"relics":["Pandora\u0027s Box","The Specimen","Dodecahedron","Bronze Scales","Dream Catcher","Centennial Puzzle","Coffee Dripper","PreservedInsect","Strawberry","Question Card","Pen Nib","Runic Pyramid","Bottled Lightning","Anchor","War Paint","Prayer Wheel","Ninja Scroll"],"potions_floor_usage":[51,56],"damage_taken":[{"damage":3.0,"enemies":"2 Louse","floor":1.0,"turns":2.0},{"damage":0.0,"enemies":"Cultist","floor":3.0,"turns":3.0},{"damage":0.0,"enemies":"Small Slimes","floor":4.0,"turns":3.0},{"damage":8.0,"enemies":"Exordium Wildlife","floor":5.0,"turns":6.0},{"damage":25.0,"enemies":"3 Sentries","floor":6.0,"turns":8.0},{"damage":0.0,"enemies":"Lagavulin","floor":8.0,"turns":7.0},{"damage":14.0,"enemies":"3 Sentries","floor":10.0,"turns":7.0},{"damage":0.0,"enemies":"Large Slime","floor":13.0,"turns":3.0},{"damage":7.0,"enemies":"Gremlin Nob","floor":14.0,"turns":6.0},{"damage":0.0,"enemies":"Slime Boss","floor":16.0,"turns":7.0},{"damage":0.0,"enemies":"3 Byrds","floor":18.0,"turns":3.0},{"damage":5.0,"enemies":"Shell Parasite","floor":19.0,"turns":5.0},{"damage":2.0,"enemies":"Shelled Parasite and Fungi","floor":21.0,"turns":6.0},{"damage":0.0,"enemies":"Gremlin Leader","floor":23.0,"turns":5.0},{"damage":0.0,"enemies":"3 Cultists","floor":24.0,"turns":4.0},{"damage":0.0,"enemies":"Snake Plant","floor":28.0,"turns":4.0},{"damage":0.0,"enemies":"Cultist and Chosen","floor":29.0,"turns":8.0},{"damage":0.0,"enemies":"Book of Stabbing","floor":30.0,"turns":4.0},{"damage":0.0,"enemies":"Centurion and Healer","floor":31.0,"turns":4.0},{"damage":0.0,"enemies":"Champ","floor":33.0,"turns":5.0},{"damage":0.0,"enemies":"Orb Walker","floor":35.0,"turns":4.0},{"damage":0.0,"enemies":"3 Shapes","floor":37.0,"turns":4.0},{"damage":0.0,"enemies":"3 Darklings","floor":39.0,"turns":3.0},{"damage":10.0,"enemies":"Reptomancer","floor":40.0,"turns":4.0},{"damage":0.0,"enemies":"Giant Head","floor":42.0,"turns":2.0},{"damage":5.0,"enemies":"4 Shapes","floor":45.0,"turns":3.0},{"damage":3.0,"enemies":"Nemesis","floor":46.0,"turns":5.0},{"damage":0.0,"enemies":"Sphere and 2 Shapes","floor":47.0,"turns":7.0},{"damage":0.0,"enemies":"Mind Bloom Boss Battle","floor":48.0,"turns":3.0},{"damage":0.0,"enemies":"Time Eater","floor":50.0,"turns":7.0},{"damage":0,"enemies":"Donu and Deca","floor":51,"turns":3},{"damage":15,"enemies":"Shield and Spear","floor":55,"turns":2},{"damage":47,"enemies":"The Heart","floor":56,"turns":7}],"seed_played":"-8681587606619724610","potions_obtained":[{"floor":5.0,"key":"Regen Potion"},{"floor":8.0,"key":"Strength Potion"},{"floor":10.0,"key":"GhostInAJar"},{"floor":18.0,"key":"Fire Potion"},{"floor":24.0,"key":"PowerPotion"},{"floor":37.0,"key":"Block Potion"},{"floor":39.0,"key":"LiquidBronze"},{"floor":40.0,"key":"Dexterity Potion"},{"floor":55,"key":"GamblersBrew"}],"is_trial":false,"path_per_floor":["M","?","M","M","M","E","?","E","T","E","R","$","M","E","R","B",null,"M","M","$","M","?","E","M","R","T","?","M","M","E","M","R","B",null,"M","?","M","$","M","E","?","E","T","R","M","E","M","?","R","B","B",null,"R","$","E","B",null],"character_chosen":"THE_SILENT","items_purchased":["GhostInAJar","PreservedInsect","Master of Strategy"],"campfire_rested":0,"item_purchase_floors":[20,20,54],"current_hp_per_floor":[56,56,56,56,48,38,38,38,38,24,24,24,24,17,17,17,54,54,49,49,47,76,83,83,83,83,83,83,83,83,83,83,83,83,83,83,83,83,83,73,73,73,73,73,68,65,65,65,65,65,65,79,79,79,64,17],"gold":67,"neow_bonus":"BOSS_RELIC","is_prod":false,"is_daily":false,"chose_seed":false,"campfire_upgraded":6,"win_rate":0,"timestamp":1553676810,"path_taken":["M","?","?","M","M","E","?","E","T","E","R","?","M","E","R","BOSS","M","M","$","M","?","E","?","R","T","?","M","?","E","M","R","BOSS","M","?","M","$","M","E","?","E","T","R","M","E","?","?","R","BOSS","BOSS","R","$","E","BOSS"],"build_version":"2019-01-23","purchased_purges":4,"victory":true,"max_hp_per_floor":[66,66,66,66,66,66,66,66,66,66,66,66,66,66,66,66,66,66,66,66,66,76,83,83,83,83,83,83,83,83,83,83,83,83,83,83,83,83,83,83,83,83,83,83,83,83,83,83,83,83,83,83,83,83,83,83],"card_choices":[{"not_picked":["Underhanded Strike","Slice"],"picked":"Acrobatics","floor":1.0},{"not_picked":["Caltrops","Deadly Poison"],"picked":"Flechettes","floor":3.0},{"not_picked":["Underhanded Strike","Flying Knee","Predator"],"picked":"SKIP","floor":4.0},{"not_picked":["Backflip","Dodge and Roll"],"picked":"Well Laid Plans","floor":5.0},{"not_picked":["Terror","Dagger Throw","Dagger Spray"],"picked":"SKIP","floor":6.0},{"not_picked":["Masterful Stab","Dash","PiercingWail"],"picked":"SKIP","floor":8.0},{"not_picked":["Masterful Stab","Dash","PiercingWail"],"picked":"SKIP","floor":8.0},{"not_picked":["Prepared","Outmaneuver","Acrobatics"],"picked":"SKIP","floor":10.0},{"not_picked":["Dodge and Roll","Prepared","Slice"],"picked":"SKIP","floor":13.0},{"not_picked":["Wraith Form v2","Dagger Throw"],"picked":"Escape Plan","floor":14.0},{"not_picked":["Corpse Explosion","Grand Finale"],"picked":"After Image","floor":16.0},{"not_picked":["Dodge and Roll","PiercingWail"],"picked":"Blur+1","floor":18.0},{"not_picked":["Flying Knee","Prepared"],"picked":"Calculated Gamble","floor":19.0},{"not_picked":["Dagger Spray","Leg Sweep+1"],"picked":"PiercingWail+1","floor":21.0},{"not_picked":["Underhanded Strike","Dodge and Roll","Prepared"],"picked":"SKIP","floor":23.0},{"not_picked":["Dagger Spray","Calculated Gamble","Leg Sweep"],"picked":"SKIP","floor":24.0},{"not_picked":["Deadly Poison","Dagger Spray","Poisoned Stab","Slice"],"picked":"SKIP","floor":28.0},{"not_picked":["Prepared","Corpse Explosion","Quick Slash","Blur"],"picked":"SKIP","floor":29.0},{"not_picked":["Prepared","Corpse Explosion","Quick Slash","Blur"],"picked":"SKIP","floor":29.0},{"not_picked":["Unload","Dagger Throw+1","Backstab","PiercingWail"],"picked":"SKIP","floor":30.0},{"not_picked":["Distraction","Terror+1","Dagger Spray"],"picked":"Reflex","floor":31.0},{"not_picked":["Masterful Stab","Acrobatics","Well Laid Plans+1","Sucker Punch"],"picked":"SKIP","floor":35.0},{"not_picked":["Underhanded Strike","Venomology","Poisoned Stab+1","Dagger Throw"],"picked":"SKIP","floor":37.0},{"not_picked":["Footwork","Blade Dance","Acrobatics+1","Flying Knee"],"picked":"SKIP","floor":39.0},{"not_picked":["Eviscerate","Reflex","Bouncing Flask+1","Choke"],"picked":"SKIP","floor":40.0},{"not_picked":["Deflect","Caltrops","Choke","Outmaneuver"],"picked":"SKIP","floor":42.0},{"not_picked":["All Out Attack+1","Underhanded Strike+1","Tools of the Trade","Slice+1"],"picked":"SKIP","floor":45.0},{"not_picked":["Underhanded Strike","Catalyst","Dodge and Roll","Expertise"],"picked":"SKIP","floor":46.0},{"not_picked":["Terror","Endless Agony","All Out Attack","Backstab"],"picked":"SKIP","floor":47.0},{"not_picked":["Dagger Spray","Prepared","Backstab"],"picked":"Distraction+1","floor":55}],"player_experience":1281131,"relics_obtained":[{"floor":6.0,"key":"The Specimen"},{"floor":8.0,"key":"Dodecahedron"},{"floor":9.0,"key":"Bronze Scales"},{"floor":10.0,"key":"Dream Catcher"},{"floor":14.0,"key":"Centennial Puzzle"},{"floor":23.0,"key":"Strawberry"},{"floor":26.0,"key":"Question Card"},{"floor":30.0,"key":"Pen Nib"},{"floor":40.0,"key":"Bottled Lightning"},{"floor":42.0,"key":"Anchor"},{"floor":46.0,"key":"War Paint"},{"floor":48.0,"key":"Prayer Wheel"},{"floor":55,"key":"Ninja Scroll"}],"event_choices":[{"damage_healed":0.0,"max_hp_gain":0.0,"max_hp_loss":0.0,"gold_gain":0.0,"cards_transformed":["Sucker Punch"],"event_name":"Transmorgrifier","player_choice":"Transformed","floor":2.0,"gold_loss":0.0,"damage_taken":0.0,"cards_obtained":["Concentrate"]},{"damage_healed":0.0,"max_hp_gain":0.0,"max_hp_loss":0.0,"gold_gain":0.0,"event_name":"Liars Game","player_choice":"Ignored","floor":7.0,"gold_loss":0.0,"damage_taken":0.0},{"cards_removed":["Malaise"],"damage_healed":19.0,"max_hp_gain":10.0,"max_hp_loss":0.0,"gold_gain":0.0,"event_name":"Bonfire Elementals","player_choice":"Offered Rare","floor":22.0,"gold_loss":0.0,"damage_taken":0.0},{"cards_removed":["Dash"],"damage_healed":0.0,"max_hp_gain":0.0,"max_hp_loss":0.0,"gold_gain":0.0,"event_name":"Purifier","player_choice":"Purged","floor":27.0,"gold_loss":0.0,"damage_taken":0.0},{"damage_healed":0.0,"max_hp_gain":0.0,"max_hp_loss":0.0,"gold_gain":0.0,"event_name":"Tomb of Lord Red Mask","player_choice":"Ignored","floor":36.0,"gold_loss":0.0,"damage_taken":0.0},{"damage_healed":0.0,"max_hp_gain":0.0,"max_hp_loss":0.0,"gold_gain":0.0,"cards_transformed":["Neutralize"],"event_name":"Transmorgrifier","player_choice":"Transformed","floor":41.0,"gold_loss":0.0,"damage_taken":0.0,"cards_obtained":["Endless Agony"]},{"damage_healed":0.0,"max_hp_gain":0.0,"max_hp_loss":0.0,"gold_gain":0.0,"event_name":"MindBloom","player_choice":"Fight","floor":48.0,"gold_loss":0.0,"damage_taken":0.0}],"is_beta":false,"boss_relics":[{"not_picked":["Runic Dome","HoveringKite"],"picked":"Coffee Dripper"},{"not_picked":["Orrery","Cursed Key"],"picked":"Runic Pyramid"}],"items_purged_floors":[12,20,38,54],"is_endless":false,"potions_floor_spawned":[5,8,10,18,24,29,30,37,39,40,47,55],"ascension_level":20}