{"gold_per_floor":[113,113,113,133,153,153,184,184,184,211,136,136,136,36,36,109,109,129,143,143,143,162,162],"floor_reached":23,"playtime":736,"items_purged":["Strike_R","Strike_R"],"score":335,"play_id":"8c8036ff-2636-4a50-a3db-42172a097fe5","local_time":"20190501104126","is_ascension_mode":true,"campfire_choices":[{"data":"Iron Wave","floor":6.0,"key":"SMITH"},{"data":"Burning Pact","floor":8.0,"key":"SMITH"},{"floor":15.0,"key":"REST"}],"neow_cost":"NONE","seed_source_timestamp":0,"circlet_count":0,"master_deck":["AscendersBane","Strike_R","Strike_R","Defend_R","Defend_R","Defend_R","Defend_R","Bash","Seeing Red","Twin Strike","Seeing Red","Iron Wave+1","Burning Pact+1","Demon Form","Metallicize","Armaments","Writhe","Shrug It Off"],"special_seed":0,"relics":["Burning Blood","Letter Opener","Self Forming Clay","Question Card","Art of War","Mark of Pain","Incense Burner"],"potions_floor_usage":[22],"damage_taken":[{"damage":13.0,"enemies":"Small Slimes","floor":1.0,"turns":5.0},{"damage":8.0,"enemies":"2 Louse","floor":4.0,"turns":2.0},{"damage":0.0,"enemies":"Cultist","floor":5.0,"turns":2.0},{"damage":16.0,"enemies":"Gremlin Nob","floor":7.0,"turns":3.0},{"damage":37.0,"enemies":"3 Sentries","floor":10.0,"turns":8.0},{"damage":41,"enemies":"The Guardian","floor":16,"turns":11},{"damage":16,"enemies":"Shell Parasite","floor":18,"turns":5},{"damage":20,"enemies":"3 Byrds","floor":19,"turns":7},{"damage":17,"enemies":"Snecko","floor":22,"turns":6},{"damage":14,"enemies":"3 Cultists","floor":23,"turns":3}],"seed_played":"-8234881993367016491","potions_obtained":[{"floor":1.0,"key":"PowerPotion"},{"floor":4.0,"key":"Swift Potion"},{"floor":7.0,"key":"LiquidBronze"},{"floor":19,"key":"AttackPotion"}],"is_trial":false,"path_per_floor":["M","?","?","M","M","R","E","R","T","E","$","?","?","$","R","B",null,"M","M","?","?","M","M"],"character_chosen":"IRONCLAD","items_purchased":[],"campfire_rested":1,"item_purchase_floors":[],"current_hp_per_floor":[61,66,66,64,70,70,60,60,60,29,29,29,22,22,46,11,63,53,39,24,24,13,0],"gold":162,"neow_bonus":"THREE_CARDS","is_prod":false,"is_daily":false,"chose_seed":false,"campfire_upgraded":2,"win_rate":0,"timestamp":1556678486,"path_taken":["M","?","?","?","M","R","E","R","T","E","?","?","?","$","R","BOSS","M","M","?","?","M","M"],"build_version":"2019-01-23","purchased_purges":2,"victory":false,"max_hp_per_floor":[75,80,80,80,80,80,80,80,80,80,80,80,80,80,80,80,80,80,80,85,85,85,85],"card_choices":[{"not_picked":["Cleave","Armaments"],"picked":"Seeing Red","floor":0.0},{"not_picked":["Second Wind","Thunderclap"],"picked":"Twin Strike","floor":1.0},{"not_picked":["Clothesline","Perfected Strike"],"picked":"Seeing Red","floor":4.0},{"not_picked":["Warcry","Cleave"],"picked":"Iron Wave","floor":5.0},{"not_picked":["Fire Breathing","True Grit"],"picked":"Burning Pact","floor":7.0},{"not_picked":["Entrench","Immolate","Thunderclap"],"picked":"Demon Form","floor":10.0},{"not_picked":["Corruption","Inflame","Hemokinesis"],"picked":"Metallicize","floor":18},{"not_picked":["Perfected Strike","Havoc","Headbutt"],"picked":"Armaments","floor":19},{"not_picked":["Warcry","Twin Strike","Dropkick"],"picked":"Shrug It Off","floor":22}],"player_experience":564406,"relics_obtained":[{"floor":3.0,"key":"Letter Opener"},{"floor":7.0,"key":"Self Forming Clay"},{"floor":9.0,"key":"Question Card"},{"floor":10.0,"key":"Art of War"}],"event_choices":[{"damage_healed":0.0,"max_hp_gain":5.0,"max_hp_loss":0.0,"gold_gain":0.0,"event_name":"Big Fish","player_choice":"Donut","floor":2.0,"gold_loss":0.0,"damage_taken":0.0},{"damage_healed":0.0,"max_hp_gain":0.0,"max_hp_loss":0.0,"gold_gain":0.0,"event_name":"Wheel of Change","player_choice":"Relic","floor":3.0,"gold_loss":0.0,"damage_taken":0.0},{"damage_healed":0.0,"max_hp_gain":0.0,"max_hp_loss":0.0,"gold_gain":0.0,"event_name":"Dead Adventurer","player_choice":"Searched \u00271\u0027 times","floor":12.0,"gold_loss":0.0,"damage_taken":0.0},{"cards_removed":["Strike_R"],"damage_healed":0.0,"max_hp_gain":0.0,"max_hp_loss":0.0,"gold_gain":0.0,"event_name":"Golden Wing","player_choice":"Card Removal","floor":13.0,"gold_loss":0.0,"damage_taken":7.0},{"damage_healed":0,"gold_gain":0,"player_choice":"Shed Blood","damage_taken":20,"max_hp_gain":5,"max_hp_loss":0,"event_name":"Forgotten Altar","floor":20,"gold_loss":0},{"damage_healed":0,"gold_gain":0,"player_choice":"Opened","damage_taken":0,"relics_obtained":["Incense Burner"],"max_hp_gain":0,"max_hp_loss":0,"event_name":"The Mausoleum","floor":21,"gold_loss":0,"cards_obtained":["Writhe"]}],"is_beta":false,"boss_relics":[{"not_picked":["Coffee Dripper","Ectoplasm"],"picked":"Mark of Pain"}],"items_purged_floors":[11,14],"is_endless":false,"potions_floor_spawned":[1,4,7,19],"killed_by":"3 Cultists","ascension_level":14}