{"gold_per_floor":[110,285,300,317,337,337,337,363,363,396,412,412,30,44,44,139,139,128,128,128,145,156,187,112,112,137,166,177,190,190,207,207,310,310,330,330,126,126,136,136,165,181,206,206],"floor_reached":44,"playtime":1810,"items_purged":["Strike_B","Strike_B"],"score":686,"play_id":"5f141ff1-5d73-4334-86b1-b4bdbf45cf6c","local_time":"20181005001208","is_ascension_mode":true,"campfire_choices":[{"data":"Loop","floor":6,"key":"SMITH"},{"floor":12,"key":"REST"},{"data":"Apotheosis","floor":15,"key":"SMITH"},{"data":"Seek","floor":25,"key":"SMITH"},{"floor":30,"key":"REST"},{"data":"Self Repair","floor":32,"key":"SMITH"},{"data":"Impatience","floor":40,"key":"SMITH"}],"neow_cost":"TEN_PERCENT_HP_LOSS","seed_source_timestamp":141739123657407,"circlet_count":0,"master_deck":["Strike_B","Strike_B","Defend_B","Defend_B","Defend_B","Defend_B","Zap","Dualcast","Ball Lightning","Loop+1","Leap","Self Repair+1","Leap","BootSequence","Apotheosis+1","Seek+1","Conserve Battery+1","Conserve Battery+1","Impatience+1","Redo+1"],"relics":["Cracked Core","Torii","NlothsMask","Orichalcum","Pear","Lee\u0027s Waffle","Busted Crown","Mummified Hand","DataDisk","Oddly Smooth Stone","Thread and Needle","Lizard Tail","Bird Faced Urn","Singing Bowl","Darkstone Periapt","Lantern"],"potions_floor_usage":[8,10,14,16,23,31,33,33,41,41],"damage_taken":[{"damage":7,"enemies":"Jaw Worm","floor":1,"turns":4},{"damage":13,"enemies":"Small Slimes","floor":3,"turns":3},{"damage":6,"enemies":"Cultist","floor":4,"turns":3},{"damage":7,"enemies":"Large Slime","floor":5,"turns":5},{"damage":21,"enemies":"Gremlin Nob","floor":8,"turns":4},{"damage":11,"enemies":"Lagavulin","floor":10,"turns":7},{"damage":9,"enemies":"Exordium Thugs","floor":11,"turns":4},{"damage":2,"enemies":"Gremlin Gang","floor":14,"turns":4},{"damage":32,"enemies":"Slime Boss","floor":16,"turns":8},{"damage":19,"enemies":"2 Thieves","floor":18,"turns":4},{"damage":3,"enemies":"Shell Parasite","floor":21,"turns":6},{"damage":9,"enemies":"Centurion and Healer","floor":22,"turns":10},{"damage":32,"enemies":"Slavers","floor":23,"turns":7},{"damage":31,"enemies":"Gremlin Leader","floor":27,"turns":9},{"damage":7,"enemies":"Shelled Parasite and Fungi","floor":28,"turns":6},{"damage":10,"enemies":"Snake Plant","floor":29,"turns":4},{"damage":0,"enemies":"Snecko","floor":31,"turns":6},{"damage":43,"enemies":"Champ","floor":33,"turns":15},{"damage":26,"enemies":"3 Darklings","floor":35,"turns":8},{"damage":0,"enemies":"Mind Bloom Boss Battle","floor":36,"turns":9},{"damage":1,"enemies":"3 Shapes","floor":39,"turns":7},{"damage":43,"enemies":"2 Orb Walkers","floor":41,"turns":6},{"damage":22,"enemies":"Maw","floor":42,"turns":9},{"damage":129,"enemies":"Giant Head","floor":44,"turns":10}],"seed_played":"-1864913483116559598","potions_obtained":[{"floor":3,"key":"Swift Potion"},{"floor":5,"key":"Ancient Potion"},{"floor":8,"key":"FearPotion"},{"floor":10,"key":"Block Potion"},{"floor":21,"key":"Dexterity Potion"},{"floor":22,"key":"Block Potion"},{"floor":28,"key":"Energy Potion"},{"floor":29,"key":"FearPotion"},{"floor":31,"key":"Block Potion"},{"floor":35,"key":"Explosive Potion"},{"floor":39,"key":"Strength Potion"},{"floor":42,"key":"Ancient Potion"}],"is_trial":false,"path_per_floor":["M","?","M","M","M","R","?","E","T","E","M","R","$","M","R","B",null,"M","?","T","M","M","E","$","R","T","E","M","M","R","M","R","B",null,"M","?","$","T","M","R","E","M","T"],"character_chosen":"DEFECT","items_purchased":["Apotheosis","Lee\u0027s Waffle","Impatience"],"campfire_rested":2,"item_purchase_floors":[13,13,37],"current_hp_per_floor":[61,61,48,42,35,35,35,14,14,20,18,41,85,85,85,60,79,70,70,70,77,78,56,56,56,56,35,38,35,60,67,67,34,72,56,66,66,66,81,81,54,46,46,0],"gold":206,"neow_bonus":"ONE_RARE_RELIC","is_prod":false,"is_daily":false,"chose_seed":false,"campfire_upgraded":5,"win_rate":0,"timestamp":1538691128,"path_taken":["M","?","M","M","?","R","?","E","T","E","M","R","$","M","R","BOSS","M","?","?","?","M","E","$","R","T","E","M","M","R","M","R","BOSS","M","?","$","?","M","R","E","M","T","E"],"build_version":"2018-10-04","purchased_purges":2,"victory":false,"max_hp_per_floor":[68,68,68,68,68,68,68,68,68,78,78,78,85,85,85,85,85,85,85,85,85,85,85,85,85,85,85,85,85,85,85,85,85,85,85,85,85,85,87,87,89,89,89,89],"card_choices":[{"not_picked":["Gash","Beam Cell"],"picked":"Ball Lightning","floor":1},{"not_picked":["Hologram","Sweeping Beam"],"picked":"Loop","floor":3},{"not_picked":["Loop","Go for the Eyes"],"picked":"Leap","floor":4},{"not_picked":["Streamline","Recycle","Compile Driver"],"picked":"SKIP","floor":5},{"not_picked":["Storm","Redo"],"picked":"Self Repair","floor":8},{"not_picked":["Sweeping Beam","Gash"],"picked":"Leap","floor":10},{"not_picked":["Seek","Coolheaded"],"picked":"BootSequence","floor":11},{"not_picked":["Stack","Streamline","Sweeping Beam"],"picked":"SKIP","floor":14},{"not_picked":["All For One","Fission"],"picked":"Seek","floor":16},{"not_picked":["Chill"],"picked":"SKIP","floor":18},{"not_picked":["Static Discharge"],"picked":"SKIP","floor":21},{"not_picked":["Compile Driver+1"],"picked":"SKIP","floor":22},{"not_picked":["Steam Power"],"picked":"SKIP","floor":23},{"not_picked":["Rebound"],"picked":"SKIP","floor":27},{"not_picked":["Cold Snap"],"picked":"SKIP","floor":28},{"not_picked":["Stack"],"picked":"SKIP","floor":29},{"not_picked":["Turbo"],"picked":"SKIP","floor":31},{"not_picked":[],"picked":"Conserve Battery+1","floor":35},{"not_picked":[],"picked":"Conserve Battery+1","floor":36},{"not_picked":["Conserve Battery+1"],"picked":"Singing Bowl","floor":39},{"not_picked":["Compile Driver"],"picked":"Singing Bowl","floor":41},{"not_picked":[],"picked":"Redo+1","floor":42}],"player_experience":149050,"relics_obtained":[{"floor":8,"key":"Orichalcum"},{"floor":10,"key":"Pear"},{"floor":20,"key":"Mummified Hand"},{"floor":23,"key":"DataDisk"},{"floor":26,"key":"Oddly Smooth Stone"},{"floor":27,"key":"Thread and Needle"},{"floor":36,"key":"Bird Faced Urn"},{"floor":38,"key":"Singing Bowl"},{"floor":41,"key":"Darkstone Periapt"},{"floor":43,"key":"Lantern"}],"event_choices":[{"event_name":"Liars Game","player_choice":"agreed","floor":2,"damage_taken":0},{"event_name":"FaceTrader","player_choice":"Trade","floor":7,"damage_taken":0},{"event_name":"Back to Basics","player_choice":"Elegance","floor":19,"damage_taken":0},{"event_name":"MindBloom","player_choice":"Fight","floor":36,"damage_taken":0}],"is_beta":true,"boss_relics":[{"not_picked":["Runic Pyramid","Snecko Eye"],"picked":"Busted Crown"},{"not_picked":["Velvet Choker","Eternal Feather"],"picked":"Lizard Tail"}],"items_purged_floors":[24,37],"is_endless":false,"potions_floor_spawned":[3,5,8,10,21,22,28,29,31,35,39,42],"killed_by":"Giant Head","ascension_level":8}