{"gold_per_floor":[110,110,123,44,44,44,67,87,111,36,57,57,11,26,26,152,152,177,198,98,58,71,71,84,84,84,0,24,24,42,42,42,42],"floor_reached":33,"playtime":1361,"items_purged":["Defend_B","Strike_B"],"score":275,"play_id":"c5c67cb8-ca98-4c2f-8216-94c037d20d91","local_time":"20180806030115","is_ascension_mode":true,"campfire_choices":[{"data":"Rainbow","floor":6,"key":"SMITH"},{"floor":12,"key":"REST"},{"data":"Double Energy","floor":15,"key":"SMITH"},{"floor":23,"key":"REST"},{"data":"Turbo","floor":25,"key":"SMITH"},{"floor":29,"key":"REST"},{"floor":32,"key":"REST"}],"neow_cost":"","seed_source_timestamp":46185988157541,"circlet_count":0,"master_deck":["Strike_B","Strike_B","Defend_B","Defend_B","Defend_B","Zap","Dualcast","Static Discharge","Rainbow+1","Tempest","Tempest","Turbo+1","Double Energy+1","Reboot","Conserve Battery","Self Repair","Conserve Battery+1","Fusion"],"relics":["Cracked Core","Golden Idol","Strawberry","Runic Pyramid","Molten Egg 2","Ancient Tea Set"],"potions_floor_usage":[33,33,33],"damage_taken":[{"damage":0,"enemies":"Small Slimes","floor":1,"turns":3},{"damage":0,"enemies":"2 Louse","floor":3,"turns":3},{"damage":2,"enemies":"Jaw Worm","floor":7,"turns":3},{"damage":0,"enemies":"Large Slime","floor":8,"turns":5},{"damage":8,"enemies":"Looter","floor":11,"turns":3},{"damage":19,"enemies":"Exordium Wildlife","floor":14,"turns":3},{"damage":39,"enemies":"Hexaghost","floor":16,"turns":8},{"damage":12,"enemies":"Chosen","floor":18,"turns":2},{"damage":0,"enemies":"Spheric Guardian","floor":19,"turns":2},{"damage":36,"enemies":"3 Cultists","floor":22,"turns":4},{"damage":17,"enemies":"Cultist and Chosen","floor":24,"turns":5},{"damage":18,"enemies":"Snake Plant","floor":28,"turns":3},{"damage":21,"enemies":"3 Cultists","floor":30,"turns":4},{"damage":74,"enemies":"Champ","floor":33,"turns":11}],"seed_played":"4465819996778818314","potions_obtained":[{"floor":1,"key":"Swift Potion"},{"floor":3,"key":"SteroidPotion"},{"floor":7,"key":"Energy Potion"},{"floor":22,"key":"FocusPotion"}],"is_trial":false,"path_per_floor":["M","?","M","$","?","R","M","M","T","$","M","R","$","M","R","B",null,"M","M","$","$","M","R","M","R","T","?","M","R","M","?","R"],"character_chosen":"DEFECT","items_purchased":["Rainbow","Turbo","Self Repair"],"campfire_rested":4,"item_purchase_floors":[4,13,21],"current_hp_per_floor":[75,75,75,75,57,57,55,55,62,62,54,78,78,59,59,20,82,70,70,70,70,34,58,48,48,48,48,37,61,47,47,71,0],"gold":42,"neow_bonus":"","is_prod":false,"is_daily":false,"chose_seed":false,"campfire_upgraded":3,"win_rate":0,"timestamp":1533517275,"path_taken":["M","?","M","$","?","R","M","?","T","?","?","R","?","M","R","BOSS","M","M","?","$","M","R","?","R","T","?","M","R","M","?","R","BOSS"],"build_version":"2018-08-02","purchased_purges":2,"victory":false,"max_hp_per_floor":[75,75,75,75,75,75,75,75,82,82,82,82,82,82,82,82,82,82,82,82,82,82,82,82,82,82,82,82,82,82,82,82,82],"card_choices":[{"not_picked":["Lockon","Chaos"],"picked":"Static Discharge","floor":1},{"not_picked":["Redo","Chill","Conserve Battery"],"picked":"SKIP","floor":3},{"not_picked":["Conserve Battery","Loop"],"picked":"Tempest","floor":7},{"not_picked":["Stack","Beam Cell","Steam"],"picked":"SKIP","floor":8},{"not_picked":["Compile Driver","Auto Shields"],"picked":"Tempest","floor":11},{"not_picked":["Sunder","Steam"],"picked":"Double Energy","floor":14},{"not_picked":["All For One","Core Surge"],"picked":"Reboot","floor":16},{"not_picked":["Coolheaded","Storm","Ball Lightning"],"picked":"SKIP","floor":18},{"not_picked":["Storm+1","Melter"],"picked":"Conserve Battery","floor":19},{"not_picked":["Glacier","Ball Lightning"],"picked":"Conserve Battery+1","floor":22},{"not_picked":["Reprogram","Static Discharge+1","Skim"],"picked":"SKIP","floor":24},{"not_picked":["Static Discharge","Compile Driver+1"],"picked":"Fusion","floor":28},{"not_picked":["Sweeping Beam+1","Leap+1","Static Discharge"],"picked":"SKIP","floor":30}],"player_experience":363633,"relics_obtained":[{"floor":9,"key":"Strawberry"},{"floor":26,"key":"Molten Egg 2"}],"event_choices":[{"event_name":"Living Wall","player_choice":"Forget","floor":2,"damage_taken":0},{"event_name":"Golden Idol","player_choice":"Take Damage","floor":5,"damage_taken":0},{"event_name":"Masked Bandits","player_choice":"Paid Bandits 84 gold","floor":27,"damage_taken":0},{"event_name":"The Mausoleum","player_choice":"Yes","floor":31,"damage_taken":0}],"is_beta":false,"boss_relics":[{"not_picked":["Runic Dome","Velvet Choker"],"picked":"Runic Pyramid"}],"items_purged_floors":[10,20],"is_endless":false,"potions_floor_spawned":[1,3,7,22,30],"killed_by":"Champ","ascension_level":3}