{"gold_per_floor":[218,218,231,249,265,265,283,283,283,283,91,124,139,150,150,224,224,238,138,138,138,138,138,151,151,151,151,72,104,104,104,104,183,183,203,203,217,217,235,235],"floor_reached":40,"playtime":1223,"items_purged":["Strike_B","Rebound"],"score":908,"play_id":"776eb8c7-62c5-4936-876b-aeb34b3ef0de","local_time":"20190506214433","is_ascension_mode":true,"campfire_choices":[{"data":"Zap","floor":6.0,"key":"SMITH"},{"data":"Defragment","floor":8.0,"key":"SMITH"},{"data":"Dualcast","floor":10.0,"key":"SMITH"},{"data":"Darkness","floor":15.0,"key":"SMITH"},{"floor":23.0,"key":"REST"},{"data":"Fusion","floor":25.0,"key":"SMITH"},{"data":"Chaos","floor":27.0,"key":"SMITH"},{"floor":30.0,"key":"REST"},{"data":"Redo","floor":32.0,"key":"SMITH"}],"neow_cost":"NONE","seed_source_timestamp":1029652657651567,"circlet_count":0,"master_deck":["AscendersBane","Zap+1","Dualcast+1","Ball Lightning+1","Hologram+1","Melter+1","Defragment+1","Skim+1","Chaos+1","Darkness+1","Fusion+1","Echo Form+1","Redo+1","Reinforced Body+1","Storm+1","Conserve Battery+1","Multi-Cast+1","Capacitor+1","Heatsinks+1","Defragment+1","Turbo+1","Conserve Battery+1","All For One+1","Cold Snap+1"],"special_seed":0,"relics":["Cracked Core","Symbiotic Virus","Strawberry","Pandora\u0027s Box","Vajra","Sundial","Inserter","Mark of the Bloom"],"potions_floor_usage":[],"damage_taken":[{"damage":6.0,"enemies":"Small Slimes","floor":1.0,"turns":4.0},{"damage":1.0,"enemies":"Cultist","floor":3.0,"turns":3.0},{"damage":9.0,"enemies":"Jaw Worm","floor":4.0,"turns":3.0},{"damage":7.0,"enemies":"2 Fungi Beasts","floor":5.0,"turns":3.0},{"damage":3.0,"enemies":"Blue Slaver","floor":7.0,"turns":3.0},{"damage":6.0,"enemies":"Gremlin Nob","floor":12.0,"turns":3.0},{"damage":0.0,"enemies":"Large Slime","floor":13.0,"turns":4.0},{"damage":16.0,"enemies":"3 Louse","floor":14.0,"turns":3.0},{"damage":0.0,"enemies":"Slime Boss","floor":16.0,"turns":5.0},{"damage":26.0,"enemies":"3 Byrds","floor":18.0,"turns":3.0},{"damage":15.0,"enemies":"Colosseum Slavers","floor":21.0,"turns":2.0},{"damage":0.0,"enemies":"Spheric Guardian","floor":24.0,"turns":1.0},{"damage":23.0,"enemies":"Gremlin Leader","floor":29.0,"turns":6.0},{"damage":14.0,"enemies":"Collector","floor":33.0,"turns":5.0},{"damage":34.0,"enemies":"3 Darklings","floor":35.0,"turns":3.0},{"damage":0.0,"enemies":"Orb Walker","floor":37.0,"turns":3.0},{"damage":3.0,"enemies":"Maw","floor":39.0,"turns":5.0},{"damage":60,"enemies":"Nemesis","floor":40,"turns":3}],"seed_played":"-5377332248917060862","potions_obtained":[{"floor":3.0,"key":"GamblersBrew"},{"floor":5.0,"key":"Dexterity Potion"},{"floor":13.0,"key":"AttackPotion"},{"floor":24.0,"key":"Ancient Potion"},{"floor":33.0,"key":"Poison Potion"},{"floor":37.0,"key":"EssenceOfSteel"}],"is_trial":false,"path_per_floor":["M","?","M","M","M","R","M","R","T","R","$","E","M","M","R","B",null,"M","$","?","?","?","R","M","R","T","R","$","E","R","?","R","B",null,"M","?","M","?","M","E"],"character_chosen":"DEFECT","items_purchased":["Skim","Chaos","Turbo","AttackPotion"],"campfire_rested":2,"item_purchase_floors":[11,11,28,28],"current_hp_per_floor":[58,58,57,48,41,41,38,38,38,38,38,39,39,23,23,23,64,38,38,16,1,1,25,25,25,25,25,25,2,26,26,26,12,65,31,31,31,31,28,0],"gold":235,"neow_bonus":"HUNDRED_GOLD","is_prod":false,"is_daily":false,"chose_seed":false,"campfire_upgraded":7,"win_rate":0,"timestamp":1557150273,"path_taken":["M","?","?","M","M","R","M","R","T","R","$","E","?","M","R","BOSS","M","$","?","?","?","R","M","R","T","R","?","E","R","?","R","BOSS","M","?","M","?","M","E"],"build_version":"2019-01-23","purchased_purges":2,"victory":false,"max_hp_per_floor":[71,71,71,71,71,71,71,71,71,71,71,78,78,78,78,78,78,78,78,83,83,83,83,83,83,83,83,83,83,83,83,83,83,83,83,83,83,83,83,83],"card_choices":[{"not_picked":["Barrage","Rebound"],"picked":"Ball Lightning","floor":1.0},{"not_picked":["Aggregate","Sweeping Beam"],"picked":"Hologram","floor":3.0},{"not_picked":["Reprogram","Hyperbeam"],"picked":"Melter","floor":4.0},{"not_picked":["Gash","Streamline","Stack"],"picked":"SKIP","floor":5.0},{"not_picked":["Chaos","Hologram"],"picked":"Defragment","floor":7.0},{"not_picked":["Gash","Core Surge"],"picked":"Darkness","floor":12.0},{"not_picked":["Beam Cell","Tempest"],"picked":"Fusion","floor":13.0},{"not_picked":["Force Field","Chaos","Doom and Gloom"],"picked":"SKIP","floor":14.0},{"not_picked":["Seek","Amplify"],"picked":"Echo Form","floor":16.0},{"not_picked":["Stack","Sunder","Blizzard+1"],"picked":"SKIP","floor":18.0},{"not_picked":["Scrape","Darkness"],"picked":"Defragment","floor":24.0},{"not_picked":["Hologram","Beam Cell+1"],"picked":"Conserve Battery","floor":29.0},{"not_picked":["Rainbow","Multi-Cast"],"picked":"All For One","floor":33.0},{"not_picked":["Chill","Leap+1"],"picked":"Cold Snap+1","floor":35.0},{"not_picked":["Rebound","Beam Cell","Ball Lightning"],"picked":"SKIP","floor":37.0},{"not_picked":["Steam","Streamline+1","Static Discharge"],"picked":"SKIP","floor":39.0}],"player_experience":1567885,"relics_obtained":[{"floor":9.0,"key":"Symbiotic Virus"},{"floor":12.0,"key":"Strawberry"},{"floor":26.0,"key":"Vajra"},{"floor":29.0,"key":"Sundial"}],"event_choices":[{"damage_healed":0.0,"max_hp_gain":0.0,"max_hp_loss":0.0,"gold_gain":0.0,"event_name":"WeMeetAgain","player_choice":"Ignored","floor":2.0,"gold_loss":0.0,"damage_taken":0.0},{"damage_healed":0.0,"max_hp_gain":5.0,"max_hp_loss":0.0,"gold_gain":0.0,"event_name":"Forgotten Altar","player_choice":"Shed Blood","floor":20.0,"gold_loss":0.0,"damage_taken":27.0},{"damage_healed":0.0,"max_hp_gain":0.0,"max_hp_loss":0.0,"gold_gain":0.0,"event_name":"Colosseum","player_choice":"Fight","floor":21.0,"gold_loss":0.0,"damage_taken":0.0},{"damage_healed":0.0,"max_hp_gain":0.0,"max_hp_loss":0.0,"gold_gain":0.0,"event_name":"Colosseum","player_choice":"Fled From Nobs","floor":21.0,"gold_loss":0.0,"damage_taken":0.0},{"damage_healed":0.0,"max_hp_gain":0.0,"max_hp_loss":0.0,"gold_gain":0.0,"event_name":"The Library","player_choice":"Read","floor":22.0,"gold_loss":0.0,"damage_taken":0.0,"cards_obtained":["Heatsinks"]},{"damage_healed":0.0,"max_hp_gain":0.0,"max_hp_loss":0.0,"gold_gain":0.0,"event_name":"MindBloom","player_choice":"Upgrade","floor":36.0,"gold_loss":0.0,"damage_taken":0.0,"cards_upgraded":["Ball Lightning","Hologram","Melter","Skim","Echo Form","Reinforced Body","Storm","Conserve Battery","Multi-Cast","Capacitor","Heatsinks","Defragment","Turbo","Conserve Battery","All For One"],"relics_obtained":["Mark of the Bloom"]},{"damage_healed":0.0,"max_hp_gain":0.0,"max_hp_loss":0.0,"gold_gain":0.0,"event_name":"SensoryStone","player_choice":"Memory 1","floor":38.0,"gold_loss":0.0,"damage_taken":0.0}],"is_beta":false,"boss_relics":[{"not_picked":["Philosopher\u0027s Stone","Tiny House"],"picked":"Pandora\u0027s Box"},{"not_picked":["Lizard Tail","White Beast Statue"],"picked":"Inserter"}],"items_purged_floors":[11,19],"is_endless":false,"potions_floor_spawned":[3,5,13,24,33,37],"killed_by":"Nemesis","ascension_level":20}