{"gold_per_floor":[114,126,126,144,319,319,319,350,375,394,394,405,420,230,230,328,328,342,342,342,61,61,94,94,111,137,161,161,161,174,194,194,289,289,309,139,139,0,10,10,43,43],"floor_reached":42,"playtime":1117,"items_purged":["Doubt"],"score":444,"play_id":"77d88dba-8d3f-47cd-b1df-cec43a93d69f","local_time":"20190306153901","is_ascension_mode":false,"campfire_choices":[{"data":"Combust","floor":7.0,"key":"SMITH"},{"data":"Dual Wield","floor":11.0,"key":"SMITH"},{"data":"Rupture","floor":15.0,"key":"SMITH"},{"data":"Rampage","floor":24.0,"key":"SMITH"},{"floor":29.0,"key":"REST"},{"data":"Heavy Blade","floor":32.0,"key":"SMITH"},{"data":"Dark Embrace","floor":40,"key":"SMITH"}],"neow_cost":"NONE","seed_source_timestamp":0,"circlet_count":0,"master_deck":["Strike_R","Strike_R+1","Strike_R","Strike_R+1","Defend_R","Defend_R","Defend_R","Defend_R","Bash+1","Clothesline","Battle Trance","Headbutt","Combust+1","Dual Wield+1","Seeing Red","Rampage+1","Rupture+1","Spot Weakness","Reaper","Shrug It Off+1","Necronomicurse","Whirlwind","Feel No Pain","Heavy Blade+1","Dark Embrace+1","Pommel Strike+1","Rupture","Impervious","Havoc+1"],"special_seed":0,"relics":["Black Blood","Happy Flower","Smiling Mask","Necronomicon","Lee\u0027s Waffle","The Courier","Whetstone","Juzu Bracelet","Eternal Feather","Red Mask","Calipers"],"potions_floor_usage":[39],"damage_taken":[{"damage":0.0,"enemies":"Small Slimes","floor":1.0,"turns":3.0},{"damage":0.0,"enemies":"2 Louse","floor":2.0,"turns":2.0},{"damage":6.0,"enemies":"Cultist","floor":4.0,"turns":3.0},{"damage":14.0,"enemies":"Gremlin Nob","floor":8.0,"turns":3.0},{"damage":2.0,"enemies":"3 Louse","floor":10.0,"turns":1.0},{"damage":1.0,"enemies":"2 Fungi Beasts","floor":12.0,"turns":2.0},{"damage":7.0,"enemies":"Looter","floor":13.0,"turns":3.0},{"damage":59.0,"enemies":"Hexaghost","floor":16.0,"turns":6.0},{"damage":21.0,"enemies":"Shell Parasite","floor":18.0,"turns":5.0},{"damage":54.0,"enemies":"Book of Stabbing","floor":23.0,"turns":5.0},{"damage":2.0,"enemies":"Chosen","floor":25.0,"turns":3.0},{"damage":26.0,"enemies":"3 Cultists","floor":30.0,"turns":4.0},{"damage":27.0,"enemies":"Centurion and Healer","floor":31.0,"turns":4.0},{"damage":66.0,"enemies":"Collector","floor":33.0,"turns":6.0},{"damage":54.0,"enemies":"3 Darklings","floor":35.0,"turns":4.0},{"damage":26,"enemies":"Orb Walker","floor":39,"turns":3},{"damage":56,"enemies":"Nemesis","floor":41,"turns":7},{"damage":0,"enemies":"Sphere and 2 Shapes","floor":42,"turns":1}],"seed_played":"-4667004589614635191","potions_obtained":[{"floor":4.0,"key":"AttackPotion"},{"floor":12.0,"key":"AttackPotion"},{"floor":13.0,"key":"AttackPotion"},{"floor":16.0,"key":"GamblersBrew"},{"floor":18.0,"key":"SkillPotion"},{"floor":33.0,"key":"SkillPotion"},{"floor":35.0,"key":"SkillPotion"}],"is_trial":false,"path_per_floor":["M","M","$","M","?","?","R","E","T","M","R","M","M","$","R","B",null,"M","?","?","$","?","E","R","M","T","T","?","R","M","M","R","B",null,"M","$","?","?","M","R","E","M"],"character_chosen":"IRONCLAD","items_purchased":["Rupture","Spot Weakness","Whirlwind","Lee\u0027s Waffle","Rupture","Impervious"],"campfire_rested":1,"item_purchase_floors":[14,14,21,21,36,36],"current_hp_per_floor":[80,80,80,80,80,80,80,72,72,76,76,80,79,79,79,26,80,69,69,53,87,87,43,43,63,63,63,46,73,76,73,73,17,92,48,48,48,48,52,67,21,21],"gold":43,"neow_bonus":"UPGRADE_CARD","is_prod":false,"is_daily":false,"chose_seed":false,"campfire_upgraded":6,"win_rate":0,"timestamp":1551904741,"path_taken":["M","M","$","M","?","?","R","E","T","M","R","?","M","$","R","BOSS","M","?","?","$","?","E","R","M","T","?","?","R","M","M","R","BOSS","M","$","?","?","M","R","E","M"],"build_version":"2019-01-23","purchased_purges":1,"victory":false,"max_hp_per_floor":[80,80,80,80,80,80,80,80,80,80,80,80,80,80,80,80,80,80,80,80,87,87,87,87,87,87,87,92,92,92,92,92,92,92,92,92,92,92,92,92,92,92],"card_choices":[{"not_picked":["Armaments","Anger"],"picked":"Clothesline","floor":1.0},{"not_picked":["Perfected Strike","Sever Soul"],"picked":"Battle Trance","floor":2.0},{"not_picked":["Warcry","Reckless Charge"],"picked":"Headbutt","floor":4.0},{"not_picked":["Warcry","Ghostly Armor"],"picked":"Dual Wield","floor":8.0},{"not_picked":["Shrug It Off","Clash"],"picked":"Seeing Red","floor":10.0},{"not_picked":["Shrug It Off","Twin Strike","Ghostly Armor"],"picked":"SKIP","floor":12.0},{"not_picked":["Hemokinesis","Wild Strike"],"picked":"Rampage","floor":13.0},{"not_picked":["Feed","Fiend Fire"],"picked":"Reaper","floor":16.0},{"not_picked":["Armaments","Sentinel"],"picked":"Shrug It Off+1","floor":18.0},{"not_picked":["Clothesline","Evolve","Ghostly Armor"],"picked":"SKIP","floor":23.0},{"not_picked":["Power Through","Pommel Strike+1"],"picked":"Feel No Pain","floor":25.0},{"not_picked":["Clothesline","Twin Strike"],"picked":"Flex","floor":30.0},{"not_picked":["Carnage","Power Through+1"],"picked":"Heavy Blade","floor":31.0},{"not_picked":["Brutality","Juggernaut"],"picked":"Dark Embrace","floor":33.0},{"not_picked":["Searing Blow","Perfected Strike+1"],"picked":"Pommel Strike+1","floor":35.0},{"not_picked":["Pommel Strike","True Grit"],"picked":"Havoc+1","floor":39},{"not_picked":["Brutality","Dual Wield","Berserk"],"picked":"SKIP","floor":41}],"player_experience":853669,"relics_obtained":[{"floor":8.0,"key":"Happy Flower"},{"floor":9.0,"key":"Smiling Mask"},{"floor":20.0,"key":"Necronomicon"},{"floor":23.0,"key":"The Courier"},{"floor":26.0,"key":"Whetstone"},{"floor":27.0,"key":"Juzu Bracelet"},{"floor":41,"key":"Calipers"}],"event_choices":[{"damage_healed":0.0,"max_hp_gain":0.0,"max_hp_loss":0.0,"gold_gain":175.0,"event_name":"Liars Game","player_choice":"AGREE","floor":5.0,"gold_loss":0.0,"damage_taken":0.0,"cards_obtained":["Doubt"]},{"damage_healed":0.0,"max_hp_gain":0.0,"max_hp_loss":0.0,"gold_gain":0.0,"cards_transformed":["Strike_R"],"event_name":"Transmorgrifier","player_choice":"Transformed","floor":6.0,"gold_loss":0.0,"damage_taken":0.0,"cards_obtained":["Combust"]},{"damage_healed":0.0,"max_hp_gain":0.0,"max_hp_loss":0.0,"gold_gain":0.0,"event_name":"Vampires","player_choice":"Ignored","floor":19.0,"gold_loss":0.0,"damage_taken":0.0},{"damage_healed":0.0,"max_hp_gain":0.0,"max_hp_loss":0.0,"gold_gain":0.0,"event_name":"Cursed Tome","player_choice":"Obtained Book","floor":20.0,"gold_loss":0.0,"damage_taken":16.0},{"damage_healed":29.0,"max_hp_gain":0.0,"max_hp_loss":0.0,"gold_gain":0.0,"event_name":"The Library","player_choice":"Heal","floor":22.0,"gold_loss":0.0,"damage_taken":0.0},{"damage_healed":0.0,"max_hp_gain":5.0,"max_hp_loss":0.0,"gold_gain":0.0,"event_name":"Forgotten Altar","player_choice":"Shed Blood","floor":28.0,"gold_loss":0.0,"damage_taken":22.0},{"cards_removed":["Flex"],"damage_healed":0.0,"max_hp_gain":0.0,"max_hp_loss":0.0,"gold_gain":0.0,"event_name":"Falling","player_choice":"Removed Skill","floor":37.0,"gold_loss":0.0,"damage_taken":0.0},{"damage_healed":0.0,"max_hp_gain":0.0,"max_hp_loss":0.0,"gold_gain":0.0,"event_name":"Tomb of Lord Red Mask","player_choice":"Paid","floor":38.0,"gold_loss":139.0,"damage_taken":0.0,"relics_obtained":["Red Mask"]}],"is_beta":false,"boss_relics":[{"not_picked":["Ectoplasm","Philosopher\u0027s Stone"],"picked":"Black Blood"},{"not_picked":["Calling Bell","Fusion Hammer"],"picked":"Eternal Feather"}],"items_purged_floors":[14],"is_endless":false,"potions_floor_spawned":[4,12,13,16,18,33,35],"killed_by":"Sphere and 2 Shapes","ascension_level":0}