{"gold_per_floor":[112,122,137,137,137,137,157,171,171,181,181,191,208,236,236,333,333,350,350,108,128,138,138,163,163,163,196,196,224,224,295,295,398,398,409,169,169,183,195,195,195,195,195,195,211,221,237,263,263,263],"floor_reached":51,"playtime":3798,"items_purged":[],"score":1118,"play_id":"a1bc282b-e741-4f1c-8343-2d3f58f22fd6","local_time":"20190426005316","is_ascension_mode":true,"campfire_choices":[{"floor":6.0,"key":"DIG"},{"floor":11,"key":"REST"},{"floor":15,"key":"DIG"},{"floor":23,"key":"DIG"},{"floor":25,"key":"REST"},{"floor":28,"key":"DIG"},{"floor":32,"key":"REST"},{"floor":40,"key":"DIG"},{"floor":42,"key":"DIG"},{"floor":44,"key":"DIG"},{"floor":49,"key":"DIG"}],"neow_cost":"PERCENT_DAMAGE","seed_source_timestamp":180755220402300,"circlet_count":0,"master_deck":["AscendersBane","Defend_G+1","Defend_G+1","Defend_G+1","Defend_G+1","Defend_G+1","Strike_G+1","Strike_G+1","Strike_G+1","Strike_G+1","Strike_G+1","Survivor","Neutralize+1","Dash","Dagger Throw","Escape Plan","PiercingWail","Glass Knife","Infinite Blades","Well Laid Plans","Sucker Punch","Flying Knee","Envenom","PiercingWail+1","Terror","Noxious Fumes","After Image","Noxious Fumes","Dodge and Roll+1","Backflip+1"],"special_seed":0,"relics":["Ring of the Snake","Shovel","Oddly Smooth Stone","PreservedInsect","Meat on the Bone","Girya","Fusion Hammer","Mummified Hand","Smiling Mask","Toxic Egg 2","Question Card","Boot","Centennial Puzzle","Letter Opener","Singing Bowl","Ornamental Fan","Coffee Dripper","Paper Crane","Incense Burner","CultistMask","Darkstone Periapt","Omamori","Blue Candle","Ginger","Kunai"],"potions_floor_usage":[16,27,33,46],"damage_taken":[{"damage":3.0,"enemies":"Small Slimes","floor":1.0,"turns":5.0},{"damage":0.0,"enemies":"Jaw Worm","floor":2.0,"turns":4.0},{"damage":0.0,"enemies":"Cultist","floor":3.0,"turns":4.0},{"damage":0,"enemies":"3 Louse","floor":7,"turns":5},{"damage":0,"enemies":"Blue Slaver","floor":8,"turns":5},{"damage":2,"enemies":"Looter","floor":10,"turns":3},{"damage":0,"enemies":"Large Slime","floor":12,"turns":5},{"damage":3,"enemies":"Red Slaver","floor":13,"turns":2},{"damage":11,"enemies":"Gremlin Nob","floor":14,"turns":4},{"damage":6,"enemies":"The Guardian","floor":16,"turns":16},{"damage":8,"enemies":"Spheric Guardian","floor":18,"turns":5},{"damage":0,"enemies":"3 Byrds","floor":21,"turns":6},{"damage":20,"enemies":"Snecko","floor":22,"turns":6},{"damage":13,"enemies":"Book of Stabbing","floor":24,"turns":4},{"damage":8,"enemies":"Slavers","floor":27,"turns":5},{"damage":4,"enemies":"Book of Stabbing","floor":29,"turns":5},{"damage":31,"enemies":"Automaton","floor":33,"turns":9},{"damage":0,"enemies":"Orb Walker","floor":35,"turns":4},{"damage":1,"enemies":"3 Shapes","floor":38,"turns":5},{"damage":2,"enemies":"Jaw Worm Horde","floor":39,"turns":6},{"damage":3,"enemies":"Writhing Mass","floor":45,"turns":6},{"damage":12,"enemies":"3 Darklings","floor":46,"turns":6},{"damage":20,"enemies":"Spire Growth","floor":47,"turns":5},{"damage":9,"enemies":"Nemesis","floor":48,"turns":6},{"damage":10,"enemies":"Awakened One","floor":50,"turns":20}],"seed_played":"-7535041793380981137","potions_obtained":[{"floor":10,"key":"Energy Potion"},{"floor":12,"key":"EssenceOfSteel"},{"floor":13,"key":"GhostInAJar"},{"floor":18,"key":"Fire Potion"},{"floor":21,"key":"PowerPotion"},{"floor":29,"key":"GhostInAJar"},{"floor":35,"key":"Regen Potion"},{"floor":46,"key":"GhostInAJar"}],"is_trial":false,"path_per_floor":["M","M","M","?","?","R","M","M","T","M","R","M","M","E","R","B",null,"M","?","$","M","M","R","E","R","T","E","R","E","?","T","R","B",null,"M","$","?","M","M","R","?","R","T","R","M","M","M","E","R","B",null],"character_chosen":"THE_SILENT","items_purchased":["Mummified Hand","Paper Crane"],"campfire_rested":3,"item_purchase_floors":[20,36],"current_hp_per_floor":[42,42,42,42,35,35,35,35,35,33,54,54,51,40,40,46,64,56,56,56,56,36,36,35,56,56,48,48,44,44,44,65,46,64,66,66,66,67,65,65,65,65,65,65,64,62,42,45,45,47],"gold":263,"neow_bonus":"ONE_RARE_RELIC","is_prod":false,"is_daily":false,"chose_seed":false,"campfire_upgraded":0,"win_rate":0,"timestamp":1556254396,"path_taken":["M","M","M","?","?","R","M","M","T","M","R","?","M","E","R","BOSS","M","?","$","M","M","R","E","R","T","E","R","E","?","?","R","BOSS","M","$","?","M","M","R","?","R","T","R","M","M","?","E","R","BOSS"],"build_version":"2019-01-23","purchased_purges":0,"victory":true,"max_hp_per_floor":[70,70,70,70,70,70,70,70,70,70,70,70,70,70,70,70,70,70,70,70,70,70,70,70,70,70,70,70,70,70,70,70,70,70,72,72,68,70,70,70,70,70,70,70,72,74,74,74,74,74],"card_choices":[{"not_picked":["Dagger Spray","Backflip"],"picked":"Dash","floor":1.0},{"not_picked":["Blade Dance","Prepared"],"picked":"Dagger Throw","floor":2.0},{"not_picked":["Underhanded Strike","Slice"],"picked":"Escape Plan","floor":3.0},{"not_picked":["Underhanded Strike","Slice"],"picked":"PiercingWail","floor":7},{"not_picked":["Acrobatics","Slice"],"picked":"Glass Knife","floor":8},{"not_picked":["Dagger Spray","Setup"],"picked":"Infinite Blades","floor":10},{"not_picked":["Sucker Punch","Flying Knee"],"picked":"Well Laid Plans","floor":12},{"not_picked":["Distraction","All Out Attack"],"picked":"Sucker Punch","floor":13},{"not_picked":["Corpse Explosion","Outmaneuver"],"picked":"Flying Knee","floor":14},{"not_picked":["Bullet Time","Wraith Form v2"],"picked":"Envenom","floor":16},{"not_picked":["Underhanded Strike","Crippling Poison"],"picked":"PiercingWail+1","floor":18},{"not_picked":["Slice+1","Deadly Poison"],"picked":"Terror","floor":21},{"not_picked":["Distraction","Prepared"],"picked":"Noxious Fumes","floor":22},{"not_picked":["Crippling Poison","Blade Dance+1","Dagger Throw"],"picked":"SKIP","floor":24},{"not_picked":["Reflex+1","Envenom","Backstab","Eviscerate"],"picked":"SKIP","floor":27},{"not_picked":["Underhanded Strike+1","Bane","Poisoned Stab","Expertise+1"],"picked":"SKIP","floor":29},{"not_picked":["Night Terror+1","Doppelganger+1","Malaise+1"],"picked":"After Image","floor":33},{"not_picked":["Quick Slash","Acrobatics+1","Riddle With Holes+1","PiercingWail+1"],"picked":"Singing Bowl","floor":35},{"not_picked":["Catalyst+1","Underhanded Strike","Setup+1","Dagger Throw+1"],"picked":"Singing Bowl","floor":38},{"not_picked":["Outmaneuver+1","Reflex+1","Poisoned Stab+1"],"picked":"Noxious Fumes","floor":39},{"not_picked":["Catalyst+1","All Out Attack+1","Eviscerate","Blade Dance+1"],"picked":"Singing Bowl","floor":45},{"not_picked":["PiercingWail+1","Caltrops+1","Heel Hook","Slice"],"picked":"Singing Bowl","floor":46},{"not_picked":["Flying Knee","Phantasmal Killer+1","Slice+1"],"picked":"Dodge and Roll+1","floor":47},{"not_picked":["Predator","Concentrate+1","Prepared+1"],"picked":"Backflip+1","floor":48}],"player_experience":375766,"relics_obtained":[{"floor":6.0,"key":"Oddly Smooth Stone"},{"floor":9,"key":"PreservedInsect"},{"floor":14,"key":"Meat on the Bone"},{"floor":15,"key":"Girya"},{"floor":23,"key":"Smiling Mask"},{"floor":24,"key":"Toxic Egg 2"},{"floor":26,"key":"Question Card"},{"floor":27,"key":"Boot"},{"floor":28,"key":"Centennial Puzzle"},{"floor":29,"key":"Letter Opener"},{"floor":31,"key":"Ornamental Fan"},{"floor":40,"key":"Incense Burner"},{"floor":42,"key":"Darkstone Periapt"},{"floor":43,"key":"Omamori"},{"floor":44,"key":"Blue Candle"},{"floor":48,"key":"Ginger"},{"floor":49,"key":"Kunai"}],"event_choices":[{"damage_healed":0.0,"max_hp_gain":0.0,"max_hp_loss":0.0,"gold_gain":0.0,"event_name":"Living Wall","player_choice":"Grow","floor":4.0,"gold_loss":0.0,"damage_taken":0.0,"cards_upgraded":["Neutralize"]},{"damage_healed":0.0,"max_hp_gain":0.0,"max_hp_loss":0.0,"gold_gain":0.0,"event_name":"Wheel of Change","player_choice":"Damaged","floor":5.0,"gold_loss":0.0,"damage_taken":7.0},{"damage_healed":0,"gold_gain":0,"player_choice":"Simplicity","damage_taken":0,"max_hp_gain":0,"max_hp_loss":0,"event_name":"Back to Basics","floor":19,"gold_loss":0,"cards_upgraded":["Defend_G","Defend_G","Defend_G","Defend_G","Defend_G","Strike_G","Strike_G","Strike_G","Strike_G","Strike_G"]},{"damage_healed":0,"gold_gain":0,"player_choice":"Opened","damage_taken":0,"relics_obtained":["Singing Bowl"],"max_hp_gain":0,"max_hp_loss":0,"event_name":"The Mausoleum","floor":30,"gold_loss":0},{"damage_healed":0,"gold_gain":0,"player_choice":"Max HP","damage_taken":0,"max_hp_gain":0,"max_hp_loss":4,"event_name":"Winding Halls","floor":37,"gold_loss":0},{"damage_healed":0,"gold_gain":0,"player_choice":"Trade","damage_taken":0,"relics_obtained":["CultistMask"],"max_hp_gain":0,"max_hp_loss":0,"event_name":"FaceTrader","floor":41,"gold_loss":0}],"is_beta":false,"boss_relics":[{"not_picked":["Runic Dome","Philosopher\u0027s Stone"],"picked":"Fusion Hammer"},{"not_picked":["Black Star","Eternal Feather"],"picked":"Coffee Dripper"}],"items_purged_floors":[],"is_endless":false,"potions_floor_spawned":[10,12,13,14,18,21,22,29,35,39,46],"ascension_level":11}