{"gold_per_floor":[118,134,134,56,5,5,23,35,61,75,75,107,107,57,57,157,157,173,123,48,48,147,147,160,160,160,160],"floor_reached":27,"playtime":700,"items_purged":["Normality"],"score":282,"play_id":"91d7ad53-5973-4edc-9500-67e5956a4c3b","local_time":"20190403230043","is_ascension_mode":true,"campfire_choices":[{"floor":6.0,"key":"REST"},{"data":"Defragment","floor":15.0,"key":"SMITH"},{"floor":23,"key":"REST"}],"neow_cost":"NONE","seed_source_timestamp":0,"circlet_count":0,"master_deck":["Strike_B","Strike_B","Strike_B","Strike_B","Defend_B","Defend_B","Defend_B","Defend_B+1","Zap","Dualcast","Consume+1","BootSequence","Ball Lightning","Defragment+1","Redo","Turbo","Machine Learning","Biased Cognition","Shame","Decay","Conserve Battery","Shame","Echo Form","Loop+1"],"special_seed":0,"relics":["Cracked Core","Bag of Preparation","Orichalcum","Dream Catcher","Potion Belt","Oddly Smooth Stone","Matryoshka","Calling Bell","Ancient Tea Set","Kunai","StoneCalendar","Boot","FaceOfCleric","Blood Vial","PreservedInsect"],"potions_floor_usage":[27,27],"damage_taken":[{"damage":3.0,"enemies":"2 Louse","floor":1.0,"turns":3.0},{"damage":18.0,"enemies":"Small Slimes","floor":2.0,"turns":4.0},{"damage":0.0,"enemies":"Cultist","floor":7.0,"turns":2.0},{"damage":0.0,"enemies":"2 Fungi Beasts","floor":8.0,"turns":2.0},{"damage":6.0,"enemies":"Exordium Wildlife","floor":10.0,"turns":3.0},{"damage":17.0,"enemies":"Lagavulin","floor":12.0,"turns":5.0},{"damage":15.0,"enemies":"Hexaghost","floor":16.0,"turns":7.0},{"damage":38,"enemies":"3 Byrds","floor":18,"turns":5},{"damage":26,"enemies":"2 Thieves","floor":24,"turns":4},{"damage":23,"enemies":"Shelled Parasite and Fungi","floor":27,"turns":3}],"seed_played":"-8627221014654342097","potions_obtained":[{"floor":7.0,"key":"EntropicBrew"},{"floor":8.0,"key":"Dexterity Potion"},{"floor":16.0,"key":"SpeedPotion"},{"floor":24,"key":"Swift Potion"}],"is_trial":false,"path_per_floor":["M","M","?","?","$","R","M","M","T","M","?","E","T","?","R","B",null,"M","?","$","?","?","R","M","?","T","M"],"character_chosen":"DEFECT","items_purchased":["Ball Lightning"],"campfire_rested":2,"item_purchase_floors":[5],"current_hp_per_floor":[65,47,32,32,32,54,54,54,54,48,48,31,31,31,31,16,60,22,22,22,22,22,44,18,18,18,0],"gold":160,"neow_bonus":"RANDOM_COMMON_RELIC","is_prod":false,"is_daily":false,"chose_seed":false,"campfire_upgraded":1,"win_rate":0,"timestamp":1554357643,"path_taken":["M","M","?","?","$","R","M","M","T","?","?","E","?","?","R","BOSS","M","?","?","?","?","R","M","?","T","?"],"build_version":"2019-01-23","purchased_purges":1,"victory":false,"max_hp_per_floor":[75,75,75,75,75,75,75,75,75,75,75,75,75,75,75,75,75,75,75,75,75,75,75,75,75,75,75],"card_choices":[{"not_picked":["Barrage","Compile Driver"],"picked":"Consume","floor":1.0},{"not_picked":["Streamline","Rebound"],"picked":"BootSequence","floor":2.0},{"not_picked":["Fusion","Sweeping Beam"],"picked":"Defragment","floor":7.0},{"not_picked":["Ball Lightning","Leap"],"picked":"Redo","floor":8.0},{"not_picked":["Skim","Barrage"],"picked":"Turbo","floor":10.0},{"not_picked":["Barrage","Steam Power"],"picked":"Machine Learning","floor":12.0},{"not_picked":["Thunder Strike","Rainbow"],"picked":"Biased Cognition","floor":16.0},{"not_picked":["Turbo","Beam Cell"],"picked":"Conserve Battery","floor":18},{"not_picked":["Auto Shields","Chill"],"picked":"Echo Form","floor":23},{"not_picked":["Barrage+1","Hello World"],"picked":"Loop+1","floor":24}],"player_experience":519131,"relics_obtained":[{"floor":9.0,"key":"Dream Catcher"},{"floor":12.0,"key":"Oddly Smooth Stone"},{"floor":13.0,"key":"Matryoshka"},{"floor":17,"key":"Ancient Tea Set"},{"floor":17,"key":"Kunai"},{"floor":17,"key":"StoneCalendar"},{"floor":26,"key":"Blood Vial"},{"floor":26,"key":"PreservedInsect"}],"event_choices":[{"damage_healed":0.0,"max_hp_gain":0.0,"max_hp_loss":0.0,"gold_gain":0.0,"event_name":"Shining Light","player_choice":"Entered Light","floor":3.0,"gold_loss":0.0,"damage_taken":15.0,"cards_upgraded":["Consume","Defend_B"]},{"damage_healed":0.0,"max_hp_gain":0.0,"max_hp_loss":0.0,"gold_gain":0.0,"event_name":"WeMeetAgain","player_choice":"Paid Gold","floor":4.0,"gold_loss":78.0,"damage_taken":0.0,"relics_obtained":["Orichalcum"]},{"damage_healed":0.0,"max_hp_gain":0.0,"max_hp_loss":0.0,"gold_gain":0.0,"event_name":"Big Fish","player_choice":"Box","floor":11.0,"gold_loss":0.0,"damage_taken":0.0,"relics_obtained":["Potion Belt"],"cards_obtained":["Regret"]},{"cards_removed":["Regret"],"damage_healed":0.0,"max_hp_gain":0.0,"max_hp_loss":0.0,"gold_gain":0.0,"event_name":"The Cleric","player_choice":"Card Removal","floor":14.0,"gold_loss":50.0,"damage_taken":0.0},{"damage_healed":0,"gold_gain":0,"player_choice":"Bet on Murderer","damage_taken":0,"max_hp_gain":0,"max_hp_loss":0,"event_name":"The Joust","floor":19,"gold_loss":50},{"damage_healed":0,"gold_gain":0,"player_choice":"Stole Relic","damage_taken":0,"relics_obtained":["Boot"],"max_hp_gain":0,"max_hp_loss":0,"event_name":"Addict","floor":21,"gold_loss":0,"cards_obtained":["Shame"]},{"damage_healed":0,"gold_gain":99,"player_choice":"Stole From Cult","damage_taken":0,"max_hp_gain":0,"max_hp_loss":0,"event_name":"Nest","floor":22,"gold_loss":0},{"damage_healed":0,"gold_gain":0,"player_choice":"Trade","damage_taken":0,"relics_obtained":["FaceOfCleric"],"max_hp_gain":0,"max_hp_loss":0,"event_name":"FaceTrader","floor":25,"gold_loss":0}],"is_beta":false,"boss_relics":[{"not_picked":["Sozu","Tiny House"],"picked":"Calling Bell"}],"items_purged_floors":[20],"is_endless":false,"potions_floor_spawned":[7,8,16,24],"killed_by":"Shelled Parasite and Fungi","ascension_level":7}