{"gold_per_floor":[110,210,135,153,164,164,199,211,234,252,240,240,251,251],"floor_reached":14,"playtime":448,"items_purged":["Strike_B"],"score":127,"play_id":"3e378743-db27-42aa-bbab-bbb2f62bf496","local_time":"20180713084109","is_ascension_mode":true,"campfire_choices":[{"data":"Streamline","floor":6,"key":"SMITH"}],"neow_cost":"","seed_source_timestamp":48114488460527,"circlet_count":0,"master_deck":["Strike_B","Strike_B","Defend_B","Defend_B","Defend_B","Defend_B","Zap","Dualcast","Streamline+1","Machine Learning","Hologram","Coolheaded","Seek","Reprogram"],"relics":["Cracked Core","Omamori","Orichalcum"],"potions_floor_usage":[10,13,14],"damage_taken":[{"damage":14,"enemies":"Small Slimes","floor":1,"turns":3},{"damage":1,"enemies":"Cultist","floor":4,"turns":3},{"damage":2,"enemies":"Jaw Worm","floor":5,"turns":3},{"damage":27,"enemies":"3 Sentries","floor":7,"turns":7},{"damage":12,"enemies":"Looter","floor":8,"turns":3},{"damage":5,"enemies":"Gremlin Gang","floor":10,"turns":4},{"damage":6,"enemies":"Exordium Thugs","floor":11,"turns":4},{"damage":0,"enemies":"Large Slime","floor":13,"turns":4},{"damage":2,"enemies":"Gremlin Nob","floor":14,"turns":2}],"seed_played":"-7844487637204067770","potions_obtained":[{"floor":4,"key":"FearPotion"},{"floor":7,"key":"GamblersBrew"},{"floor":8,"key":"SteroidPotion"},{"floor":10,"key":"Explosive Potion"}],"is_trial":false,"path_per_floor":["M","?","$","M","M","R","E","M","T","M","M","?","M"],"character_chosen":"DEFECT","items_purchased":[],"campfire_rested":0,"item_purchase_floors":[],"current_hp_per_floor":[54,54,54,53,51,51,24,12,12,7,1,1,1,0],"gold":251,"neow_bonus":"","is_prod":false,"is_daily":false,"chose_seed":false,"campfire_upgraded":1,"win_rate":0,"timestamp":1531442469,"path_taken":["M","?","$","M","M","R","E","M","T","M","M","?","M","E"],"build_version":"2018-07-05","purchased_purges":1,"victory":false,"max_hp_per_floor":[75,75,75,75,75,75,75,75,75,75,75,75,75,75],"card_choices":[{"not_picked":["Redo","Conserve Battery","Go for the Eyes"],"picked":"SKIP","floor":1},{"not_picked":["Beam Cell","Sweeping Beam"],"picked":"Streamline","floor":4},{"not_picked":["Ball Lightning","Conserve Battery"],"picked":"Machine Learning","floor":5},{"not_picked":["Undo","Genetic Algorithm"],"picked":"Hologram","floor":7},{"not_picked":["Ball Lightning","Sweeping Beam"],"picked":"Coolheaded","floor":8},{"not_picked":["Turbo","Darkness"],"picked":"Seek","floor":10},{"not_picked":["Gash","Redo","Rebound"],"picked":"SKIP","floor":11},{"not_picked":["Cold Snap","Stack","Streamline"],"picked":"SKIP","floor":13}],"player_experience":290761,"relics_obtained":[{"floor":7,"key":"Omamori"},{"floor":9,"key":"Orichalcum"}],"event_choices":[{"event_name":"Golden Shrine","player_choice":"Pray","floor":2,"damage_taken":0},{"event_name":"Transmorgrifier","player_choice":"Transform","floor":12,"damage_taken":0}],"boss_relics":[],"items_purged_floors":[3],"is_endless":false,"potions_floor_spawned":[4,7,8,10],"killed_by":"Gremlin Nob","ascension_level":7}