{"gold_per_floor":[359,42,42,42,61,36,66,66,66,66,80,136,136,150,150,255,255,269,286,43,43,55,55,55,55,55,67,67,78,78,94,94,192,192,209,209,228,228,241,241,289,324,324,334,354,364,375,81,81,81],"floor_reached":51,"playtime":2626,"items_purged":["Doubt"],"score":835,"play_id":"a63c30f4-e2c9-45df-9041-1b42440beffc","local_time":"20180904150956","is_ascension_mode":true,"campfire_choices":[{"data":"Thunder Strike","floor":8.0,"key":"SMITH"},{"data":"Redo","floor":13.0,"key":"SMITH"},{"data":"Compile Driver","floor":15.0,"key":"SMITH"},{"data":"Fission","floor":23.0,"key":"SMITH"},{"data":"RitualDagger","floor":25.0,"key":"SMITH"},{"data":"Glacier","floor":30.0,"key":"SMITH"},{"floor":32.0,"key":"REST"},{"data":"Doom and Gloom","floor":40.0,"key":"SMITH"},{"floor":49.0,"key":"REST"}],"neow_cost":"CURSE","seed_source_timestamp":0,"circlet_count":0,"master_deck":["Strike_B","Strike_B","Defend_B","Defend_B","Defend_B","Zap+1","Dualcast","Beam Cell+1","Chill","Compile Driver+1","Thunder Strike+1","Turbo","Redo+1","Glacier+1","Fission+1","Cold Snap+1","Recycle+1","Undo+1","Doom and Gloom+1","Double Energy+1","RitualDagger+1","Hologram+1","RitualDagger+1","Rainbow+1","Seek+1","Hologram+1","Ball Lightning+1","Go for the Eyes+1","Turbo+1","Echo Form","Reboot+1","Chaos+1","Aggregate+1"],"special_seed":0,"relics":["Cracked Core","Cables","Meat on the Bone","DataDisk","Darkstone Periapt","Astrolabe","Toxic Egg 2","Singing Bowl","White Beast Statue","Dodecahedron","Ginger","Oddly Smooth Stone","The Courier"],"potions_floor_usage":[50,50],"damage_taken":[{"damage":0.0,"enemies":"2 Louse","floor":1.0,"turns":2.0},{"damage":7.0,"enemies":"Small Slimes","floor":5.0,"turns":3.0},{"damage":23.0,"enemies":"Lagavulin","floor":7.0,"turns":5.0},{"damage":0.0,"enemies":"Cultist","floor":11.0,"turns":2.0},{"damage":8.0,"enemies":"Gremlin Nob","floor":12.0,"turns":3.0},{"damage":13.0,"enemies":"Lots of Slimes","floor":14.0,"turns":2.0},{"damage":11.0,"enemies":"Slime Boss","floor":16.0,"turns":10.0},{"damage":0.0,"enemies":"Spheric Guardian","floor":18.0,"turns":4.0},{"damage":6.0,"enemies":"2 Thieves","floor":19.0,"turns":3.0},{"damage":0.0,"enemies":"3 Cultists","floor":22.0,"turns":7.0},{"damage":8.0,"enemies":"Chosen and Byrds","floor":27.0,"turns":6.0},{"damage":20.0,"enemies":"Centurion and Healer","floor":29.0,"turns":5.0},{"damage":0.0,"enemies":"Shelled Parasite and Fungi","floor":31.0,"turns":3.0},{"damage":41.0,"enemies":"Collector","floor":33.0,"turns":11.0},{"damage":11.0,"enemies":"3 Darklings","floor":35.0,"turns":4.0},{"damage":4.0,"enemies":"3 Shapes","floor":37.0,"turns":4.0},{"damage":2.0,"enemies":"Reptomancer","floor":39.0,"turns":4.0},{"damage":32.0,"enemies":"Mysterious Sphere","floor":41.0,"turns":4.0},{"damage":0.0,"enemies":"2 Orb Walkers","floor":42.0,"turns":4.0},{"damage":0.0,"enemies":"3 Darklings","floor":44.0,"turns":3.0},{"damage":0.0,"enemies":"Sphere and 2 Shapes","floor":45.0,"turns":4.0},{"damage":5.0,"enemies":"Transient","floor":46.0,"turns":5.0},{"damage":6.0,"enemies":"Spire Growth","floor":47.0,"turns":3.0},{"damage":35,"enemies":"Donu and Deca","floor":50,"turns":12}],"seed_played":"2668654372634811899","potions_obtained":[{"floor":5.0,"key":"LiquidBronze"},{"floor":7.0,"key":"Dexterity Potion"},{"floor":14.0,"key":"Fire Potion"},{"floor":19.0,"key":"SpeedPotion"},{"floor":27.0,"key":"Dexterity Potion"},{"floor":31.0,"key":"Energy Potion"},{"floor":33.0,"key":"FearPotion"},{"floor":35.0,"key":"SpeedPotion"},{"floor":39.0,"key":"Block Potion"},{"floor":42.0,"key":"Dexterity Potion"},{"floor":44.0,"key":"Energy Potion"},{"floor":45.0,"key":"Regen Potion"},{"floor":46.0,"key":"Regen Potion"}],"is_trial":false,"path_per_floor":["M","$","?","?","M","$","E","R","T","$","M","?","R","M","R","B",null,"M","M","$","?","M","R","?","R","T","M","?","M","R","M","R","B",null,"M","?","M","?","M","R","?","E","T","M","M","M","M","$","R","B"],"character_chosen":"DEFECT","items_purchased":["Cables","Compile Driver","Toxic Egg 2","Echo Form","Reboot+1","Chaos+1","Aggregate+1"],"campfire_rested":2,"item_purchase_floors":[2,6,20,48,48,48,48],"current_hp_per_floor":[75,75,75,75,68,68,45,45,45,45,45,49,49,48,48,49,75,75,69,69,69,69,69,63,63,63,55,55,49,49,49,72,43,77,68,68,66,66,64,64,44,46,46,48,48,58,54,54,80,58],"gold":81,"neow_bonus":"TWO_FIFTY_GOLD","is_prod":false,"is_daily":false,"chose_seed":false,"campfire_upgraded":7,"win_rate":0,"timestamp":1536088196,"path_taken":["M","$","?","?","M","$","E","R","T","$","M","?","R","M","R","BOSS","M","M","$","?","M","R","?","R","T","M","?","M","R","M","R","BOSS","M","?","M","?","M","R","?","E","T","M","M","M","M","$","R","BOSS"],"build_version":"2018-08-30","purchased_purges":1,"victory":true,"max_hp_per_floor":[75,75,75,75,75,75,75,75,75,75,75,75,75,75,75,75,75,75,75,75,75,75,75,75,75,75,75,75,77,77,77,77,77,77,79,79,81,81,81,81,81,83,83,85,85,85,87,87,87,87],"card_choices":[{"not_picked":["Conserve Battery","Rebound"],"picked":"Beam Cell","floor":1.0},{"not_picked":["Compile Driver","Static Discharge"],"picked":"Chill","floor":5.0},{"not_picked":["Leap","Coolheaded"],"picked":"Thunder Strike","floor":7.0},{"not_picked":["Go for the Eyes","Conserve Battery"],"picked":"Turbo","floor":11.0},{"not_picked":["Conserve Battery","Blizzard"],"picked":"Redo","floor":12.0},{"not_picked":["Rip and Tear","Barrage"],"picked":"Glacier","floor":14.0},{"not_picked":["Core Surge","Machine Learning"],"picked":"Fission","floor":16.0},{"not_picked":["Gash","FTL"],"picked":"Doom and Gloom","floor":18.0},{"not_picked":["Coolheaded","Gash","Redo"],"picked":"SKIP","floor":19.0},{"not_picked":["Coolheaded+1","Sweeping Beam+1"],"picked":"Double Energy+1","floor":22.0},{"not_picked":["Skim+1","Aggregate+1"],"picked":"Hologram+1","floor":27.0},{"not_picked":["Glacier+1","Heatsinks","Streamline"],"picked":"Singing Bowl","floor":29.0},{"not_picked":["Darkness+1","Hologram+1"],"picked":"Rainbow+1","floor":31.0},{"not_picked":["Rainbow+1","Multi-Cast+1"],"picked":"Seek+1","floor":33.0},{"not_picked":["Beam Cell","Ball Lightning","Storm+1"],"picked":"Singing Bowl","floor":35.0},{"not_picked":["Sweeping Beam+1","Gash","Leap+1"],"picked":"Singing Bowl","floor":37.0},{"not_picked":["Recycle+1","Double Energy+1"],"picked":"Hologram+1","floor":39.0},{"not_picked":["Coolheaded+1","Capacitor"],"picked":"Ball Lightning+1","floor":41.0},{"not_picked":["Stack+1","Core Surge","Streamline+1"],"picked":"Singing Bowl","floor":42.0},{"not_picked":["Gash","Rebound+1","Auto Shields+1"],"picked":"Singing Bowl","floor":44.0},{"not_picked":["Doom and Gloom","Cold Snap+1"],"picked":"Go for the Eyes+1","floor":45.0},{"not_picked":["Hologram+1","Streamline"],"picked":"Turbo+1","floor":46.0},{"not_picked":["Ball Lightning+1","Steam+1","FTL+1"],"picked":"Singing Bowl","floor":47.0}],"player_experience":503324,"relics_obtained":[{"floor":7.0,"key":"Meat on the Bone"},{"floor":9.0,"key":"DataDisk"},{"floor":26.0,"key":"Singing Bowl"},{"floor":41.0,"key":"Ginger"},{"floor":42.0,"key":"Oddly Smooth Stone"},{"floor":43.0,"key":"The Courier"}],"event_choices":[{"event_name":"Living Wall","player_choice":"Grow","floor":3.0,"damage_taken":0.0},{"event_name":"Upgrade Shrine","player_choice":"Upgraded","floor":4.0,"damage_taken":0.0},{"event_name":"Dead Adventurer","player_choice":"Searched \u00273\u0027 times","floor":12.0,"damage_taken":0.0},{"event_name":"Beggar","player_choice":"Ignored","floor":21.0,"damage_taken":0.0},{"event_name":"Nest","player_choice":"Joined the Cult","floor":24.0,"damage_taken":0.0},{"event_name":"Duplicator","player_choice":"One dupe","floor":28.0,"damage_taken":0.0},{"event_name":"Tomb of Lord Red Mask","player_choice":"Ignored","floor":36.0,"damage_taken":0.0},{"event_name":"WeMeetAgain","player_choice":"Potion","floor":38.0,"damage_taken":0.0},{"event_name":"Mysterious Sphere","player_choice":"Fight","floor":41.0,"damage_taken":0.0}],"is_beta":false,"boss_relics":[{"not_picked":["Fusion Hammer","Black Star"],"picked":"Astrolabe"},{"not_picked":["FrozenCore","Velvet Choker"],"picked":"White Beast Statue"}],"items_purged_floors":[2],"is_endless":false,"potions_floor_spawned":[5,7,14,19,27,31,33,35,37,39,41,42,44,45,46,47],"ascension_level":4}