{"gold_per_floor":[18,18,32,49,65,65,93,93,118,150,150,20,37,47,47,126,126,144,17,17,17,17,17,50,50,77,93,111,111,142,152,152,230,230,240,240,256,21,39,39,49,49,49,49,67,100,100,120,120,120,120,120,120,8,40,40],"floor_reached":56,"playtime":2208,"items_purged":["Strike_B"],"score":2204,"play_id":"e1b25438-e921-466c-a49e-a2c23252262e","local_time":"20190425193931","is_ascension_mode":true,"campfire_choices":[{"data":"Zap","floor":6.0,"key":"SMITH"},{"data":"Darkness","floor":8.0,"key":"SMITH"},{"data":"Dualcast","floor":11.0,"key":"SMITH"},{"data":"Coolheaded","floor":15.0,"key":"SMITH"},{"data":"Double Energy","floor":23.0,"key":"SMITH"},{"data":"Defragment","floor":25.0,"key":"SMITH"},{"data":"Chaos","floor":29.0,"key":"SMITH"},{"data":"Blizzard","floor":32.0,"key":"SMITH"},{"data":"Heatsinks","floor":40.0,"key":"SMITH"},{"data":"Turbo","floor":42.0,"key":"SMITH"},{"data":"Steam Power","floor":47.0,"key":"SMITH"},{"floor":49.0,"key":"RECALL"},{"data":"Coolheaded","floor":53.0,"key":"SMITH"}],"neow_cost":"NO_GOLD","seed_source_timestamp":70940221792783,"circlet_count":0,"master_deck":["AscendersBane","Defend_B","Defend_B","Zap+1","Dualcast+1","Biased Cognition","Chill","Compile Driver","Conserve Battery","Cold Snap","Genetic Algorithm","Darkness+1","Meteor Strike","Ball Lightning","Coolheaded+1","Hologram","Coolheaded+1","Compile Driver","Rainbow","Double Energy+1","Coolheaded","Steam Power+1","Defragment+1","Heatsinks+1","Chaos+1","Loop","Tempest","Blizzard+1","Thunder Strike","White Noise+1","Turbo+1","Undo","Stack","Reinforced Body","Conserve Battery","Turbo+1","Echo Form","Reboot","Go for the Eyes+1","Coolheaded","Stack","Reboot","White Noise","Hologram","White Noise"],"special_seed":0,"relics":["Cracked Core","Centennial Puzzle","DataDisk","Pen Nib","Eternal Feather","PreservedInsect","Bottled Tornado","Orrery","Question Card","Blood Vial","Sundial"],"potions_floor_usage":[],"damage_taken":[{"damage":0.0,"enemies":"2 Louse","floor":1.0,"turns":3.0},{"damage":1.0,"enemies":"Cultist","floor":3.0,"turns":3.0},{"damage":0.0,"enemies":"Small Slimes","floor":4.0,"turns":2.0},{"damage":9.0,"enemies":"Blue Slaver","floor":5.0,"turns":3.0},{"damage":12.0,"enemies":"Lagavulin","floor":7.0,"turns":8.0},{"damage":0.0,"enemies":"Gremlin Nob","floor":10.0,"turns":3.0},{"damage":6.0,"enemies":"Red Slaver","floor":13.0,"turns":2.0},{"damage":1.0,"enemies":"Exordium Wildlife","floor":14.0,"turns":3.0},{"damage":0.0,"enemies":"Slime Boss","floor":16.0,"turns":4.0},{"damage":0.0,"enemies":"Chosen","floor":18.0,"turns":3.0},{"damage":17.0,"enemies":"Slavers","floor":24.0,"turns":5.0},{"damage":18.0,"enemies":"Shell Parasite","floor":27.0,"turns":4.0},{"damage":3.0,"enemies":"Cultist and Chosen","floor":28.0,"turns":6.0},{"damage":0.0,"enemies":"Book of Stabbing","floor":30.0,"turns":3.0},{"damage":2.0,"enemies":"Chosen and Byrds","floor":31.0,"turns":6.0},{"damage":24.0,"enemies":"Collector","floor":33.0,"turns":7.0},{"damage":1.0,"enemies":"Orb Walker","floor":35.0,"turns":3.0},{"damage":9.0,"enemies":"3 Shapes","floor":37.0,"turns":3.0},{"damage":12.0,"enemies":"3 Darklings","floor":39.0,"turns":3.0},{"damage":46.0,"enemies":"Jaw Worm Horde","floor":41.0,"turns":5.0},{"damage":19.0,"enemies":"Sphere and 2 Shapes","floor":45.0,"turns":6.0},{"damage":0.0,"enemies":"Reptomancer","floor":46.0,"turns":5.0},{"damage":18.0,"enemies":"3 Darklings","floor":48.0,"turns":7.0},{"damage":36.0,"enemies":"Time Eater","floor":50.0,"turns":11.0},{"damage":12.0,"enemies":"Donu and Deca","floor":51.0,"turns":9.0},{"damage":40.0,"enemies":"Shield and Spear","floor":55.0,"turns":4.0},{"damage":35,"enemies":"The Heart","floor":56,"turns":3}],"seed_played":"-5457136287956053997","potions_obtained":[{"floor":5.0,"key":"GamblersBrew"},{"floor":7.0,"key":"Weak Potion"},{"floor":10.0,"key":"EssenceOfSteel"},{"floor":18.0,"key":"FocusPotion"},{"floor":33.0,"key":"LiquidBronze"},{"floor":37.0,"key":"FocusPotion"},{"floor":44.0,"key":"EntropicBrew"},{"floor":46.0,"key":"Block Potion"},{"floor":48.0,"key":"PowerPotion"}],"is_trial":false,"path_per_floor":["M","?","M","M","M","R","E","R","T","E","R","$","M","M","R","B",null,"M","$","?","?","?","R","E","R","T","M","M","R","E","M","R","B",null,"M","?","M","$","M","R","M","R","T","?","M","E","R","M","R","B","B",null,"R","$","E","B"],"character_chosen":"DEFECT","items_purchased":["Ball Lightning","Coolheaded","Hologram","Coolheaded","Echo Form","Reboot","Hologram","Fire Potion"],"campfire_rested":0,"item_purchase_floors":[12,12,12,19,38,38,54,54],"current_hp_per_floor":[64,64,63,63,54,54,42,42,42,42,42,42,36,35,35,35,62,62,62,42,42,42,54,37,49,49,31,28,43,43,41,56,32,65,64,64,55,55,43,64,18,42,42,42,23,23,47,31,55,21,11,60,76,76,36,3],"gold":40,"neow_bonus":"TRANSFORM_TWO_CARDS","is_prod":false,"is_daily":false,"chose_seed":false,"campfire_upgraded":12,"win_rate":0,"timestamp":1556192371,"path_taken":["M","?","M","?","M","R","E","R","T","E","R","?","M","M","R","BOSS","M","$","?","?","?","R","E","R","T","?","M","R","E","M","R","BOSS","M","?","?","$","M","R","M","R","T","?","?","E","R","M","R","BOSS","BOSS","R","$","E","BOSS"],"build_version":"2019-01-23","purchased_purges":1,"victory":false,"max_hp_per_floor":[71,71,71,71,71,71,71,71,71,71,71,71,71,71,71,71,71,71,71,76,76,76,76,76,76,76,76,76,76,76,76,76,76,76,76,76,76,76,76,76,76,76,76,76,76,76,76,76,76,76,76,76,76,76,76,76],"card_choices":[{"not_picked":["Beam Cell","Hologram"],"picked":"Compile Driver","floor":1.0},{"not_picked":["White Noise","Steam"],"picked":"Conserve Battery","floor":3.0},{"not_picked":["Rebound","Gash"],"picked":"Cold Snap","floor":4.0},{"not_picked":["Scrape","Cold Snap"],"picked":"Genetic Algorithm","floor":5.0},{"not_picked":["Rebound","Sweeping Beam"],"picked":"Darkness","floor":7.0},{"not_picked":["FTL","Gash"],"picked":"Meteor Strike","floor":10.0},{"not_picked":["Streamline","Compile Driver"],"picked":"Coolheaded","floor":13.0},{"not_picked":["Hologram","Go for the Eyes"],"picked":"Compile Driver","floor":14.0},{"not_picked":["Amplify","Meteor Strike"],"picked":"Rainbow","floor":16.0},{"not_picked":["Redo","Scrape"],"picked":"Double Energy","floor":18.0},{"not_picked":["Steam Power","Go for the Eyes"],"picked":"Heatsinks","floor":24.0},{"not_picked":["Sweeping Beam","Genetic Algorithm"],"picked":"Chaos","floor":27.0},{"not_picked":["Doom and Gloom","Rip and Tear"],"picked":"Loop","floor":28.0},{"not_picked":["Heatsinks","Beam Cell"],"picked":"Tempest","floor":30.0},{"not_picked":["Consume+1","Cold Snap"],"picked":"Blizzard","floor":31.0},{"not_picked":["Amplify","Biased Cognition"],"picked":"Thunder Strike","floor":33.0},{"not_picked":["Redo","Sweeping Beam"],"picked":"White Noise+1","floor":34.0},{"not_picked":["Sunder","Redo"],"picked":"Turbo","floor":34.0},{"not_picked":["Machine Learning","Doom and Gloom"],"picked":"Undo","floor":34.0},{"not_picked":["Rebound","Scrape"],"picked":"Stack","floor":34.0},{"not_picked":["Conserve Battery","Beam Cell"],"picked":"Reinforced Body","floor":34.0},{"not_picked":["Darkness+1","Lockon"],"picked":"Conserve Battery","floor":35.0},{"not_picked":["Rebound+1","Go for the Eyes"],"picked":"Turbo","floor":37.0},{"not_picked":["Streamline","Sweeping Beam"],"picked":"Go for the Eyes+1","floor":39.0},{"not_picked":["Chill","Leap"],"picked":"Coolheaded","floor":41.0},{"not_picked":["Darkness","Heatsinks","Auto Shields+1"],"picked":"Stack","floor":45.0},{"not_picked":["Auto Shields","Redo","Compile Driver"],"picked":"Reboot","floor":46.0},{"not_picked":["Go for the Eyes","Compile Driver","Sweeping Beam"],"picked":"White Noise","floor":48.0},{"not_picked":["Go for the Eyes","Leap","Biased Cognition"],"picked":"White Noise","floor":55.0}],"player_experience":1476318,"relics_obtained":[{"floor":7.0,"key":"Centennial Puzzle"},{"floor":9.0,"key":"DataDisk"},{"floor":10.0,"key":"Pen Nib"},{"floor":24.0,"key":"PreservedInsect"},{"floor":30.0,"key":"Bottled Tornado"},{"floor":43.0,"key":"Question Card"},{"floor":46.0,"key":"Blood Vial"},{"floor":55.0,"key":"Sundial"}],"event_choices":[{"cards_removed":["Strike_B"],"damage_healed":0.0,"max_hp_gain":0.0,"max_hp_loss":0.0,"gold_gain":0.0,"event_name":"Bonfire Elementals","player_choice":"Offered Basic","floor":2.0,"gold_loss":0.0,"damage_taken":0.0},{"damage_healed":0.0,"max_hp_gain":5.0,"max_hp_loss":0.0,"gold_gain":0.0,"event_name":"Forgotten Altar","player_choice":"Shed Blood","floor":20.0,"gold_loss":0.0,"damage_taken":25.0},{"damage_healed":0.0,"max_hp_gain":0.0,"max_hp_loss":0.0,"gold_gain":0.0,"cards_transformed":["Defend_B","Defend_B"],"event_name":"Drug Dealer","player_choice":"Became Test Subject","floor":21.0,"gold_loss":0.0,"damage_taken":0.0,"cards_obtained":["Steam Power","Defragment"]},{"damage_healed":0.0,"max_hp_gain":0.0,"max_hp_loss":0.0,"gold_gain":0.0,"event_name":"Upgrade Shrine","player_choice":"Upgraded","floor":36.0,"gold_loss":0.0,"damage_taken":0.0,"cards_upgraded":["Turbo"]},{"damage_healed":0.0,"max_hp_gain":0.0,"max_hp_loss":0.0,"gold_gain":0.0,"event_name":"Lab","player_choice":"Got Potions","floor":44.0,"gold_loss":0.0,"damage_taken":0.0}],"is_beta":false,"boss_relics":[{"not_picked":["White Beast Statue","FrozenCore"],"picked":"Eternal Feather"},{"not_picked":["Runic Dome","Tiny House"],"picked":"Orrery"}],"items_purged_floors":[19],"is_endless":false,"potions_floor_spawned":[5,7,10,14,16,18,27,33,37,45,46,48],"killed_by":"The Heart","ascension_level":20}