{"gold_per_floor":[118,132,132,145,145,170,170,184,184,184,214,135,135,135,135,240,240,255,255,229,229,245,278,278,278],"floor_reached":25,"playtime":2200,"items_purged":[],"score":252,"play_id":"72d7112e-5839-43e6-9208-7210302a4428","local_time":"20190102174714","is_ascension_mode":false,"campfire_choices":[{"floor":7,"key":"RECALL"},{"floor":10,"key":"REST"},{"floor":15,"key":"REST"},{"floor":24,"key":"REST"}],"neow_cost":"NONE","seed_source_timestamp":16680538639779,"circlet_count":0,"master_deck":["Defend_G","Defend_G","Defend_G","Defend_G","Defend_G","Strike_G","Strike_G","Strike_G","Strike_G","Survivor","Neutralize+1","Well Laid Plans","Distraction","Footwork","Slice","Heel Hook","Flying Knee","Adrenaline","Dodge and Roll","Quick Slash","After Image","PiercingWail+1"],"relics":["Ring of the Snake","Happy Flower","Juzu Bracelet","Pear","Runic Pyramid","Nloth\u0027s Gift","Bronze Scales"],"potions_floor_usage":[6,18,19],"damage_taken":[{"damage":4,"enemies":"Jaw Worm","floor":1,"turns":7},{"damage":0,"enemies":"2 Louse","floor":2,"turns":2},{"damage":2,"enemies":"Small Slimes","floor":4,"turns":5},{"damage":28,"enemies":"Lagavulin","floor":6,"turns":8},{"damage":2,"enemies":"Blue Slaver","floor":8,"turns":5},{"damage":10,"enemies":"Gremlin Nob","floor":11,"turns":5},{"damage":39,"enemies":"The Guardian","floor":16,"turns":22},{"damage":0,"enemies":"Chosen","floor":18,"turns":8},{"damage":12,"enemies":"Colosseum Slavers","floor":19,"turns":7},{"damage":1,"enemies":"Shell Parasite","floor":22,"turns":8},{"damage":30,"enemies":"Gremlin Leader","floor":23,"turns":7}],"seed_played":"-4212472454181293710","potions_obtained":[{"floor":1,"key":"PowerPotion"},{"floor":6,"key":"SpeedPotion"},{"floor":16,"key":"Block Potion"},{"floor":22,"key":"Dexterity Potion"}],"is_trial":false,"path_per_floor":["M","M","$","M","?","E","R","M","T","R","E","$","?","?","R","B",null,"M","?","$","?","M","E","R","?"],"character_chosen":"THE_SILENT","items_purchased":["Adrenaline","Quick Slash"],"campfire_rested":3,"item_purchase_floors":[12,20],"current_hp_per_floor":[73,73,73,71,76,48,48,46,46,70,70,70,70,63,90,53,92,92,80,80,80,79,49,76,76],"gold":278,"neow_bonus":"TEN_PERCENT_HP_BONUS","is_prod":false,"is_daily":false,"chose_seed":false,"campfire_upgraded":0,"win_rate":0,"timestamp":1546469234,"path_taken":["M","M","$","M","?","E","R","M","T","R","E","$","?","?","R","BOSS","M","?","$","?","M","E","R","?"],"build_version":"2018-12-20","purchased_purges":0,"victory":false,"max_hp_per_floor":[77,77,77,77,82,82,82,82,82,82,92,92,92,92,92,92,92,92,92,92,92,92,92,92,92],"card_choices":[{"not_picked":["Dash","PiercingWail"],"picked":"Well Laid Plans","floor":1},{"not_picked":["Dodge and Roll","Backflip"],"picked":"Distraction","floor":2},{"not_picked":["Noxious Fumes","Reflex"],"picked":"Footwork","floor":4},{"not_picked":["Calculated Gamble","Acrobatics"],"picked":"Slice","floor":6},{"not_picked":["Sucker Punch","Reflex"],"picked":"Heel Hook","floor":8},{"not_picked":["Predator","Catalyst"],"picked":"Flying Knee","floor":11},{"not_picked":["Outmaneuver","Catalyst"],"picked":"Dodge and Roll","floor":18},{"not_picked":["Poisoned Stab","Calculated Gamble+1"],"picked":"After Image","floor":22},{"not_picked":["Slice","Doppelganger"],"picked":"PiercingWail+1","floor":23}],"player_experience":104130,"relics_obtained":[{"floor":6,"key":"Happy Flower"},{"floor":9,"key":"Juzu Bracelet"},{"floor":11,"key":"Pear"},{"floor":23,"key":"Bronze Scales"}],"event_choices":[{"damage_healed":0,"gold_gain":0,"player_choice":"Donut","damage_taken":0,"max_hp_gain":5,"max_hp_loss":0,"event_name":"Big Fish","floor":5,"gold_loss":0},{"damage_healed":0,"gold_gain":0,"player_choice":"Searched \u00271\u0027 times","damage_taken":0,"relics_obtained":["Pantograph"],"max_hp_gain":0,"max_hp_loss":0,"event_name":"Dead Adventurer","floor":13,"gold_loss":0},{"cards_removed":["Strike_G"],"damage_healed":0,"gold_gain":0,"player_choice":"Card Removal","damage_taken":7,"max_hp_gain":0,"max_hp_loss":0,"event_name":"Golden Wing","floor":14,"gold_loss":0},{"damage_healed":0,"gold_gain":0,"player_choice":"Fight","damage_taken":0,"max_hp_gain":0,"max_hp_loss":0,"event_name":"Colosseum","floor":19,"gold_loss":0},{"damage_healed":0,"gold_gain":0,"player_choice":"Fled From Nobs","damage_taken":0,"max_hp_gain":0,"max_hp_loss":0,"event_name":"Colosseum","floor":19,"gold_loss":0},{"damage_healed":0,"gold_gain":0,"player_choice":"Traded Relic","damage_taken":0,"relics_obtained":["Nloth\u0027s Gift"],"max_hp_gain":0,"max_hp_loss":0,"event_name":"N\u0027loth","floor":21,"relics_lost":["Pantograph"],"gold_loss":0},{"damage_healed":0,"gold_gain":0,"player_choice":"Forge","damage_taken":0,"max_hp_gain":0,"max_hp_loss":0,"event_name":"Accursed Blacksmith","floor":25,"gold_loss":0,"cards_upgraded":["Neutralize"]}],"is_beta":false,"boss_relics":[{"not_picked":["Busted Crown","Orrery"],"picked":"Runic Pyramid"}],"items_purged_floors":[],"is_endless":false,"potions_floor_spawned":[1,6,16,19,22],"ascension_level":0}