{"gold_per_floor":[111,111,111,111,131,161,173,173,198,213,225,225,300,319,319,393,393,403,161,174,174,189,217,217,245,271,282,282,282,282,293,293,367,367,387,387,289,306,406,406,437,437,437,31,50,63,63,63,63,63],"floor_reached":51,"playtime":2141,"items_purged":[],"score":1327,"play_id":"2ac8f38a-dd47-49e2-a37a-538257c27a07","local_time":"20181107154931","is_ascension_mode":true,"campfire_choices":[{"data":"Ball Lightning","floor":8.0,"key":"SMITH"},{"data":"Genetic Algorithm","floor":12.0,"key":"SMITH"},{"data":"Hologram","floor":15.0,"key":"SMITH"},{"floor":24.0,"key":"REST"},{"floor":28.0,"key":"REST"},{"data":"Defragment","floor":30.0,"key":"SMITH"},{"floor":32.0,"key":"REST"},{"data":"Barrage","floor":40,"key":"SMITH"},{"data":"Fission","floor":42,"key":"SMITH"},{"data":"Buffer","floor":47,"key":"SMITH"},{"data":"Discovery","floor":49,"key":"SMITH"}],"neow_cost":"NONE","seed_source_timestamp":0,"circlet_count":0,"master_deck":["AscendersBane","Zap","Dualcast+1","Coolheaded","Hologram+1","Tempest","Ball Lightning+1","Glacier","Genetic Algorithm+1","Ball Lightning","Seek","Defragment+1","White Noise","White Noise","Capacitor","Beam Cell","Self Repair","Amplify","Fission+1","Fusion","Conserve Battery","Self Repair","Turbo","Barrage","Ball Lightning","FTL","White Noise","Barrage+1","Discovery+1","Chill","Hologram","Blind","Buffer+1"],"special_seed":0,"relics":["Cracked Core","NeowsBlessing","Pocketwatch","Omamori","Lantern","Inserter","War Paint","DataDisk","Bronze Scales","Art of War","Pandora\u0027s Box","Calipers","Vajra","Blood Vial","Membership Card","Bottled Lightning"],"potions_floor_usage":[41,50],"damage_taken":[{"damage":0.0,"enemies":"2 Louse","floor":1.0,"turns":1.0},{"damage":0.0,"enemies":"Jaw Worm","floor":5.0,"turns":1.0},{"damage":0.0,"enemies":"3 Sentries","floor":6.0,"turns":1.0},{"damage":2.0,"enemies":"Small Slimes","floor":7.0,"turns":2.0},{"damage":0.0,"enemies":"Exordium Wildlife","floor":10.0,"turns":2.0},{"damage":1.0,"enemies":"Large Slime","floor":11.0,"turns":5.0},{"damage":0.0,"enemies":"Blue Slaver","floor":14.0,"turns":3.0},{"damage":33.0,"enemies":"Hexaghost","floor":16.0,"turns":11.0},{"damage":12.0,"enemies":"Shell Parasite","floor":18.0,"turns":8.0},{"damage":2.0,"enemies":"Chosen","floor":20.0,"turns":4.0},{"damage":21.0,"enemies":"Shelled Parasite and Fungi","floor":22.0,"turns":9.0},{"damage":7.0,"enemies":"Slavers","floor":23.0,"turns":2.0},{"damage":18.0,"enemies":"Book of Stabbing","floor":25.0,"turns":8.0},{"damage":2.0,"enemies":"Snake Plant","floor":27.0,"turns":4.0},{"damage":18.0,"enemies":"Cultist and Chosen","floor":31.0,"turns":5.0},{"damage":11,"enemies":"Champ","floor":33,"turns":11},{"damage":8,"enemies":"3 Shapes","floor":35,"turns":3},{"damage":19,"enemies":"Orb Walker","floor":38,"turns":4},{"damage":17,"enemies":"Mind Bloom Boss Battle","floor":39,"turns":6},{"damage":31,"enemies":"Reptomancer","floor":41,"turns":6},{"damage":0,"enemies":"Jaw Worm Horde","floor":45,"turns":6},{"damage":15,"enemies":"4 Shapes","floor":46,"turns":5},{"damage":30,"enemies":"Donu and Deca","floor":50,"turns":7}],"seed_played":"6840731789933670621","potions_obtained":[{"floor":1.0,"key":"Fire Potion"},{"floor":5.0,"key":"Block Potion"},{"floor":7.0,"key":"GamblersBrew"},{"floor":14.0,"key":"Explosive Potion"},{"floor":22.0,"key":"PowerPotion"},{"floor":23.0,"key":"SteroidPotion"},{"floor":35,"key":"Fire Potion"},{"floor":41,"key":"SteroidPotion"},{"floor":45,"key":"PowerPotion"}],"is_trial":false,"path_per_floor":["M","?","?","T","M","E","M","R","T","M","M","R","?","M","R","B",null,"M","$","M","$","M","E","R","E","T","M","R","?","R","M","R","B",null,"M","?","$","M","?","R","E","R","T","$","M","M","R","?","R","B",null],"character_chosen":"DEFECT","items_purchased":["White Noise","War Paint","Discovery","Membership Card","Bottled Lightning","Blind"],"campfire_rested":3,"item_purchase_floors":[19,19,37,44,44,44],"current_hp_per_floor":[64,64,64,64,64,64,62,62,62,62,61,61,50,50,50,17,58,46,46,44,44,23,16,37,19,19,17,38,38,38,27,48,44,64,56,56,56,51,48,48,45,45,45,45,61,69,69,67,67,44],"gold":63,"neow_bonus":"THREE_ENEMY_KILL","is_prod":false,"is_daily":false,"chose_seed":false,"campfire_upgraded":8,"win_rate":0,"timestamp":1541623771,"path_taken":["M","?","?","?","M","E","?","R","T","M","M","R","?","M","R","BOSS","M","$","M","$","M","E","R","E","T","M","R","?","R","M","R","BOSS","M","?","$","M","?","R","E","R","T","$","M","M","R","?","R","BOSS"],"build_version":"2018-11-01","purchased_purges":0,"victory":true,"max_hp_per_floor":[71,71,71,71,71,71,71,71,71,71,71,71,71,71,71,71,71,71,71,71,71,71,71,71,71,71,71,71,71,71,71,71,71,71,71,71,71,71,71,71,71,71,71,71,71,71,71,67,67,67],"card_choices":[{"not_picked":["Reinforced Body","Recycle"],"picked":"Coolheaded","floor":1.0},{"not_picked":["Reprogram","Sweeping Beam"],"picked":"Hologram","floor":5.0},{"not_picked":["Steam","Cold Snap"],"picked":"Tempest","floor":6.0},{"not_picked":["Hello World","Cold Snap"],"picked":"Ball Lightning","floor":7.0},{"not_picked":["FTL","Beam Cell"],"picked":"Glacier","floor":10.0},{"not_picked":["Cold Snap","Turbo"],"picked":"Genetic Algorithm","floor":11.0},{"not_picked":["Redo","BootSequence"],"picked":"Ball Lightning","floor":14.0},{"not_picked":["Hyperbeam","Buffer"],"picked":"Seek","floor":16.0},{"not_picked":["Melter","Leap"],"picked":"Defragment","floor":18.0},{"not_picked":["Tempest","Conserve Battery"],"picked":"White Noise","floor":20.0},{"not_picked":["Gash","Redo+1"],"picked":"Capacitor","floor":22.0},{"not_picked":["Ball Lightning","Cold Snap"],"picked":"Beam Cell","floor":23.0},{"not_picked":["Hologram","Doom and Gloom","Recycle"],"picked":"SKIP","floor":25.0},{"not_picked":["Scrape","Chaos"],"picked":"Self Repair","floor":27.0},{"not_picked":["Genetic Algorithm","Cold Snap"],"picked":"Amplify","floor":31.0},{"not_picked":["Hyperbeam","Core Surge"],"picked":"Fission","floor":33},{"not_picked":["Conserve Battery+1","Melter+1"],"picked":"Barrage","floor":35},{"not_picked":["Leap","Cold Snap+1"],"picked":"Chill","floor":38},{"not_picked":["Turbo","Blizzard"],"picked":"Hologram","floor":39},{"not_picked":["Hologram","Chaos","Steam"],"picked":"SKIP","floor":41},{"not_picked":["Steam","Ball Lightning","Doom and Gloom+1"],"picked":"SKIP","floor":45},{"not_picked":["Streamline","Darkness"],"picked":"Buffer","floor":46}],"player_experience":699097,"relics_obtained":[{"floor":4.0,"key":"Pocketwatch"},{"floor":6.0,"key":"Omamori"},{"floor":9.0,"key":"Lantern"},{"floor":23.0,"key":"DataDisk"},{"floor":25.0,"key":"Bronze Scales"},{"floor":26.0,"key":"Art of War"},{"floor":39,"key":"Calipers"},{"floor":41,"key":"Vajra"},{"floor":43,"key":"Blood Vial"}],"event_choices":[{"damage_healed":0.0,"max_hp_gain":0.0,"max_hp_loss":0.0,"gold_gain":0.0,"event_name":"Golden Wing","player_choice":"Ignored","floor":2.0,"gold_loss":0.0,"damage_taken":0.0},{"damage_healed":0.0,"max_hp_gain":0.0,"max_hp_loss":0.0,"gold_gain":0.0,"event_name":"Shining Light","player_choice":"Ignored","floor":3.0,"gold_loss":0.0,"damage_taken":0.0},{"damage_healed":0.0,"max_hp_gain":0.0,"max_hp_loss":0.0,"gold_gain":75.0,"event_name":"World of Goop","player_choice":"Gather Gold","floor":13.0,"gold_loss":0.0,"damage_taken":11.0},{"damage_healed":0.0,"max_hp_gain":0.0,"max_hp_loss":0.0,"gold_gain":0.0,"event_name":"Back to Basics","player_choice":"Simplicity","floor":29.0,"gold_loss":0.0,"damage_taken":0.0,"cards_upgraded":["Strike_B","Strike_B","Strike_B","Strike_B","Defend_B","Defend_B","Defend_B"]},{"damage_healed":0,"gold_gain":0,"player_choice":"Ignored","damage_taken":0,"max_hp_gain":0,"max_hp_loss":0,"event_name":"Tomb of Lord Red Mask","floor":36,"gold_loss":0},{"damage_healed":0,"gold_gain":0,"player_choice":"Fight","damage_taken":0,"max_hp_gain":0,"max_hp_loss":0,"event_name":"MindBloom","floor":39,"gold_loss":0},{"damage_healed":0,"gold_gain":0,"player_choice":"Max HP","damage_taken":0,"max_hp_gain":0,"max_hp_loss":4,"event_name":"Winding Halls","floor":48,"gold_loss":0}],"is_beta":false,"boss_relics":[{"not_picked":["Eternal Feather","Empty Cage"],"picked":"Inserter"},{"not_picked":["Coffee Dripper","Fusion Hammer"],"picked":"Pandora\u0027s Box"}],"items_purged_floors":[],"is_endless":false,"potions_floor_spawned":[1,5,7,14,18,22,23,35,39,41,45,46],"ascension_level":17}