{"gold_per_floor":[16,16,16,31,31,31,49,84,158,158,181,206,239,254,254,373,373,396,396,20,28,53,152,152],"floor_reached":24,"playtime":1270,"items_purged":[],"score":260,"play_id":"99237bc1-ef1c-4c78-a7eb-18b63ef74ca2","local_time":"20190320215838","is_ascension_mode":true,"campfire_choices":[{"data":"Bouncing Flask","floor":6.0,"key":"SMITH"},{"floor":10,"key":"REST"},{"data":"Noxious Fumes","floor":15,"key":"SMITH"}],"neow_cost":"NO_GOLD","seed_source_timestamp":0,"circlet_count":0,"master_deck":["Defend_G","Defend_G","Defend_G","Defend_G","Defend_G","Strike_G","Strike_G","Strike_G+1","Strike_G","Strike_G","Survivor","Neutralize+1","Bouncing Flask+1","Noxious Fumes+1","Poisoned Stab","Outmaneuver","Outmaneuver","Caltrops","Underhanded Strike","Deadly Poison","Envenom","Riddle With Holes","Caltrops","Backflip","Infinite Blades","Escape Plan+1","Blur+1"],"special_seed":0,"relics":["Ring of the Snake","Thread and Needle","Golden Idol","Vajra","Sundial","Black Star","Bird Faced Urn"],"potions_floor_usage":[13,13,16],"damage_taken":[{"damage":0.0,"enemies":"Jaw Worm","floor":1.0,"turns":4.0},{"damage":2.0,"enemies":"2 Louse","floor":4.0,"turns":4.0},{"damage":0.0,"enemies":"Cultist","floor":7.0,"turns":3.0},{"damage":3.0,"enemies":"Gremlin Nob","floor":8.0,"turns":3.0},{"damage":0,"enemies":"Blue Slaver","floor":11,"turns":3},{"damage":0,"enemies":"Looter","floor":12,"turns":3},{"damage":27,"enemies":"3 Sentries","floor":13,"turns":7},{"damage":10,"enemies":"Exordium Thugs","floor":14,"turns":4},{"damage":3,"enemies":"The Guardian","floor":16,"turns":7},{"damage":14,"enemies":"3 Byrds","floor":18,"turns":4},{"damage":35,"enemies":"2 Thieves","floor":21,"turns":5},{"damage":31,"enemies":"Centurion and Healer","floor":22,"turns":7},{"damage":22,"enemies":"Book of Stabbing","floor":24,"turns":3}],"seed_played":"337625789729543658","potions_obtained":[{"floor":1.0,"key":"SkillPotion"},{"floor":7.0,"key":"AttackPotion"},{"floor":11,"key":"FearPotion"},{"floor":12,"key":"Regen Potion"},{"floor":14,"key":"LiquidBronze"}],"is_trial":false,"path_per_floor":["M","?","?","M","?","R","M","E","T","R","M","M","E","M","R","B",null,"M","?","$","M","M","?","E"],"character_chosen":"THE_SILENT","items_purchased":["Bird Faced Urn","Infinite Blades"],"campfire_rested":1,"item_purchase_floors":[20,20],"current_hp_per_floor":[70,70,56,54,47,47,47,44,44,65,65,65,53,43,43,40,63,49,49,49,24,3,3,0],"gold":152,"neow_bonus":"ONE_RARE_RELIC","is_prod":false,"is_daily":false,"chose_seed":false,"campfire_upgraded":2,"win_rate":0,"timestamp":1553144318,"path_taken":["M","?","?","M","?","R","M","E","T","R","M","M","E","M","R","BOSS","M","?","$","?","M","?","E"],"build_version":"2019-01-23","purchased_purges":0,"victory":false,"max_hp_per_floor":[70,70,70,70,70,70,70,70,70,70,70,70,70,70,70,70,70,70,70,70,70,70,70,70],"card_choices":[{"not_picked":["Dagger Spray","Dodge and Roll"],"picked":"Bouncing Flask","floor":1.0},{"not_picked":["Deflect","Dash"],"picked":"Noxious Fumes","floor":4.0},{"not_picked":["Caltrops","Underhanded Strike"],"picked":"Poisoned Stab","floor":7.0},{"not_picked":["Bouncing Flask","Footwork"],"picked":"Outmaneuver","floor":8.0},{"not_picked":["Blade Dance","PiercingWail"],"picked":"Outmaneuver","floor":11},{"not_picked":["Riddle With Holes","Bullet Time"],"picked":"Caltrops","floor":12},{"not_picked":["Choke","Dagger Spray"],"picked":"Underhanded Strike","floor":13},{"not_picked":["Backflip","Endless Agony"],"picked":"Deadly Poison","floor":14},{"not_picked":["Tools of the Trade","Bullet Time"],"picked":"Envenom","floor":16},{"not_picked":["Quick Slash","Skewer"],"picked":"Riddle With Holes","floor":18},{"not_picked":["Dagger Spray","Dagger Throw"],"picked":"Escape Plan+1","floor":21},{"not_picked":["Flying Knee","Finisher+1"],"picked":"Blur+1","floor":22}],"player_experience":356494,"relics_obtained":[{"floor":8.0,"key":"Vajra"},{"floor":13,"key":"Sundial"}],"event_choices":[{"damage_healed":0.0,"max_hp_gain":0.0,"max_hp_loss":0.0,"gold_gain":0.0,"event_name":"Golden Idol","player_choice":"Take Wound","floor":2.0,"gold_loss":0.0,"damage_taken":0.0,"relics_obtained":["Golden Idol"],"cards_obtained":["Injury"]},{"damage_healed":0.0,"max_hp_gain":0.0,"max_hp_loss":0.0,"gold_gain":0.0,"event_name":"Shining Light","player_choice":"Entered Light","floor":3.0,"gold_loss":0.0,"damage_taken":14.0,"cards_upgraded":["Strike_G","Neutralize"]},{"cards_removed":["Injury"],"damage_healed":0.0,"max_hp_gain":0.0,"max_hp_loss":0.0,"gold_gain":0.0,"event_name":"Golden Wing","player_choice":"Card Removal","floor":5.0,"gold_loss":0.0,"damage_taken":7.0},{"damage_healed":0,"gold_gain":0,"player_choice":"2 cards matched","damage_taken":0,"max_hp_gain":0,"max_hp_loss":0,"event_name":"Match and Keep!","floor":19,"gold_loss":0,"cards_obtained":["Caltrops","Backflip"]},{"damage_healed":0,"gold_gain":99,"player_choice":"Stole From Cult","damage_taken":0,"max_hp_gain":0,"max_hp_loss":0,"event_name":"Nest","floor":23,"gold_loss":0}],"is_beta":false,"boss_relics":[{"not_picked":["Calling Bell","Runic Dome"],"picked":"Black Star"}],"items_purged_floors":[],"is_endless":false,"potions_floor_spawned":[1,7,11,12,14],"killed_by":"Book of Stabbing","ascension_level":5}