{"gold_per_floor":[111,123,123,198,248,248,248,248,273,21,37,50,125,144,144,265,265,281,281,299,314,332,332,398,398,443,459,459,459,477,65,65,65],"floor_reached":33,"playtime":2100,"items_purged":[],"score":257,"play_id":"8e836c9e-29d7-4726-8708-f578731d7fb8","local_time":"20190501150804","is_ascension_mode":false,"campfire_choices":[{"floor":6,"key":"REST"},{"data":"Melter","floor":8,"key":"SMITH"},{"floor":15,"key":"REST"},{"floor":23,"key":"REST"},{"floor":25,"key":"REST"},{"floor":29,"key":"REST"},{"data":"Rainbow","floor":32,"key":"SMITH"}],"neow_cost":"NONE","seed_source_timestamp":500716914600200,"circlet_count":0,"master_deck":["Strike_B","Strike_B","Strike_B","Strike_B","Defend_B","Defend_B","Defend_B","Defend_B","Zap","Dualcast","Melter+1","Conserve Battery","Static Discharge","FTL","Sunder","Glacier","Electrodynamics","Hologram+1","Auto Shields+1","Leap+1","Cold Snap+1","Consume+1","Ball Lightning","Melter+1","Sweeping Beam","Storm+1","Static Discharge","Rainbow+1","Blind"],"relics":["Cracked Core","NeowsBlessing","Golden Idol","Orichalcum","Dream Catcher","Question Card","Eternal Feather","Enchiridion","Tiny Chest","Centennial Puzzle","Molten Egg 2"],"potions_floor_usage":[16,16,21,22,33,33,33],"damage_taken":[{"damage":0,"enemies":"Cultist","floor":1,"turns":1},{"damage":0,"enemies":"Small Slimes","floor":2,"turns":1},{"damage":0,"enemies":"2 Louse","floor":11,"turns":1},{"damage":3,"enemies":"Looter","floor":12,"turns":3},{"damage":6,"enemies":"Exordium Wildlife","floor":14,"turns":3},{"damage":37,"enemies":"The Guardian","floor":16,"turns":12},{"damage":14,"enemies":"Shell Parasite","floor":18,"turns":4},{"damage":0,"enemies":"3 Byrds","floor":20,"turns":2},{"damage":7,"enemies":"Centurion and Healer","floor":21,"turns":4},{"damage":30,"enemies":"Cultist and Chosen","floor":22,"turns":7},{"damage":31,"enemies":"Slavers","floor":24,"turns":4},{"damage":0,"enemies":"Chosen and Byrds","floor":27,"turns":4},{"damage":11,"enemies":"3 Cultists","floor":30,"turns":3},{"damage":89,"enemies":"Champ","floor":33,"turns":13}],"seed_played":"7103748067027588723","potions_obtained":[{"floor":1,"key":"Poison Potion"},{"floor":14,"key":"Energy Potion"},{"floor":18,"key":"Weak Potion"},{"floor":21,"key":"Ancient Potion"},{"floor":24,"key":"Regen Potion"},{"floor":28,"key":"Block Potion"},{"floor":28,"key":"GamblersBrew"}],"is_trial":false,"path_per_floor":["M","M","?","?","?","R","T","R","T","$","M","M","?","M","R","B",null,"M","?","M","M","M","R","E","R","T","M","?","R","M","$","R","B"],"character_chosen":"DEFECT","items_purchased":["Question Card","Molten Egg 2","Rainbow","Blind"],"campfire_rested":5,"item_purchase_floors":[10,31,31,31],"current_hp_per_floor":[75,75,57,46,46,68,68,68,68,68,68,65,58,52,74,37,75,61,45,45,38,8,42,11,45,45,45,45,75,64,64,75,0],"gold":65,"neow_bonus":"THREE_ENEMY_KILL","is_prod":false,"is_daily":false,"chose_seed":false,"campfire_upgraded":2,"win_rate":0.0,"timestamp":1556737684,"path_taken":["M","M","?","?","?","R","?","R","T","?","?","M","?","M","R","BOSS","M","?","M","M","M","R","E","R","T","M","?","R","?","$","R","BOSS"],"build_version":"2019-01-23","purchased_purges":0,"victory":false,"max_hp_per_floor":[75,75,75,75,75,75,75,75,75,75,75,75,75,75,75,75,75,75,75,75,75,75,75,75,75,75,75,75,75,75,75,75,75],"card_choices":[{"not_picked":["Self Repair","Coolheaded"],"picked":"Melter","floor":1},{"not_picked":["Compile Driver","Gash"],"picked":"Conserve Battery","floor":2},{"not_picked":["Steam","Scrape","Turbo"],"picked":"Static Discharge","floor":11},{"not_picked":["Barrage","Gash","Leap"],"picked":"FTL","floor":12},{"not_picked":["Double Energy","Chaos","White Noise"],"picked":"Sunder","floor":14},{"not_picked":["Redo","Leap","White Noise"],"picked":"Glacier","floor":15},{"not_picked":["Echo Form","Thunder Strike","Rainbow"],"picked":"Electrodynamics","floor":16},{"not_picked":["Gash","Leap","Chill+1"],"picked":"Hologram+1","floor":18},{"not_picked":["Skim+1","Aggregate","Doom and Gloom"],"picked":"Auto Shields+1","floor":20},{"not_picked":["Lockon+1","Coolheaded","Gash+1"],"picked":"Leap+1","floor":21},{"not_picked":["Go for the Eyes","Doom and Gloom+1","Gash"],"picked":"Cold Snap+1","floor":22},{"not_picked":["Tempest+1","Hologram","Ball Lightning"],"picked":"Consume+1","floor":23},{"not_picked":["Leap+1","Aggregate","Hologram"],"picked":"Ball Lightning","floor":24},{"not_picked":["Recycle","Heatsinks","All For One"],"picked":"Melter+1","floor":25},{"not_picked":["Stack","Steam Power","Hologram"],"picked":"Sweeping Beam","floor":27},{"not_picked":["Chill+1","Coolheaded+1","Ball Lightning"],"picked":"Storm+1","floor":29},{"not_picked":["Compile Driver","Barrage+1","BootSequence+1"],"picked":"Static Discharge","floor":30}],"player_experience":50119,"relics_obtained":[{"floor":7,"key":"Orichalcum"},{"floor":9,"key":"Dream Catcher"},{"floor":19,"key":"Enchiridion"},{"floor":24,"key":"Tiny Chest"},{"floor":26,"key":"Centennial Puzzle"}],"event_choices":[{"damage_healed":0,"gold_gain":0,"player_choice":"Take Damage","damage_taken":18,"relics_obtained":["Golden Idol"],"max_hp_gain":0,"max_hp_loss":0,"event_name":"Golden Idol","floor":3,"gold_loss":0},{"damage_healed":0,"gold_gain":75,"player_choice":"Gather Gold","damage_taken":11,"max_hp_gain":0,"max_hp_loss":0,"event_name":"World of Goop","floor":4,"gold_loss":0},{"damage_healed":0,"gold_gain":50,"player_choice":"Gained Gold","damage_taken":0,"max_hp_gain":0,"max_hp_loss":0,"event_name":"Golden Wing","floor":5,"gold_loss":0},{"damage_healed":0,"gold_gain":75,"player_choice":"Touch","damage_taken":7,"max_hp_gain":0,"max_hp_loss":0,"event_name":"FaceTrader","floor":13,"gold_loss":0},{"damage_healed":0,"gold_gain":0,"player_choice":"Obtained Book","damage_taken":16,"max_hp_gain":0,"max_hp_loss":0,"event_name":"Cursed Tome","floor":19,"gold_loss":0},{"damage_healed":0,"gold_gain":0,"player_choice":"Got Potions","damage_taken":0,"max_hp_gain":0,"max_hp_loss":0,"event_name":"Lab","floor":28,"gold_loss":0}],"is_beta":false,"boss_relics":[{"not_picked":["Ectoplasm","Empty Cage"],"picked":"Eternal Feather"}],"items_purged_floors":[],"is_endless":false,"potions_floor_spawned":[1,14,18,21,24,30],"killed_by":"Champ","ascension_level":0}