{"gold_per_floor":[114,114,114,132,152,152,169,169,169,169,188,188,222,240,240,345,345,356,406,133,151,163,163,198,198,198,215,278,603,653,672,672,777,827,844,894,944,959,1009,1059,757,782,782,193,193,36,53,66,66,66],"floor_reached":50,"playtime":3330,"items_purged":["Warcry","Strike_R+1"],"score":563,"play_id":"a040300d-7b66-48c9-9083-3c851f79ba8d","local_time":"20180815134618","is_ascension_mode":true,"campfire_choices":[{"data":"Metallicize","floor":6,"key":"SMITH"},{"data":"Inflame","floor":8,"key":"SMITH"},{"floor":12,"key":"REST"},{"data":"Uppercut","floor":15,"key":"SMITH"},{"data":"Flex","floor":23,"key":"SMITH"},{"floor":25,"key":"REST"},{"floor":32,"key":"REST"},{"floor":45,"key":"REST"},{"floor":49,"key":"REST"}],"neow_cost":"NONE","seed_source_timestamp":1461951390927425,"circlet_count":0,"master_deck":["Strike_R+1","Strike_R+1","Strike_R+1","Strike_R+1","Defend_R+1","Defend_R+1","Defend_R+1","Defend_R+1","Bash","Rampage+1","Metallicize+1","Inflame+1","Cleave","Uppercut+1","Double Tap","Flex+1","Rampage","Double Tap+1","Spot Weakness","Limit Break","Limit Break","Rampage+1","Flex","Secret Weapon","Iron Wave+1"],"relics":["Burning Blood","Torii","SsserpentHead","Blue Candle","Nloth\u0027s Gift","ClockworkSouvenir","Centennial Puzzle","Oddly Smooth Stone","Old Coin","Tiny House","Dodecahedron","HandDrill","Shuriken","Ice Cream","Happy Flower","Frozen Egg 2","Membership Card","Sling"],"potions_floor_usage":[5,16,24,29,33,33,42,42,42,47],"damage_taken":[{"damage":0,"enemies":"Small Slimes","floor":1,"turns":3},{"damage":6,"enemies":"2 Louse","floor":4,"turns":2},{"damage":0,"enemies":"Jaw Worm","floor":5,"turns":2},{"damage":13,"enemies":"3 Louse","floor":7,"turns":3},{"damage":7,"enemies":"Exordium Wildlife","floor":11,"turns":5},{"damage":9,"enemies":"3 Sentries","floor":13,"turns":8},{"damage":11,"enemies":"Looter","floor":14,"turns":3},{"damage":40,"enemies":"Hexaghost","floor":16,"turns":11},{"damage":1,"enemies":"Chosen","floor":18,"turns":4},{"damage":14,"enemies":"Spheric Guardian","floor":21,"turns":5},{"damage":7,"enemies":"Snecko","floor":22,"turns":5},{"damage":52,"enemies":"Book of Stabbing","floor":24,"turns":6},{"damage":3,"enemies":"Snake Plant","floor":27,"turns":2},{"damage":2,"enemies":"Centurion and Healer","floor":28,"turns":5},{"damage":26,"enemies":"Gremlin Leader","floor":29,"turns":7},{"damage":11,"enemies":"Chosen and Byrds","floor":31,"turns":6},{"damage":52,"enemies":"Automaton","floor":33,"turns":10},{"damage":21,"enemies":"3 Shapes","floor":35,"turns":4},{"damage":6,"enemies":"Orb Walker","floor":38,"turns":2},{"damage":63,"enemies":"2 Orb Walkers","floor":42,"turns":4},{"damage":8,"enemies":"Transient","floor":47,"turns":5},{"damage":34,"enemies":"3 Darklings","floor":48,"turns":5},{"damage":50,"enemies":"Donu and Deca","floor":50,"turns":4}],"seed_played":"-1125040752161336408","potions_obtained":[{"floor":1,"key":"Block Potion"},{"floor":4,"key":"Ancient Potion"},{"floor":13,"key":"Regen Potion"},{"floor":16,"key":"BloodPotion"},{"floor":27,"key":"SpeedPotion"},{"floor":28,"key":"Energy Potion"},{"floor":34,"key":"Strength Potion"},{"floor":35,"key":"LiquidBronze"},{"floor":38,"key":"SteroidPotion"},{"floor":42,"key":"Poison Potion"}],"is_trial":false,"path_per_floor":["M","?","?","M","M","R","M","R","T","?","M","R","E","M","R","B",null,"M","?","$","M","M","R","E","R","T","M","M","E","?","M","R","B",null,"M","?","?","M","?","T","$","E","T","$","R","$","M","M","R"],"character_chosen":"IRONCLAD","items_purchased":["ClockworkSouvenir","HandDrill","Happy Flower","Frozen Egg 2","Membership Card","Sling"],"campfire_rested":5,"item_purchase_floors":[20,41,44,44,44,46],"current_hp_per_floor":[88,88,70,70,76,76,69,69,69,69,68,88,85,80,80,61,88,88,88,88,80,79,79,41,67,67,70,74,54,54,49,75,29,93,78,78,78,78,78,78,78,21,21,21,48,48,46,18,45,0],"gold":66,"neow_bonus":"TEN_PERCENT_HP_BONUS","is_prod":false,"is_daily":false,"chose_seed":false,"campfire_upgraded":4,"win_rate":0,"timestamp":1534333578,"path_taken":["M","?","?","?","M","R","M","R","T","?","M","R","E","M","R","BOSS","M","?","$","M","M","R","E","R","T","M","?","E","?","M","R","BOSS","M","?","?","M","?","?","$","E","T","$","R","$","M","M","R","BOSS"],"build_version":"2018-08-09","purchased_purges":2,"victory":false,"max_hp_per_floor":[88,88,88,88,88,88,88,88,88,88,88,88,88,88,88,88,88,88,88,88,88,88,88,88,88,88,88,88,88,88,88,88,88,93,93,93,93,93,93,93,93,93,93,93,93,93,93,93,93,93],"card_choices":[{"not_picked":["Warcry","Headbutt"],"picked":"Rampage","floor":1},{"not_picked":["Entrench","Wild Strike"],"picked":"Warcry","floor":4},{"not_picked":["Sever Soul","Headbutt"],"picked":"Metallicize","floor":5},{"not_picked":["Flame Barrier","Spot Weakness"],"picked":"Inflame","floor":7},{"not_picked":["Wild Strike","Shrug It Off"],"picked":"Cleave","floor":11},{"not_picked":["Sentinel","Clash","Pommel Strike"],"picked":"SKIP","floor":13},{"not_picked":["Havoc","Entrench"],"picked":"Uppercut","floor":14},{"not_picked":["Brutality","Offering"],"picked":"Double Tap","floor":16},{"not_picked":["Clothesline+1","Warcry"],"picked":"Flex","floor":18},{"not_picked":["Anger+1","Whirlwind"],"picked":"Rampage","floor":21},{"not_picked":["Dark Embrace","Armaments","Sword Boomerang"],"picked":"SKIP","floor":22},{"not_picked":["Headbutt","Feed"],"picked":"Double Tap","floor":24},{"not_picked":["Body Slam","Sword Boomerang"],"picked":"Spot Weakness","floor":27},{"not_picked":["Clothesline","Thunderclap","Uppercut"],"picked":"SKIP","floor":28},{"not_picked":["Armaments","Clothesline+1","Fiend Fire"],"picked":"SKIP","floor":29},{"not_picked":["Iron Wave","Body Slam"],"picked":"Limit Break","floor":31},{"not_picked":["Barricade","Double Tap"],"picked":"Limit Break","floor":33},{"not_picked":["Rupture+1","Anger"],"picked":"Rampage+1","floor":34},{"not_picked":["Seeing Red","Rage+1"],"picked":"Flex","floor":35},{"not_picked":["Master of Strategy","Thinking Ahead"],"picked":"Secret Weapon","floor":36},{"not_picked":["Body Slam","Wild Strike","Ghostly Armor+1"],"picked":"SKIP","floor":38},{"not_picked":["True Grit","Anger+1","Corruption+1"],"picked":"SKIP","floor":42},{"not_picked":["Wild Strike","Sever Soul","True Grit"],"picked":"SKIP","floor":47},{"not_picked":["Thunderclap","Blood for Blood"],"picked":"Iron Wave+1","floor":48}],"player_experience":152250,"relics_obtained":[{"floor":9,"key":"Torii"},{"floor":13,"key":"Blue Candle"},{"floor":24,"key":"Centennial Puzzle"},{"floor":26,"key":"Oddly Smooth Stone"},{"floor":29,"key":"Old Coin"},{"floor":40,"key":"Dodecahedron"},{"floor":42,"key":"Shuriken"},{"floor":43,"key":"Ice Cream"}],"event_choices":[{"event_name":"Living Wall","player_choice":"Grow","floor":2,"damage_taken":0},{"event_name":"Shining Light","player_choice":"Entered Light","floor":3,"damage_taken":0},{"event_name":"FaceTrader","player_choice":"Trade","floor":10,"damage_taken":0},{"event_name":"N\u0027loth","player_choice":"Traded a Cursed Key","floor":19,"damage_taken":0},{"event_name":"Back to Basics","player_choice":"Simplicity","floor":30,"damage_taken":0},{"event_name":"SensoryStone","player_choice":"Memory 1","floor":36,"damage_taken":0},{"event_name":"Tomb of Lord Red Mask","player_choice":"Ignored","floor":37,"damage_taken":0},{"event_name":"Duplicator","player_choice":"Ignored","floor":39,"damage_taken":0}],"is_beta":false,"boss_relics":[{"not_picked":["Runic Dome","Busted Crown"],"picked":"Cursed Key"},{"not_picked":["Coffee Dripper","Snecko Eye"],"picked":"Tiny House"}],"items_purged_floors":[20,41],"is_endless":false,"potions_floor_spawned":[1,4,13,16,21,27,28,35,38,42],"killed_by":"Donu and Deca","ascension_level":1}