{"gold_per_floor":[113,113,188,188,205,234,249,249,331,359,27,43,43,58,58,159,159,179,193,11,111,121,121,138,138,163,177,177,188,188,188,188,188],"floor_reached":33,"playtime":3357,"items_purged":[],"score":282,"play_id":"3279eff1-e23f-4212-8eae-67886f5118b0","local_time":"20190311190810","is_ascension_mode":false,"campfire_choices":[{"floor":8,"key":"REST"},{"floor":13,"key":"REST"},{"floor":15,"key":"REST"},{"floor":23,"key":"REST"},{"data":"Choke","floor":25,"key":"SMITH"},{"data":"Bane","floor":30,"key":"SMITH"},{"data":"Blade Dance","floor":32,"key":"SMITH"}],"neow_cost":"NONE","seed_source_timestamp":247389589793500,"circlet_count":0,"master_deck":["Defend_G","Defend_G","Defend_G","Defend_G","Defend_G","Strike_G","Strike_G","Strike_G","Strike_G","Survivor","Neutralize","Slice","Deadly Poison","Finesse","Neutralize","Blade Dance+1","Underhanded Strike","Choke+1","Sucker Punch","Bane+1","Deadly Poison","Outmaneuver","Calculated Gamble","Tactician","Backflip","Bullet Time","Eviscerate","Blur+1","Poisoned Stab","Blade Dance","Heel Hook","Deadly Poison","Bane+1","Heel Hook+1"],"relics":["Ring of the Snake","NeowsBlessing","Dream Catcher","Ornamental Fan","Lantern","The Specimen","Eternal Feather","Boot","Happy Flower","MutagenicStrength"],"potions_floor_usage":[10,10,19,24,24,27],"damage_taken":[{"damage":0,"enemies":"Small Slimes","floor":1,"turns":1},{"damage":0,"enemies":"Jaw Worm","floor":5,"turns":1},{"damage":0,"enemies":"Lagavulin","floor":6,"turns":1},{"damage":0,"enemies":"Cultist","floor":7,"turns":4},{"damage":17,"enemies":"3 Sentries","floor":10,"turns":10},{"damage":14,"enemies":"Large Slime","floor":12,"turns":5},{"damage":5,"enemies":"Lots of Slimes","floor":14,"turns":4},{"damage":32,"enemies":"Hexaghost","floor":16,"turns":11},{"damage":15,"enemies":"Chosen","floor":18,"turns":6},{"damage":4,"enemies":"2 Thieves","floor":19,"turns":5},{"damage":36,"enemies":"Snecko","floor":22,"turns":6},{"damage":21,"enemies":"Centurion and Healer","floor":24,"turns":6},{"damage":3,"enemies":"Chosen and Byrds","floor":27,"turns":5},{"damage":22,"enemies":"Shelled Parasite and Fungi","floor":29,"turns":5},{"damage":92,"enemies":"Champ","floor":33,"turns":11}],"seed_played":"201057736759295615","potions_obtained":[{"floor":1,"key":"LiquidBronze"},{"floor":5,"key":"PowerPotion"},{"floor":14,"key":"SteroidPotion"},{"floor":19,"key":"Explosive Potion"},{"floor":22,"key":"Strength Potion"},{"floor":24,"key":"Regen Potion"}],"is_trial":false,"path_per_floor":["M","?","?","?","M","E","M","R","T","E","$","M","R","M","R","B",null,"M","M","$","?","M","R","M","R","T","M","?","M","R","?","R","B"],"character_chosen":"THE_SILENT","items_purchased":["The Specimen","Deadly Poison","Boot","Poisoned Stab"],"campfire_rested":4,"item_purchase_floors":[11,11,20,20],"current_hp_per_floor":[70,70,59,59,59,59,59,70,70,53,53,39,60,55,70,38,70,55,51,51,51,15,54,33,51,51,60,60,38,56,56,70,0],"gold":188,"neow_bonus":"THREE_ENEMY_KILL","is_prod":false,"is_daily":false,"chose_seed":false,"campfire_upgraded":3,"win_rate":0.0,"timestamp":1552349290,"path_taken":["M","?","?","?","M","E","M","R","T","E","$","?","R","M","R","BOSS","M","M","$","?","M","R","M","R","T","?","?","?","R","?","R","BOSS"],"build_version":"2019-01-23","purchased_purges":0,"victory":false,"max_hp_per_floor":[70,70,70,70,70,70,70,70,70,70,70,70,70,70,70,70,70,70,70,70,70,70,70,70,70,70,70,70,70,70,70,70,70],"card_choices":[{"not_picked":["Escape Plan","Infinite Blades"],"picked":"Slice","floor":1},{"not_picked":["Prepared","Dodge and Roll"],"picked":"Blade Dance","floor":5},{"not_picked":["Tools of the Trade","Deflect"],"picked":"Underhanded Strike","floor":6},{"not_picked":["Prepared","Backflip"],"picked":"Choke","floor":7},{"not_picked":["PiercingWail","Backflip"],"picked":"Sucker Punch","floor":8},{"not_picked":["Underhanded Strike","Endless Agony"],"picked":"Bane","floor":10},{"not_picked":["Tactician","Deadly Poison"],"picked":"Outmaneuver","floor":12},{"not_picked":["Heel Hook","Reflex"],"picked":"Calculated Gamble","floor":13},{"not_picked":["Calculated Gamble","Deflect"],"picked":"Tactician","floor":14},{"not_picked":["Prepared","Outmaneuver"],"picked":"Backflip","floor":15},{"not_picked":["Phantasmal Killer","Malaise"],"picked":"Bullet Time","floor":16},{"not_picked":["Deflect","Acrobatics"],"picked":"Eviscerate","floor":18},{"not_picked":["Distraction","Footwork"],"picked":"Blur","floor":19},{"not_picked":["Poisoned Stab+1","Calculated Gamble"],"picked":"Blade Dance","floor":22},{"not_picked":["Deflect+1","Eviscerate"],"picked":"Heel Hook","floor":23},{"not_picked":["Bouncing Flask","Slice"],"picked":"Deadly Poison","floor":24},{"not_picked":["Heel Hook","All Out Attack"],"picked":"Bane+1","floor":27},{"not_picked":["Escape Plan+1","Underhanded Strike"],"picked":"Heel Hook+1","floor":29}],"player_experience":33997,"relics_obtained":[{"floor":6,"key":"Dream Catcher"},{"floor":9,"key":"Ornamental Fan"},{"floor":10,"key":"Lantern"},{"floor":26,"key":"Happy Flower"}],"event_choices":[{"damage_healed":0,"gold_gain":0,"cards_transformed":["Strike_G"],"player_choice":"Change","damage_taken":0,"max_hp_gain":0,"max_hp_loss":0,"event_name":"Living Wall","floor":2,"gold_loss":0,"cards_obtained":["Deadly Poison"]},{"damage_healed":0,"gold_gain":75,"player_choice":"Gather Gold","damage_taken":11,"max_hp_gain":0,"max_hp_loss":0,"event_name":"World of Goop","floor":3,"gold_loss":0},{"damage_healed":0,"gold_gain":0,"player_choice":"2 cards matched","damage_taken":0,"max_hp_gain":0,"max_hp_loss":0,"event_name":"Match and Keep!","floor":4,"gold_loss":0,"cards_obtained":["Finesse","Neutralize"]},{"damage_healed":0,"gold_gain":100,"player_choice":"Pray","damage_taken":0,"max_hp_gain":0,"max_hp_loss":0,"event_name":"Golden Shrine","floor":21,"gold_loss":0},{"damage_healed":0,"gold_gain":0,"player_choice":"Upgraded","damage_taken":0,"max_hp_gain":0,"max_hp_loss":0,"event_name":"Upgrade Shrine","floor":28,"gold_loss":0,"cards_upgraded":["Blur"]},{"damage_healed":0,"gold_gain":0,"player_choice":"Inject Mutagens","damage_taken":0,"relics_obtained":["MutagenicStrength"],"max_hp_gain":0,"max_hp_loss":0,"event_name":"Drug Dealer","floor":31,"gold_loss":0}],"is_beta":false,"boss_relics":[{"not_picked":["Philosopher\u0027s Stone","Fusion Hammer"],"picked":"Eternal Feather"}],"items_purged_floors":[],"is_endless":false,"potions_floor_spawned":[1,5,14,19,22,24],"killed_by":"Champ","ascension_level":0}