{"gold_per_floor":[112,129,148,160,171,171,197,197,197,227,227,227,227,245,245,373,373,298,312,312],"floor_reached":20,"playtime":3331,"items_purged":[],"score":218,"play_id":"13f2f817-9af7-4b0f-94e7-9a026d234e4b","local_time":"20180806200425","is_ascension_mode":true,"campfire_choices":[{"floor":6.0,"key":"REST"},{"data":"Self Repair","floor":8.0,"key":"SMITH"},{"data":"Defragment","floor":12,"key":"SMITH"},{"data":"Zap","floor":15,"key":"SMITH"}],"neow_cost":"FIFTY_PERCENT_DAMAGE","seed_source_timestamp":0,"circlet_count":0,"master_deck":["Strike_B","Strike_B","Defend_B","Defend_B","Defend_B","Zap+1","Dualcast","Self Repair+1","Defragment+1","Conserve Battery","Storm","Force Field","Conserve Battery","Rainbow","Glacier"],"special_seed":0,"relics":["Cracked Core","Smiling Mask","Blue Candle","Golden Idol","Philosopher\u0027s Stone"],"potions_floor_usage":[18,20],"damage_taken":[{"damage":0.0,"enemies":"Cultist","floor":1.0,"turns":4.0},{"damage":0.0,"enemies":"2 Louse","floor":2.0,"turns":2.0},{"damage":7.0,"enemies":"Jaw Worm","floor":3.0,"turns":3.0},{"damage":16.0,"enemies":"3 Louse","floor":4.0,"turns":4.0},{"damage":4.0,"enemies":"Blue Slaver","floor":5.0,"turns":4.0},{"damage":20.0,"enemies":"3 Sentries","floor":7.0,"turns":8.0},{"damage":1,"enemies":"Large Slime","floor":14,"turns":5},{"damage":44,"enemies":"Slime Boss","floor":16,"turns":11},{"damage":23,"enemies":"2 Thieves","floor":18,"turns":5},{"damage":0,"enemies":"Spheric Guardian","floor":19,"turns":5},{"damage":13,"enemies":"Centurion and Healer","floor":20,"turns":12}],"seed_played":"2009740582829302140","potions_obtained":[{"floor":1.0,"key":"SpeedPotion"},{"floor":5.0,"key":"Strength Potion"},{"floor":16,"key":"Swift Potion"}],"is_trial":false,"path_per_floor":["M","M","M","M","M","R","E","R","T","?","?","R","?","M","R","B",null,"M","M"],"character_chosen":"DEFECT","items_purchased":[],"campfire_rested":1,"item_purchase_floors":[],"current_hp_per_floor":[38,38,38,29,32,54,41,41,41,41,41,41,41,50,50,16,56,43,53,40],"gold":312,"neow_bonus":"REMOVE_TWO","is_prod":false,"is_daily":false,"chose_seed":false,"campfire_upgraded":3,"win_rate":0,"timestamp":1533578665,"path_taken":["M","?","M","M","M","R","E","R","T","?","?","R","?","M","R","BOSS","M","?","M"],"build_version":"2018-08-02","purchased_purges":0,"victory":false,"max_hp_per_floor":[75,75,75,75,75,75,75,75,75,75,69,69,69,69,69,69,69,69,69,69],"card_choices":[{"not_picked":["Storm","Go for the Eyes"],"picked":"Self Repair","floor":1.0},{"not_picked":["Redo","Sweeping Beam"],"picked":"Defragment","floor":2.0},{"not_picked":["Coolheaded","Skim","Gash"],"picked":"SKIP","floor":3.0},{"not_picked":["Turbo","Barrage"],"picked":"Conserve Battery","floor":4.0},{"not_picked":["Sweeping Beam","Fusion"],"picked":"Storm","floor":5.0},{"not_picked":["Auto Shields","Skim"],"picked":"Force Field","floor":7.0},{"not_picked":["Double Energy","Scrape"],"picked":"Conserve Battery","floor":14},{"not_picked":["Seek","Multi-Cast"],"picked":"Rainbow","floor":16},{"not_picked":["Go for the Eyes+1","Capacitor"],"picked":"Glacier","floor":18},{"not_picked":["Recycle","Genetic Algorithm","Rebound"],"picked":"SKIP","floor":19}],"player_experience":377578,"relics_obtained":[{"floor":7.0,"key":"Smiling Mask"},{"floor":9.0,"key":"Blue Candle"}],"event_choices":[{"event_name":"Dead Adventurer","player_choice":"Searched \u00272\u0027 times","floor":10,"damage_taken":0},{"event_name":"Golden Idol","player_choice":"Lose Max HP","floor":11,"damage_taken":0},{"event_name":"Purifier","player_choice":"One Purge","floor":13,"damage_taken":0}],"is_beta":false,"boss_relics":[{"not_picked":["Ectoplasm","Fusion Hammer"],"picked":"Philosopher\u0027s Stone"}],"items_purged_floors":[],"is_endless":false,"potions_floor_spawned":[1,5,16],"killed_by":"Centurion and Healer","ascension_level":5}