{"path_per_floor":["M","?","$","M","M","E","R","?","T","M","?","M","$","M","R"],"character_chosen":"DEFECT","items_purchased":["Loop","Force Field"],"gold_per_floor":[117,117,42,61,81,111,111,211,211,221,221,235,29,47,47,47],"floor_reached":16,"campfire_rested":2,"playtime":438,"item_purchase_floors":[13,13],"current_hp_per_floor":[71,71,71,67,66,11,33,33,33,19,19,6,6,18,40,0],"items_purged":["Strike_B","Strike_B"],"gold":47,"score":122,"play_id":"c7ee93dc-8355-425d-ba9b-53709830b192","local_time":"20180617224916","is_prod":false,"is_daily":false,"chose_seed":false,"is_ascension_mode":true,"campfire_upgraded":0,"win_rate":0,"timestamp":1529246956,"campfire_choices":[{"floor":7,"key":"REST"},{"floor":15,"key":"REST"}],"path_taken":["M","?","$","?","M","E","R","?","T","M","?","M","$","M","R","BOSS"],"build_version":"2018-06-14v2","seed_source_timestamp":7689441726540,"purchased_purges":2,"victory":false,"master_deck":["Strike_B","Defend_B","Defend_B","Defend_B","Defend_B","Zap","Dualcast","Thunder Strike","Storm","Machine Learning","Go for the Eyes","Loop","Force Field"],"max_hp_per_floor":[75,75,75,75,75,75,75,75,75,75,75,75,75,75,75,75],"relics":["Cracked Core","Darkstone Periapt","Bag of Preparation"],"card_choices":[{"not_picked":["Buffer","Creative AI"],"picked":"Thunder Strike","floor":0},{"not_picked":["Auto Shields","Compile Driver","Consume"],"picked":"SKIP","floor":1},{"not_picked":["Streamline","Capacitor","Gash"],"picked":"SKIP","floor":4},{"not_picked":["Streamline","Force Field"],"picked":"Storm","floor":5},{"not_picked":["Reprogram","Hologram"],"picked":"Machine Learning","floor":6},{"not_picked":["FTL","Stack","Auto Shields"],"picked":"SKIP","floor":10},{"not_picked":["Fusion","Glacier","Beam Cell"],"picked":"SKIP","floor":12},{"not_picked":["Ball Lightning","Undo","Capacitor"],"picked":"SKIP","floor":14}],"player_experience":263811,"potions_floor_usage":[14,16,16],"damage_taken":[{"damage":4,"enemies":"Jaw Worm","floor":1,"turns":3},{"damage":4,"enemies":"Small Slimes","floor":4,"turns":3},{"damage":1,"enemies":"Cultist","floor":5,"turns":3},{"damage":55,"enemies":"Lagavulin","floor":6,"turns":7},{"damage":14,"enemies":"Red Slaver","floor":10,"turns":3},{"damage":13,"enemies":"Large Slime","floor":12,"turns":5},{"damage":0,"enemies":"2 Fungi Beasts","floor":14,"turns":4},{"damage":42,"enemies":"The Guardian","floor":16,"turns":5}],"relics_obtained":[{"floor":6,"key":"Darkstone Periapt"},{"floor":9,"key":"Bag of Preparation"}],"event_choices":[{"event_name":"Living Wall","player_choice":"Forget","floor":2,"damage_taken":0},{"event_name":"Golden Shrine","player_choice":"Pray","floor":8,"damage_taken":0},{"event_name":"Transmorgrifier","player_choice":"Transform","floor":11,"damage_taken":0}],"boss_relics":[],"items_purged_floors":[3,13],"is_endless":false,"potions_floor_spawned":[6,12,14],"seed_played":"-5756915695421304710","killed_by":"The Guardian","ascension_level":4,"potions_obtained":[{"floor":6,"key":"Strength Potion"},{"floor":12,"key":"Regen Potion"},{"floor":14,"key":"Strength Potion"}],"is_trial":false}