{"gold_per_floor":[115,31,43,63,63,63,88,100,139,151,163,185,228,255,267,279],"floor_reached":16,"playtime":367,"items_purged":[],"score":320,"play_id":"2231d743-09fd-46d1-8f31-c11fec0e69ca","local_time":"20190425144528","is_ascension_mode":true,"campfire_choices":[{"data":"Bash","floor":6,"key":"SMITH"},{"data":"Spot Weakness","floor":8,"key":"SMITH"},{"data":"Sword Boomerang","floor":11,"key":"SMITH"},{"floor":15,"key":"REST"}],"neow_cost":"PERCENT_DAMAGE","seed_source_timestamp":176501008589616,"circlet_count":0,"master_deck":["AscendersBane","Strike_R","Strike_R","Strike_R","Strike_R","Strike_R","Defend_R","Defend_R","Defend_R","Defend_R+1","Bash+1","Pummel","Infernal Blade+1","Spot Weakness+1","Sword Boomerang+1","Heavy Blade","Blood for Blood"],"relics":["Burning Blood","Ginger","MawBank","War Paint","WingedGreaves"],"potions_floor_usage":[7,12,14,16],"damage_taken":[{"damage":10,"enemies":"Small Slimes","floor":1,"turns":4},{"damage":6,"enemies":"Cultist","floor":3,"turns":3},{"damage":1,"enemies":"2 Louse","floor":4,"turns":2},{"damage":11,"enemies":"Gremlin Nob","floor":7,"turns":3},{"damage":7,"enemies":"Large Slime","floor":12,"turns":3},{"damage":40,"enemies":"Lagavulin","floor":13,"turns":5},{"damage":8,"enemies":"Looter","floor":14,"turns":3}],"seed_played":"5677252433065324887","potions_obtained":[{"floor":1,"key":"SkillPotion"},{"floor":3,"key":"FearPotion"},{"floor":13,"key":"Dexterity Potion"},{"floor":14,"key":"PowerPotion"}],"is_trial":false,"path_per_floor":["M","$","M","M","$","R","E","R","T","?","R","M","E","M","R","B"],"character_chosen":"IRONCLAD","items_purchased":["Infernal Blade"],"campfire_rested":1,"item_purchase_floors":[2],"current_hp_per_floor":[46,46,46,51,51,51,46,46,46,46,46,45,11,9,31,0],"gold":279,"neow_bonus":"ONE_RARE_RELIC","is_prod":false,"is_daily":false,"chose_seed":false,"campfire_upgraded":3,"win_rate":0,"timestamp":1556217928,"path_taken":["M","$","M","M","$","R","E","R","T","?","R","M","E","M","R","BOSS"],"build_version":"2019-01-23","purchased_purges":0,"victory":false,"max_hp_per_floor":[75,75,75,75,75,75,75,75,75,75,75,75,75,75,75,75],"card_choices":[{"not_picked":["Heavy Blade","Entrench"],"picked":"Pummel","floor":1},{"not_picked":["Clothesline","Body Slam"],"picked":"Spot Weakness","floor":3},{"not_picked":["Shrug It Off","Body Slam","Burning Pact"],"picked":"SKIP","floor":4},{"not_picked":["Hemokinesis","Bludgeon"],"picked":"Sword Boomerang","floor":7},{"not_picked":["Iron Wave","Havoc"],"picked":"Heavy Blade","floor":12},{"not_picked":["Twin Strike","Heavy Blade"],"picked":"Blood for Blood","floor":13},{"not_picked":["Iron Wave","Sword Boomerang","Armaments"],"picked":"SKIP","floor":14}],"player_experience":927946,"relics_obtained":[{"floor":7,"key":"MawBank"},{"floor":9,"key":"War Paint"},{"floor":13,"key":"WingedGreaves"}],"event_choices":[{"damage_healed":0,"gold_gain":0,"player_choice":"Ignored","damage_taken":0,"max_hp_gain":0,"max_hp_loss":0,"event_name":"Purifier","floor":10,"gold_loss":0}],"is_beta":false,"boss_relics":[],"items_purged_floors":[],"is_endless":false,"potions_floor_spawned":[1,3,13,14],"killed_by":"The Guardian","ascension_level":20}