{"gold_per_floor":[114,134,150,75,95,95,170,170,170,170,183,183,198,38,38,54,54,70,70,70,80,80,80,107,107,107,127,127],"floor_reached":28,"playtime":878,"items_purged":["Strike_B"],"score":460,"play_id":"52248a96-c684-47de-a154-35bb3c29ccfa","local_time":"20190418143841","is_ascension_mode":true,"campfire_choices":[{"data":"Zap","floor":6.0,"key":"SMITH"},{"data":"Fusion","floor":8.0,"key":"SMITH"},{"data":"Coolheaded","floor":10.0,"key":"SMITH"},{"data":"Dualcast","floor":12.0,"key":"SMITH"},{"data":"Coolheaded","floor":15.0,"key":"SMITH"},{"data":"Heatsinks","floor":23.0,"key":"SMITH"},{"data":"Undo","floor":25.0,"key":"SMITH"}],"neow_cost":"NONE","seed_source_timestamp":784023930874002,"circlet_count":0,"master_deck":["AscendersBane","Strike_B","Defend_B","Defend_B","Defend_B","Defend_B","Zap+1","Dualcast+1","Coolheaded+1","Fusion+1","Heatsinks+1","Gash","Coolheaded+1","Undo+1","Gash","All For One","BootSequence","Glacier"],"special_seed":0,"relics":["Cracked Core","NeowsBlessing","Sundial","Nuclear Battery","Bag of Preparation","The Courier"],"potions_floor_usage":[28],"damage_taken":[{"damage":0.0,"enemies":"2 Louse","floor":1.0,"turns":1.0},{"damage":0.0,"enemies":"Small Slimes","floor":2.0,"turns":1.0},{"damage":0.0,"enemies":"Jaw Worm","floor":3.0,"turns":1.0},{"damage":7.0,"enemies":"Looter","floor":5.0,"turns":5.0},{"damage":6.0,"enemies":"3 Louse","floor":11.0,"turns":3.0},{"damage":0.0,"enemies":"Blue Slaver","floor":13.0,"turns":5.0},{"damage":17.0,"enemies":"The Mushroom Lair","floor":14.0,"turns":6.0},{"damage":13.0,"enemies":"The Guardian","floor":16.0,"turns":11.0},{"damage":0.0,"enemies":"Spheric Guardian","floor":18.0,"turns":4.0},{"damage":10.0,"enemies":"3 Byrds","floor":21.0,"turns":4.0},{"damage":9.0,"enemies":"Book of Stabbing","floor":24.0,"turns":4.0},{"damage":15.0,"enemies":"Snake Plant","floor":27.0,"turns":4.0},{"damage":22,"enemies":"Slavers","floor":28,"turns":3}],"seed_played":"1028759451766451679","potions_obtained":[{"floor":2.0,"key":"SteroidPotion"},{"floor":3.0,"key":"Dexterity Potion"},{"floor":21.0,"key":"Swift Potion"},{"floor":24.0,"key":"EssenceOfSteel"}],"is_trial":false,"path_per_floor":["M","M","M","?","M","R","?","R","T","R","M","R","M","?","R","B",null,"M","$","?","M","?","R","E","R","T","M","E"],"character_chosen":"DEFECT","items_purchased":["Gash","SkillPotion"],"campfire_rested":0,"item_purchase_floors":[14,14],"current_hp_per_floor":[64,64,64,64,57,57,46,46,46,46,40,40,40,23,23,10,56,56,56,56,46,46,46,37,37,37,22,0],"gold":127,"neow_bonus":"THREE_ENEMY_KILL","is_prod":false,"is_daily":false,"chose_seed":false,"campfire_upgraded":7,"win_rate":0,"timestamp":1555569521,"path_taken":["M","M","M","?","M","R","?","R","T","R","M","R","M","?","R","BOSS","M","$","?","M","?","R","E","R","T","M","E"],"build_version":"2019-01-23","purchased_purges":1,"victory":false,"max_hp_per_floor":[71,71,71,71,71,71,71,71,71,71,71,71,71,71,71,71,71,71,71,71,71,71,71,71,71,71,71,71],"card_choices":[{"not_picked":["Beam Cell","Streamline"],"picked":"Coolheaded","floor":1.0},{"not_picked":["BootSequence","Barrage"],"picked":"Fusion","floor":2.0},{"not_picked":["Steam","White Noise"],"picked":"Heatsinks","floor":3.0},{"not_picked":["Leap","Machine Learning"],"picked":"Gash","floor":5.0},{"not_picked":["Hologram","Leap"],"picked":"Coolheaded","floor":11.0},{"not_picked":["Barrage","Coolheaded"],"picked":"Undo","floor":13.0},{"not_picked":["Rainbow","Electrodynamics"],"picked":"All For One","floor":16.0},{"not_picked":["Streamline","Ball Lightning","Lockon"],"picked":"SKIP","floor":18.0},{"not_picked":["Capacitor","Turbo","Go for the Eyes"],"picked":"SKIP","floor":21.0},{"not_picked":["Chill","Heatsinks"],"picked":"BootSequence","floor":24.0},{"not_picked":["Darkness","Redo"],"picked":"Glacier","floor":27.0}],"player_experience":1429201,"relics_obtained":[{"floor":9.0,"key":"Sundial"},{"floor":24.0,"key":"Bag of Preparation"},{"floor":26.0,"key":"The Courier"}],"event_choices":[{"cards_removed":["Strike_B"],"damage_healed":0.0,"max_hp_gain":0.0,"max_hp_loss":0.0,"gold_gain":0.0,"event_name":"The Cleric","player_choice":"Card Removal","floor":4.0,"gold_loss":75.0,"damage_taken":0.0},{"damage_healed":0.0,"max_hp_gain":0.0,"max_hp_loss":0.0,"gold_gain":75.0,"event_name":"World of Goop","player_choice":"Gather Gold","floor":7.0,"gold_loss":0.0,"damage_taken":11.0},{"damage_healed":0.0,"max_hp_gain":0.0,"max_hp_loss":0.0,"gold_gain":0.0,"event_name":"Mushrooms","player_choice":"Fought Mushrooms","floor":14.0,"gold_loss":0.0,"damage_taken":0.0},{"cards_removed":["Strike_B"],"damage_healed":0.0,"max_hp_gain":0.0,"max_hp_loss":0.0,"gold_gain":0.0,"event_name":"Back to Basics","player_choice":"Elegance","floor":20.0,"gold_loss":0.0,"damage_taken":0.0},{"damage_healed":0.0,"max_hp_gain":0.0,"max_hp_loss":0.0,"gold_gain":0.0,"event_name":"The Mausoleum","player_choice":"Ignored","floor":22.0,"gold_loss":0.0,"damage_taken":0.0}],"is_beta":false,"boss_relics":[{"not_picked":["Empty Cage","Velvet Choker"],"picked":"Nuclear Battery"}],"items_purged_floors":[14],"is_endless":false,"potions_floor_spawned":[2,3,5,11,21,24],"killed_by":"Slavers","ascension_level":20}