{"gold_per_floor":[111,60,70,70,42,75,75,95,95,95,95,122,122,140,140,242,242,258,270,270,270,285,319,319,339,393,405,148,63,63,83,83,187,187,203,303,303,319,54,83,97,97,123,123,53,53,64,64],"floor_reached":48,"playtime":2002,"items_purged":["Defend_G","Strike_G"],"score":512,"play_id":"a6522b3f-0e07-43bc-bf9d-f9773faadc32","local_time":"20190508160521","is_ascension_mode":true,"campfire_choices":[{"floor":7,"key":"REST"},{"floor":10,"key":"REST"},{"data":"Dagger Spray","floor":13,"key":"SMITH"},{"data":"Terror","floor":15,"key":"SMITH"},{"floor":24,"key":"REST"},{"data":"Venomology","floor":30,"key":"SMITH"},{"data":"Phantasmal Killer","floor":32,"key":"SMITH"},{"floor":44,"key":"RECALL"}],"neow_cost":"NONE","seed_source_timestamp":73156319577400,"circlet_count":0,"master_deck":["Defend_G","Defend_G","Defend_G","Defend_G","Strike_G+1","Survivor","Neutralize","Dagger Spray+1","Backstab+1","Slice","Terror+1","Venomology+1","Dagger Throw+1","Blade Dance+1","After Image","Phantasmal Killer+1","Burst","Die Die Die","Dagger Spray+1","Acrobatics","Blade Dance+1","Prepared+1","Dagger Spray+1","Footwork","Footwork","Footwork","Poisoned Stab+1","Cloak And Dagger+1","Discovery","Madness","Discovery","Parasite","Blade Dance+1"],"relics":["Ring of the Snake","Shuriken","Bottled Flame","Enchiridion","Nloth\u0027s Gift","The Courier","Strawberry","Kunai","Blue Candle","Orrery","Thread and Needle","Dodecahedron","Lantern"],"potions_floor_usage":[12,16,16,19,22,23,23,25,27,27,33,33,33,35,36,36,38,40,40,41,47,47,47,48],"damage_taken":[{"damage":1,"enemies":"2 Louse","floor":1,"turns":3},{"damage":0,"enemies":"Small Slimes","floor":3,"turns":3},{"damage":30,"enemies":"3 Sentries","floor":6,"turns":9},{"damage":0,"enemies":"Cultist","floor":8,"turns":2},{"damage":13,"enemies":"Lagavulin","floor":12,"turns":4},{"damage":2,"enemies":"Blue Slaver","floor":14,"turns":3},{"damage":15,"enemies":"Hexaghost","floor":16,"turns":6},{"damage":1,"enemies":"Chosen","floor":18,"turns":3},{"damage":0,"enemies":"3 Byrds","floor":19,"turns":3},{"damage":0,"enemies":"Snecko","floor":22,"turns":3},{"damage":20,"enemies":"Gremlin Leader","floor":23,"turns":4},{"damage":11,"enemies":"Cultist and Chosen","floor":25,"turns":7},{"damage":0,"enemies":"Shelled Parasite and Fungi","floor":27,"turns":1},{"damage":0,"enemies":"3 Cultists","floor":31,"turns":3},{"damage":9,"enemies":"Champ","floor":33,"turns":9},{"damage":25,"enemies":"3 Darklings","floor":35,"turns":4},{"damage":0,"enemies":"Mind Bloom Boss Battle","floor":36,"turns":3},{"damage":0,"enemies":"Orb Walker","floor":38,"turns":2},{"damage":22,"enemies":"Giant Head","floor":40,"turns":6},{"damage":0,"enemies":"Transient","floor":41,"turns":5},{"damage":13,"enemies":"Writhing Mass","floor":47,"turns":5},{"damage":17,"enemies":"Jaw Worm Horde","floor":48,"turns":2}],"seed_played":"5237017175791310852","potions_obtained":[{"floor":6,"key":"Strength Potion"},{"floor":8,"key":"SpeedPotion"},{"floor":14,"key":"Swift Potion"},{"floor":16,"key":"Weak Potion"},{"floor":19,"key":"Ancient Potion"},{"floor":25,"key":"Energy Potion"},{"floor":27,"key":"Fire Potion"},{"floor":33,"key":"Poison Potion"},{"floor":35,"key":"SpeedPotion"},{"floor":40,"key":"Weak Potion"},{"floor":47,"key":"Poison Potion"}],"is_trial":false,"path_per_floor":["M","$","M","?","?","E","R","M","T","R","?","E","R","M","R","B",null,"M","M","?","?","M","E","R","M","T","M","$","?","R","M","R","B",null,"M","?","?","M","$","E","M","?","T","R","$","?","M","M"],"character_chosen":"THE_SILENT","items_purchased":["Dagger Spray","Kunai","Footwork","Footwork","Footwork","Discovery"],"campfire_rested":3,"item_purchase_floors":[2,28,39,39,39,45],"current_hp_per_floor":[69,69,69,55,55,25,46,46,46,67,67,54,54,52,52,37,70,69,69,53,53,53,33,54,43,50,50,50,50,50,50,50,41,77,52,52,52,52,52,30,30,25,25,25,25,25,12,0],"gold":64,"neow_bonus":"REMOVE_CARD","is_prod":false,"is_daily":false,"chose_seed":false,"campfire_upgraded":4,"win_rate":0,"timestamp":1557349521,"path_taken":["M","$","M","?","?","E","R","M","T","R","?","E","R","M","R","BOSS","M","M","?","?","M","E","R","M","T","?","$","?","R","M","R","BOSS","M","?","?","M","$","E","M","?","T","R","$","?","M","M"],"build_version":"2019-01-23","purchased_purges":2,"victory":false,"max_hp_per_floor":[70,70,70,70,70,70,70,70,70,70,70,70,70,70,70,70,70,70,70,70,70,70,70,70,70,77,77,77,77,77,77,77,77,77,77,77,77,77,77,77,77,77,77,77,77,77,77,77],"card_choices":[{"not_picked":["Outmaneuver","Prepared","Endless Agony"],"picked":"SKIP","floor":1},{"not_picked":["Dodge and Roll","Bane"],"picked":"Backstab","floor":3},{"not_picked":["Blade Dance","Underhanded Strike"],"picked":"Slice","floor":6},{"not_picked":["Dodge and Roll","Distraction"],"picked":"Terror","floor":8},{"not_picked":["Dagger Spray+1","Deflect"],"picked":"Venomology","floor":12},{"not_picked":["Endless Agony+1","Choke+1"],"picked":"Dagger Throw+1","floor":14},{"not_picked":["Bouncing Flask+1","Endless Agony+1","Eviscerate+1"],"picked":"SKIP","floor":18},{"not_picked":["Outmaneuver","Poisoned Stab+1"],"picked":"Blade Dance+1","floor":19},{"not_picked":["Backflip","Flying Knee"],"picked":"Well Laid Plans","floor":22},{"not_picked":["Flying Knee","Poisoned Stab"],"picked":"After Image","floor":23},{"not_picked":["Setup","Endless Agony","Flying Knee"],"picked":"SKIP","floor":25},{"not_picked":["Flying Knee","Deflect","All Out Attack"],"picked":"SKIP","floor":27},{"not_picked":["Backflip","Outmaneuver"],"picked":"Phantasmal Killer","floor":31},{"not_picked":["Night Terror","Glass Knife"],"picked":"Burst","floor":33},{"not_picked":["Dagger Spray+1","Blur"],"picked":"Die Die Die","floor":34},{"not_picked":["Prepared","Dash"],"picked":"Dagger Spray+1","floor":34},{"not_picked":["Setup","Cloak And Dagger"],"picked":"Acrobatics","floor":34},{"not_picked":["Skewer","Poisoned Stab"],"picked":"Blade Dance+1","floor":35},{"not_picked":["Crippling Poison","Flying Knee+1"],"picked":"Prepared+1","floor":36},{"not_picked":["Dagger Throw","Doppelganger"],"picked":"Dagger Spray+1","floor":38},{"not_picked":["Acrobatics+1","Tools of the Trade"],"picked":"Poisoned Stab+1","floor":40},{"not_picked":["Sucker Punch+1","Dagger Spray"],"picked":"Cloak And Dagger+1","floor":41},{"not_picked":["Finesse","Swift Strike"],"picked":"Discovery","floor":42},{"not_picked":["Purity","The Bomb"],"picked":"Madness","floor":42},{"not_picked":["Reflex+1","Bouncing Flask"],"picked":"Blade Dance+1","floor":47}],"player_experience":236653,"relics_obtained":[{"floor":6,"key":"Shuriken"},{"floor":9,"key":"Molten Egg 2"},{"floor":12,"key":"Bottled Flame"},{"floor":20,"key":"Enchiridion"},{"floor":23,"key":"The Courier"},{"floor":26,"key":"Strawberry"},{"floor":36,"key":"Thread and Needle"},{"floor":40,"key":"Dodecahedron"},{"floor":43,"key":"Lantern"}],"event_choices":[{"damage_healed":0,"gold_gain":0,"player_choice":"Entered Light","damage_taken":14,"max_hp_gain":0,"max_hp_loss":0,"event_name":"Shining Light","floor":4,"gold_loss":0,"cards_upgraded":["Strike_G","Backstab"]},{"damage_healed":0,"gold_gain":0,"player_choice":"Left Gold","damage_taken":0,"max_hp_gain":0,"max_hp_loss":0,"event_name":"World of Goop","floor":5,"gold_loss":28},{"cards_removed":["Strike_G"],"damage_healed":0,"gold_gain":0,"player_choice":"Forget","damage_taken":0,"max_hp_gain":0,"max_hp_loss":0,"event_name":"Living Wall","floor":11,"gold_loss":0},{"damage_healed":0,"gold_gain":0,"player_choice":"Obtained Book","damage_taken":16,"max_hp_gain":0,"max_hp_loss":0,"event_name":"Cursed Tome","floor":20,"gold_loss":0},{"damage_healed":0,"gold_gain":0,"player_choice":"Traded Relic","damage_taken":0,"relics_obtained":["Nloth\u0027s Gift"],"max_hp_gain":0,"max_hp_loss":0,"event_name":"N\u0027loth","floor":21,"relics_lost":["Molten Egg 2"],"gold_loss":0},{"damage_healed":0,"gold_gain":0,"player_choice":"Obtained Relic","damage_taken":0,"relics_obtained":["Blue Candle"],"max_hp_gain":0,"max_hp_loss":0,"event_name":"Addict","floor":29,"gold_loss":85},{"damage_healed":0,"gold_gain":0,"player_choice":"Fight","damage_taken":0,"max_hp_gain":0,"max_hp_loss":0,"event_name":"MindBloom","floor":36,"gold_loss":0},{"cards_removed":["Well Laid Plans"],"damage_healed":0,"gold_gain":0,"player_choice":"Removed Power","damage_taken":0,"max_hp_gain":0,"max_hp_loss":0,"event_name":"Falling","floor":37,"gold_loss":0},{"damage_healed":0,"gold_gain":0,"player_choice":"Memory 2","damage_taken":5,"max_hp_gain":0,"max_hp_loss":0,"event_name":"SensoryStone","floor":42,"gold_loss":0},{"cards_removed":["Strike_G"],"damage_healed":0,"gold_gain":0,"player_choice":"Purged","damage_taken":0,"max_hp_gain":0,"max_hp_loss":0,"event_name":"Purifier","floor":46,"gold_loss":0}],"is_beta":false,"boss_relics":[{"not_picked":["Ectoplasm","Pandora\u0027s Box","Sozu"]},{"not_picked":["Runic Dome","Busted Crown"],"picked":"Orrery"}],"items_purged_floors":[28,39],"is_endless":false,"potions_floor_spawned":[6,8,14,16,19,25,27,33,35,40,47],"killed_by":"Jaw Worm Horde","ascension_level":1}