{"gold_per_floor":[117,4,17,92,92,92,15,15,15,27,37,2,19,19,19,19],"floor_reached":16,"playtime":1050,"items_purged":["Strike_R"],"score":95,"play_id":"8fc6eb7e-b23c-40f8-bfb2-74632c47ba67","local_time":"20190508121811","is_ascension_mode":true,"campfire_choices":[{"data":"Bash","floor":6,"key":"SMITH"},{"data":"Strike_R","floor":8,"key":"PURGE"},{"data":"Injury","floor":15,"key":"PURGE"}],"neow_cost":"PERCENT_DAMAGE","seed_source_timestamp":1456597613701,"circlet_count":0,"master_deck":["Strike_R","Strike_R","Strike_R","Defend_R","Defend_R","Defend_R","Defend_R","Bash+1","Headbutt","Evolve","Shrug It Off","Battle Trance","Dropkick","Flex"],"relics":["Burning Blood","Peace Pipe","Pear","Pantograph","Golden Idol"],"potions_floor_usage":[16],"damage_taken":[{"damage":8,"enemies":"2 Louse","floor":1,"turns":3},{"damage":6,"enemies":"Jaw Worm","floor":3,"turns":5},{"damage":0,"enemies":"Small Slimes","floor":10,"turns":3},{"damage":6,"enemies":"2 Fungi Beasts","floor":11,"turns":6},{"damage":7,"enemies":"Looter","floor":13,"turns":3},{"damage":92,"enemies":"The Guardian","floor":16,"turns":16}],"seed_played":"-3149973557496155334","potions_obtained":[{"floor":1,"key":"Energy Potion"},{"floor":13,"key":"BloodPotion"}],"is_trial":false,"path_per_floor":["M","$","M","?","T","R","$","R","T","M","M","?","M","?","R","B"],"character_chosen":"IRONCLAD","items_purchased":["Evolve","Battle Trance"],"campfire_rested":0,"item_purchase_floors":[2,7],"current_hp_per_floor":[54,54,54,43,53,53,53,53,53,59,59,81,80,80,80,0],"gold":19,"neow_bonus":"ONE_RARE_RELIC","is_prod":false,"is_daily":false,"chose_seed":false,"campfire_upgraded":1,"win_rate":0,"timestamp":1557310691,"path_taken":["M","$","M","?","?","R","$","R","T","M","M","?","M","?","R","BOSS"],"build_version":"2019-01-23","purchased_purges":1,"victory":false,"max_hp_per_floor":[80,80,80,80,90,90,90,90,90,90,90,90,90,90,90,90],"card_choices":[{"not_picked":["Reckless Charge","Feel No Pain"],"picked":"Headbutt","floor":1},{"not_picked":["Sword Boomerang","Carnage"],"picked":"Shrug It Off","floor":3},{"not_picked":["Clash","Pommel Strike","Iron Wave"],"picked":"SKIP","floor":10},{"not_picked":["Corruption","Pommel Strike"],"picked":"Dropkick","floor":11},{"not_picked":["Thunderclap","Iron Wave"],"picked":"Flex","floor":13}],"player_experience":283621,"relics_obtained":[{"floor":5,"key":"Pear"},{"floor":9,"key":"Pantograph"}],"event_choices":[{"damage_healed":0,"gold_gain":75,"player_choice":"Gather Gold","damage_taken":11,"max_hp_gain":0,"max_hp_loss":0,"event_name":"World of Goop","floor":4,"gold_loss":0},{"damage_healed":22,"gold_gain":0,"player_choice":"Healed","damage_taken":0,"max_hp_gain":0,"max_hp_loss":0,"event_name":"The Cleric","floor":12,"gold_loss":35},{"damage_healed":0,"gold_gain":0,"player_choice":"Take Wound","damage_taken":0,"relics_obtained":["Golden Idol"],"max_hp_gain":0,"max_hp_loss":0,"event_name":"Golden Idol","floor":14,"gold_loss":0,"cards_obtained":["Injury"]}],"is_beta":false,"boss_relics":[],"items_purged_floors":[2],"is_endless":false,"potions_floor_spawned":[1,13],"killed_by":"The Guardian","ascension_level":1}