{"gold_per_floor":[209,209,223,148,162,162,94,126,126,201,201,277,277,320,320,440,440,453,29,29,29,29,29,29],"floor_reached":24,"playtime":814,"items_purged":["Regret"],"score":295,"play_id":"34980622-bf3c-4dad-b87d-b3c3fb314c40","local_time":"20190403214139","is_ascension_mode":true,"campfire_choices":[{"floor":6,"key":"REST"},{"floor":11,"key":"REST"},{"data":"Static Discharge","floor":15,"key":"SMITH"},{"data":"Defragment","floor":23,"key":"SMITH"}],"neow_cost":"NONE","seed_source_timestamp":0,"circlet_count":0,"master_deck":["Defend_B","Defend_B","Zap","Dualcast","Undo","Streamline","Genetic Algorithm","Static Discharge+1","Leap","Injury","Rainbow","Core Surge","Steam Power+1","Redo+1","Leap+1","Turbo","Defragment+1","Conserve Battery","Bite","Bite","Bite","Bite","Bite","Reinforced Body+1"],"special_seed":0,"relics":["Cracked Core","Cables","Ice Cream","Darkstone Periapt","Golden Idol","Art of War","Astrolabe","Incense Burner"],"potions_floor_usage":[8,14,24,24],"damage_taken":[{"damage":7,"enemies":"2 Louse","floor":1,"turns":2},{"damage":9,"enemies":"Jaw Worm","floor":3,"turns":2},{"damage":0,"enemies":"Small Slimes","floor":5,"turns":2},{"damage":40,"enemies":"Gremlin Nob","floor":8,"turns":5},{"damage":8,"enemies":"3 Sentries","floor":14,"turns":5},{"damage":15,"enemies":"Hexaghost","floor":16,"turns":7},{"damage":16,"enemies":"3 Byrds","floor":18,"turns":4},{"damage":36,"enemies":"2 Thieves","floor":22,"turns":5},{"damage":69,"enemies":"Gremlin Leader","floor":24,"turns":6}],"seed_played":"5978283106643930366","potions_obtained":[{"floor":1,"key":"Energy Potion"},{"floor":5,"key":"FocusPotion"},{"floor":14,"key":"FairyPotion"},{"floor":16,"key":"Dexterity Potion"},{"floor":18,"key":"Regen Potion"}],"is_trial":false,"path_per_floor":["M","?","M","$","M","R","$","E","T","?","R","T","?","E","R","B",null,"M","$","?","?","M","R","E"],"character_chosen":"DEFECT","items_purchased":["Static Discharge","Incense Burner","Defragment","Conserve Battery"],"campfire_rested":2,"item_purchase_floors":[7,19,19,19],"current_hp_per_floor":[61,61,52,52,52,74,74,34,34,34,56,56,62,54,54,39,71,55,55,55,55,23,23,0],"gold":29,"neow_bonus":"HUNDRED_GOLD","is_prod":false,"is_daily":false,"chose_seed":false,"campfire_upgraded":2,"win_rate":0,"timestamp":1554352899,"path_taken":["M","?","M","$","M","R","$","E","T","?","R","?","?","E","R","BOSS","M","$","?","?","?","R","E"],"build_version":"2019-01-23","purchased_purges":1,"victory":false,"max_hp_per_floor":[75,75,75,75,75,75,75,75,75,75,75,75,81,81,81,81,81,81,81,56,56,56,56,56],"card_choices":[{"not_picked":["Coolheaded","Steam Power"],"picked":"Undo","floor":1},{"not_picked":["Sweeping Beam","Barrage"],"picked":"Streamline","floor":3},{"not_picked":["Turbo","Lockon"],"picked":"Genetic Algorithm","floor":5},{"not_picked":["Beam Cell","Gash"],"picked":"Leap","floor":8},{"not_picked":["Conserve Battery","Leap"],"picked":"Rainbow","floor":14},{"not_picked":["Echo Form","Rainbow"],"picked":"Core Surge","floor":16},{"not_picked":["Sweeping Beam","Ball Lightning"],"picked":"Turbo","floor":18},{"not_picked":["Rebound+1","Stack"],"picked":"Reinforced Body+1","floor":22}],"player_experience":518317,"relics_obtained":[{"floor":8,"key":"Ice Cream"},{"floor":12,"key":"Darkstone Periapt"},{"floor":14,"key":"Art of War"}],"event_choices":[{"damage_healed":0,"gold_gain":0,"player_choice":"Box","damage_taken":0,"relics_obtained":["Cables"],"max_hp_gain":0,"max_hp_loss":0,"event_name":"Big Fish","floor":2,"gold_loss":0,"cards_obtained":["Regret"]},{"damage_healed":0,"gold_gain":75,"player_choice":"Gained Gold","damage_taken":0,"max_hp_gain":0,"max_hp_loss":0,"event_name":"Golden Wing","floor":10,"gold_loss":0},{"damage_healed":0,"gold_gain":0,"player_choice":"Take Wound","damage_taken":0,"relics_obtained":["Golden Idol"],"max_hp_gain":0,"max_hp_loss":0,"event_name":"Golden Idol","floor":13,"gold_loss":0,"cards_obtained":["Injury"]},{"damage_healed":0,"gold_gain":0,"player_choice":"Became a vampire","damage_taken":0,"max_hp_gain":0,"max_hp_loss":25,"event_name":"Vampires","floor":20,"gold_loss":0,"cards_obtained":["Bite","Bite","Bite","Bite","Bite"]},{"damage_healed":0,"gold_gain":0,"player_choice":"Ignored","damage_taken":0,"max_hp_gain":0,"max_hp_loss":0,"event_name":"Ghosts","floor":21,"gold_loss":0}],"is_beta":false,"boss_relics":[{"not_picked":["Black Star","Snecko Eye"],"picked":"Astrolabe"}],"items_purged_floors":[4],"is_endless":false,"potions_floor_spawned":[1,5,14,16,18],"killed_by":"Gremlin Leader","ascension_level":7}