{"gold_per_floor":[109,126,126,145,30,30,65,65,89,89,8,37,37,57,57,153,153,167,67,79,90,90,90,90],"floor_reached":24,"playtime":761,"items_purged":["Defend_B","Defend_B"],"score":296,"play_id":"0f115fa7-8665-43f1-bf36-125a9202024b","local_time":"20180822184630","is_ascension_mode":true,"campfire_choices":[{"data":"Zap","floor":6,"key":"SMITH"},{"floor":8,"key":"REST"},{"data":"Glacier","floor":13,"key":"SMITH"},{"floor":15,"key":"REST"},{"data":"Rainbow","floor":23,"key":"SMITH"}],"neow_cost":"NONE","seed_source_timestamp":247161465922023,"circlet_count":0,"master_deck":["Strike_B","Strike_B","Defend_B","Defend_B","Zap+1","Dualcast+1","Leap","Ball Lightning+1","Glacier+1","Storm","Static Discharge","Machine Learning","Rainbow+1","Self Repair"],"relics":["Cracked Core","Lantern","Anchor","Ice Cream","Busted Crown"],"potions_floor_usage":[12,21,24],"damage_taken":[{"damage":4,"enemies":"2 Louse","floor":1,"turns":3},{"damage":0,"enemies":"Small Slimes","floor":2,"turns":4},{"damage":0,"enemies":"Cultist","floor":4,"turns":3},{"damage":22,"enemies":"Gremlin Nob","floor":7,"turns":4},{"damage":10,"enemies":"3 Sentries","floor":12,"turns":5},{"damage":0,"enemies":"2 Fungi Beasts","floor":14,"turns":3},{"damage":24,"enemies":"Slime Boss","floor":16,"turns":8},{"damage":8,"enemies":"Spheric Guardian","floor":18,"turns":4},{"damage":2,"enemies":"Shell Parasite","floor":20,"turns":5},{"damage":9,"enemies":"Chosen and Byrds","floor":21,"turns":5},{"damage":54,"enemies":"Gremlin Leader","floor":24,"turns":6}],"seed_played":"-4699704810101645934","potions_obtained":[{"floor":1,"key":"Ancient Potion"},{"floor":4,"key":"Swift Potion"},{"floor":16,"key":"AttackPotion"},{"floor":18,"key":"AttackPotion"}],"is_trial":false,"path_per_floor":["M","M","?","M","$","R","E","R","T","?","$","E","R","M","R","B",null,"M","$","M","M","?","R"],"character_chosen":"DEFECT","items_purchased":["Storm","Static Discharge"],"campfire_rested":2,"item_purchase_floors":[5,11],"current_hp_per_floor":[64,64,49,49,49,49,27,49,49,49,49,39,39,39,61,37,66,58,58,56,47,47,47,0],"gold":90,"neow_bonus":"TRANSFORM_CARD","is_prod":false,"is_daily":false,"chose_seed":false,"campfire_upgraded":3,"win_rate":0,"timestamp":1534934790,"path_taken":["M","M","?","M","$","R","E","R","T","?","?","E","R","?","R","BOSS","M","?","M","M","?","R","E"],"build_version":"2018-08-16","purchased_purges":2,"victory":false,"max_hp_per_floor":[75,75,75,75,75,75,75,75,75,75,75,75,75,75,75,75,75,75,75,75,75,75,75,75],"card_choices":[{"not_picked":["Skim","Genetic Algorithm"],"picked":"Ball Lightning","floor":1},{"not_picked":["Reprogram","Lockon","Heatsinks"],"picked":"SKIP","floor":2},{"not_picked":["Rebound","Leap"],"picked":"Glacier","floor":4},{"not_picked":["Ball Lightning","Rebound","Streamline"],"picked":"SKIP","floor":7},{"not_picked":["Conserve Battery","Skim"],"picked":"Machine Learning","floor":12},{"not_picked":["Conserve Battery","Rebound","Barrage"],"picked":"SKIP","floor":14},{"not_picked":["Seek","Meteor Strike"],"picked":"Rainbow","floor":16},{"not_picked":["Ball Lightning"],"picked":"SKIP","floor":18},{"not_picked":["Go for the Eyes"],"picked":"SKIP","floor":20},{"not_picked":["Rebound+1"],"picked":"SKIP","floor":21}],"player_experience":354966,"relics_obtained":[{"floor":7,"key":"Lantern"},{"floor":9,"key":"Anchor"},{"floor":12,"key":"Ice Cream"}],"event_choices":[{"event_name":"Shining Light","player_choice":"Entered Light","floor":3,"damage_taken":0},{"event_name":"Living Wall","player_choice":"Forget","floor":10,"damage_taken":0},{"event_name":"The Library","player_choice":"Read","floor":22,"damage_taken":0}],"is_beta":false,"boss_relics":[{"not_picked":["Tiny House","Lizard Tail"],"picked":"Busted Crown"}],"items_purged_floors":[5,19],"is_endless":false,"potions_floor_spawned":[1,4,16,18],"killed_by":"Gremlin Leader","ascension_level":9}