{"gold_per_floor":[99,99,99,99,49,49,49,49,49,49,49,49,49,19,19,19,19,19,19,19,19,19,19,19,19,19,19],"floor_reached":27,"playtime":1049,"items_purged":[],"score":287,"play_id":"ae4da280-caee-47a2-8b9a-e6e89089f412","local_time":"20180820000513","is_ascension_mode":true,"campfire_choices":[{"data":"Zap","floor":6,"key":"SMITH"},{"floor":15,"key":"REST"},{"floor":23,"key":"REST"},{"data":"RitualDagger","floor":25,"key":"SMITH"}],"neow_cost":"NONE","seed_source_timestamp":36289227256509,"circlet_count":0,"master_deck":["Strike_B","Defend_B","Defend_B","Defend_B","Zap+1","Dualcast","Glacier","Redo+1","Echo Form","Aggregate+1","Double Energy+1","Gash+1","Gash","Loop","RitualDagger+1"],"relics":["Ectoplasm","Orichalcum","Astrolabe","StoneCalendar"],"potions_floor_usage":[18,27,27],"damage_taken":[{"damage":0,"enemies":"Cultist","floor":1,"turns":4},{"damage":1,"enemies":"Jaw Worm","floor":3,"turns":6},{"damage":9,"enemies":"2 Louse","floor":4,"turns":3},{"damage":7,"enemies":"Large Slime","floor":7,"turns":7},{"damage":4,"enemies":"Exordium Thugs","floor":8,"turns":6},{"damage":0,"enemies":"3 Louse","floor":12,"turns":3},{"damage":1,"enemies":"Exordium Wildlife","floor":13,"turns":3},{"damage":1,"enemies":"Looter","floor":14,"turns":3},{"damage":32,"enemies":"The Guardian","floor":16,"turns":17},{"damage":9,"enemies":"Chosen","floor":18,"turns":6},{"damage":27,"enemies":"Spheric Guardian","floor":19,"turns":6},{"damage":51,"enemies":"Gremlin Leader","floor":27,"turns":7}],"seed_played":"-5754749889754045449","potions_obtained":[{"floor":3,"key":"Swift Potion"},{"floor":7,"key":"LiquidBronze"},{"floor":19,"key":"SpeedPotion"}],"is_trial":false,"path_per_floor":["M","?","M","M","?","R","M","M","T","?","?","M","M","M","R","B",null,"M","M","?","$","?","R","?","R","T"],"character_chosen":"DEFECT","items_purchased":[],"campfire_rested":2,"item_purchase_floors":[],"current_hp_per_floor":[68,68,67,58,58,58,51,47,47,47,40,40,39,38,60,28,63,54,27,27,27,27,49,43,43,43,0],"gold":19,"neow_bonus":"BOSS_RELIC","is_prod":false,"is_daily":false,"chose_seed":false,"campfire_upgraded":2,"win_rate":0,"timestamp":1534716313,"path_taken":["M","?","M","M","?","R","?","M","T","?","?","M","M","M","R","BOSS","M","M","?","$","?","R","?","R","T","E"],"build_version":"2018-08-16","purchased_purges":0,"victory":false,"max_hp_per_floor":[75,75,75,75,75,75,75,75,75,75,75,75,75,75,75,75,75,75,75,75,75,75,75,75,75,75,75],"card_choices":[{"not_picked":["Cold Snap","Hologram"],"picked":"Glacier","floor":1},{"not_picked":["Streamline","Rebound","Sweeping Beam"],"picked":"SKIP","floor":3},{"not_picked":["Steam","Lockon","Hologram"],"picked":"SKIP","floor":4},{"not_picked":["Sweeping Beam","Beam Cell"],"picked":"Redo","floor":7},{"not_picked":["Heatsinks","Compile Driver","Gash"],"picked":"SKIP","floor":8},{"not_picked":["Conserve Battery","Turbo","Coolheaded"],"picked":"SKIP","floor":12},{"not_picked":["Fusion","Biased Cognition","White Noise"],"picked":"SKIP","floor":13},{"not_picked":["Barrage","Hello World","Storm"],"picked":"SKIP","floor":14},{"not_picked":["Machine Learning","Rainbow"],"picked":"Echo Form","floor":16},{"not_picked":["Undo+1","Go for the Eyes"],"picked":"Gash","floor":18},{"not_picked":["Steam Power","Stack"],"picked":"Loop","floor":19}],"player_experience":480205,"relics_obtained":[{"floor":9,"key":"Orichalcum"},{"floor":26,"key":"StoneCalendar"}],"event_choices":[{"event_name":"Liars Game","player_choice":"agreed","floor":2,"damage_taken":0},{"event_name":"The Cleric","player_choice":"Card Removal","floor":5,"damage_taken":0},{"event_name":"Living Wall","player_choice":"Grow","floor":10,"damage_taken":0},{"event_name":"Golden Wing","player_choice":"Card Removal","floor":11,"damage_taken":0},{"event_name":"Drug Dealer","player_choice":"Ignored","floor":20,"damage_taken":0},{"event_name":"Addict","player_choice":"Ignored","floor":22,"damage_taken":0},{"event_name":"Nest","player_choice":"Joined the Cult","floor":24,"damage_taken":0}],"is_beta":false,"boss_relics":[{"not_picked":["Runic Dome","Busted Crown"],"picked":"Astrolabe"}],"items_purged_floors":[],"is_endless":false,"potions_floor_spawned":[3,7,19],"killed_by":"Gremlin Leader","ascension_level":8}