{"gold_per_floor":[114,114,114,126,157,169,219,250,312,324,374,386,323,323,323,448,448,467,467,467,245,264,302,302],"floor_reached":24,"playtime":754,"items_purged":["Regret"],"score":220,"play_id":"46cd1c43-889d-4208-b00e-4989158a93eb","local_time":"20190416151539","daily_mods":["Chimera","Red Cards","Elite Swarm"],"is_ascension_mode":false,"campfire_choices":[{"data":"Flex","floor":6.0,"key":"SMITH"},{"floor":10.0,"key":"REST"},{"data":"Limit Break","floor":12.0,"key":"SMITH"},{"data":"Bash","floor":15.0,"key":"SMITH"}],"neow_cost":"","seed_source_timestamp":0,"circlet_count":0,"master_deck":["Bash+1","Survivor","Zap","Strike_R+1","Strike_B+1","Defend_R+1","Flex+1","Injury","Glacier","Limit Break+1","Thunderclap","Limit Break+1","Reboot","FTL+1","Cleave+1","Ball Lightning+1","Hologram+1","FTL","White Noise","Core Surge"],"special_seed":18002,"relics":["Cracked Core","Golden Idol","MawBank","StoneCalendar","Bag of Preparation","Bird Faced Urn","Astrolabe","Strawberry","Smiling Mask"],"potions_floor_usage":[16,23,23],"damage_taken":[{"damage":6.0,"enemies":"2 Louse","floor":1.0,"turns":3.0},{"damage":0.0,"enemies":"Small Slimes","floor":5.0,"turns":3.0},{"damage":36.0,"enemies":"3 Sentries","floor":7.0,"turns":11.0},{"damage":3.0,"enemies":"Jaw Worm","floor":8.0,"turns":3.0},{"damage":17.0,"enemies":"Gremlin Nob","floor":11.0,"turns":3.0},{"damage":10,"enemies":"Hexaghost","floor":16,"turns":7},{"damage":29,"enemies":"2 Thieves","floor":18,"turns":4},{"damage":2,"enemies":"Chosen","floor":22,"turns":3},{"damage":14,"enemies":"Slavers","floor":23,"turns":2},{"damage":40,"enemies":"Centurion and Healer","floor":24,"turns":4}],"seed_played":"3566118031847447450","potions_obtained":[{"floor":5.0,"key":"Poison Potion"},{"floor":8.0,"key":"Ancient Potion"},{"floor":18,"key":"Strength Potion"},{"floor":22,"key":"FearPotion"}],"is_trial":false,"path_per_floor":["M","?","?","?","M","R","E","M","T","R","E","R","$","?","R","B",null,"M","?","?","$","M","E","M"],"character_chosen":"DEFECT","items_purchased":["Strawberry","FTL"],"campfire_rested":1,"item_purchase_floors":[21,21],"current_hp_per_floor":[69,69,69,69,69,69,33,30,30,52,35,35,35,35,35,25,75,46,46,46,53,51,37,0],"gold":302,"neow_bonus":"","is_prod":false,"is_daily":true,"chose_seed":false,"campfire_upgraded":3,"win_rate":0,"timestamp":1555442139,"path_taken":["M","?","?","?","M","R","E","M","T","R","E","R","?","?","R","BOSS","M","?","?","$","M","E","?"],"build_version":"2019-01-23","purchased_purges":1,"victory":false,"max_hp_per_floor":[75,75,75,75,75,75,75,75,75,75,75,75,75,75,75,75,75,75,75,75,82,82,82,82],"card_choices":[{"not_picked":["Feel No Pain","Twin Strike"],"picked":"Flex","floor":1.0},{"not_picked":["Cold Snap","FTL"],"picked":"Glacier","floor":5.0},{"not_picked":["Echo Form","Creative AI"],"picked":"Limit Break","floor":7.0},{"not_picked":["Intimidate","Bloodletting"],"picked":"Thunderclap","floor":8.0},{"not_picked":["Biased Cognition","Multi-Cast"],"picked":"Limit Break","floor":11.0},{"not_picked":["Limit Break","Offering"],"picked":"Reboot","floor":16},{"not_picked":["True Grit","Steam Power"],"picked":"Hologram+1","floor":18},{"not_picked":["Clash","Disarm+1"],"picked":"White Noise","floor":22},{"not_picked":["Berserk","Creative AI"],"picked":"Core Surge","floor":23}],"player_experience":900781,"relics_obtained":[{"floor":7.0,"key":"StoneCalendar"},{"floor":9.0,"key":"Bag of Preparation"},{"floor":11.0,"key":"Bird Faced Urn"},{"floor":23,"key":"Smiling Mask"}],"event_choices":[{"damage_healed":0.0,"max_hp_gain":0.0,"max_hp_loss":0.0,"gold_gain":0.0,"event_name":"Golden Idol","player_choice":"Take Wound","floor":2.0,"gold_loss":0.0,"damage_taken":0.0,"relics_obtained":["Golden Idol"],"cards_obtained":["Injury"]},{"damage_healed":0.0,"max_hp_gain":0.0,"max_hp_loss":0.0,"gold_gain":0.0,"event_name":"Big Fish","player_choice":"Box","floor":3.0,"gold_loss":0.0,"damage_taken":0.0,"relics_obtained":["MawBank"],"cards_obtained":["Regret"]},{"damage_healed":0.0,"max_hp_gain":0.0,"max_hp_loss":0.0,"gold_gain":0.0,"event_name":"Scrap Ooze","player_choice":"Fled","floor":4.0,"gold_loss":0.0,"damage_taken":0.0},{"damage_healed":0.0,"max_hp_gain":0.0,"max_hp_loss":0.0,"gold_gain":0.0,"event_name":"Living Wall","player_choice":"Grow","floor":14.0,"gold_loss":0.0,"damage_taken":0.0,"cards_upgraded":["Limit Break"]},{"damage_healed":0,"gold_gain":0,"player_choice":"Ignored","damage_taken":0,"max_hp_gain":0,"max_hp_loss":0,"event_name":"Ghosts","floor":19,"gold_loss":0},{"damage_healed":0,"gold_gain":0,"player_choice":"Simplicity","damage_taken":0,"max_hp_gain":0,"max_hp_loss":0,"event_name":"Back to Basics","floor":20,"gold_loss":0,"cards_upgraded":["Strike_R","Strike_B","Defend_R"]}],"is_beta":false,"boss_relics":[{"not_picked":["Coffee Dripper","Runic Dome"],"picked":"Astrolabe"}],"items_purged_floors":[13],"is_endless":false,"potions_floor_spawned":[5,8,18,22],"killed_by":"Centurion and Healer","ascension_level":0}