{"gold_per_floor":[112,62,79,92,105,105,30,45,45,45,55,80,80,92,92,193,193,193,193,193,193,193,193,193,193,193,193,193,193,193,193,193,193],"floor_reached":33,"playtime":2032,"items_purged":["Strike_B"],"score":441,"play_id":"6920cf0f-96d4-42eb-ad22-139db1412bd9","local_time":"20180819141858","is_ascension_mode":true,"campfire_choices":[{"data":"Hologram","floor":6,"key":"SMITH"},{"data":"Cold Snap","floor":10,"key":"SMITH"},{"floor":15,"key":"REST"},{"data":"Loop","floor":23,"key":"SMITH"},{"data":"Coolheaded","floor":25,"key":"SMITH"},{"data":"Electrodynamics","floor":29,"key":"SMITH"},{"data":"Tempest","floor":32,"key":"SMITH"}],"neow_cost":"NONE","seed_source_timestamp":228462670388102,"circlet_count":0,"master_deck":["Defend_B","Defend_B","Defend_B","Defend_B","Zap+1","Dualcast","White Noise","Hologram+1","Glacier","Cold Snap+1","White Noise","Self Repair","Auto Shields","Electrodynamics+1","Loop+1","Zap+1","Tempest+1","Coolheaded+1","Bite","Bite","Bite","Bite","Bite","Compile Driver+1"],"relics":["Cracked Core","Darkstone Periapt","Omamori","Kunai","Ectoplasm","Shuriken","Dodecahedron","Juzu Bracelet","Mummified Hand","Oddly Smooth Stone"],"potions_floor_usage":[12,16,31,33,33],"damage_taken":[{"damage":0,"enemies":"2 Louse","floor":1,"turns":2},{"damage":2,"enemies":"Jaw Worm","floor":3,"turns":3},{"damage":1,"enemies":"Cultist","floor":4,"turns":3},{"damage":3,"enemies":"Red Slaver","floor":5,"turns":3},{"damage":19,"enemies":"Exordium Wildlife","floor":8,"turns":7},{"damage":3,"enemies":"Large Slime","floor":11,"turns":4},{"damage":22,"enemies":"3 Sentries","floor":12,"turns":7},{"damage":2,"enemies":"3 Louse","floor":14,"turns":5},{"damage":45,"enemies":"Slime Boss","floor":16,"turns":14},{"damage":13,"enemies":"Shell Parasite","floor":18,"turns":9},{"damage":1,"enemies":"Chosen","floor":22,"turns":4},{"damage":23,"enemies":"Gremlin Leader","floor":24,"turns":5},{"damage":11,"enemies":"Sentry and Sphere","floor":28,"turns":5},{"damage":19,"enemies":"Slavers","floor":30,"turns":2},{"damage":18,"enemies":"Cultist and Chosen","floor":31,"turns":6},{"damage":67,"enemies":"Champ","floor":33,"turns":8}],"seed_played":"-13809397346398399","potions_obtained":[{"floor":4,"key":"SpeedPotion"},{"floor":8,"key":"Strength Potion"},{"floor":12,"key":"Fire Potion"},{"floor":16,"key":"Poison Potion"},{"floor":24,"key":"Regen Potion"},{"floor":30,"key":"Dexterity Potion"}],"is_trial":false,"path_per_floor":["M","?","M","M","M","R","$","M","T","R","M","E","?","M","R","B",null,"M","?","?","?","M","R","E","R","T","?","M","R","E","M","R"],"character_chosen":"DEFECT","items_purchased":[],"campfire_rested":1,"item_purchase_floors":[],"current_hp_per_floor":[68,68,66,65,62,62,62,43,43,43,40,32,20,25,47,9,59,53,53,53,53,59,59,43,43,43,43,52,52,37,43,43,0],"gold":193,"neow_bonus":"UPGRADE_CARD","is_prod":false,"is_daily":false,"chose_seed":false,"campfire_upgraded":6,"win_rate":0,"timestamp":1534659538,"path_taken":["M","?","M","M","M","R","$","M","T","R","M","E","?","?","R","BOSS","M","?","?","?","M","R","E","R","T","?","M","R","E","M","R","BOSS"],"build_version":"2018-08-16","purchased_purges":1,"victory":false,"max_hp_per_floor":[75,75,75,75,75,75,75,75,75,75,75,75,75,75,75,75,75,75,75,75,75,75,75,75,75,75,52,52,52,52,52,52,52],"card_choices":[{"not_picked":["Barrage","Go for the Eyes"],"picked":"White Noise","floor":1},{"not_picked":["Hello World","Rebound"],"picked":"Hologram","floor":3},{"not_picked":["Turbo","Rebound"],"picked":"Glacier","floor":4},{"not_picked":["Rebound","Turbo"],"picked":"Cold Snap","floor":5},{"not_picked":["Turbo","Rebound"],"picked":"White Noise","floor":8},{"not_picked":["Glacier","Lockon"],"picked":"Self Repair","floor":11},{"not_picked":["Turbo","Chaos"],"picked":"Auto Shields","floor":12},{"not_picked":["Rebound","Cold Snap","Scrape"],"picked":"SKIP","floor":14},{"not_picked":["Echo Form","Reboot"],"picked":"Electrodynamics","floor":16},{"not_picked":["Skim","Blizzard"],"picked":"Loop","floor":18},{"not_picked":["Redo+1","Cold Snap+1"],"picked":"Tempest","floor":22},{"not_picked":["Lockon+1","Consume"],"picked":"Coolheaded","floor":24},{"not_picked":["Streamline+1","Go for the Eyes","Leap+1"],"picked":"SKIP","floor":28},{"not_picked":["Hologram","Beam Cell"],"picked":"Compile Driver+1","floor":30},{"not_picked":["Leap+1","Hello World","Compile Driver+1"],"picked":"SKIP","floor":31}],"player_experience":350132,"relics_obtained":[{"floor":9,"key":"Darkstone Periapt"},{"floor":12,"key":"Omamori"},{"floor":24,"key":"Juzu Bracelet"},{"floor":26,"key":"Mummified Hand"},{"floor":30,"key":"Oddly Smooth Stone"}],"event_choices":[{"event_name":"The Cleric","player_choice":"Card Removal","floor":2,"damage_taken":0},{"event_name":"Scrap Ooze","player_choice":"success","floor":13,"damage_taken":12},{"event_name":"The Mausoleum","player_choice":"Yes","floor":19,"damage_taken":0},{"event_name":"Duplicator","player_choice":"One dupe","floor":20,"damage_taken":0},{"event_name":"WeMeetAgain","player_choice":"Potion","floor":21,"damage_taken":0},{"event_name":"Vampires","player_choice":"Became a vampire","floor":27,"damage_taken":0}],"is_beta":false,"boss_relics":[{"not_picked":["Inserter","Tiny House"],"picked":"Ectoplasm"}],"items_purged_floors":[7],"is_endless":false,"potions_floor_spawned":[4,8,12,16,24,30],"killed_by":"Champ","ascension_level":9}