{"gold_per_floor":[109,127,127,141,160,195,195,120,120,120,42,42,72,72,72,172,172,154,154,173,193,393,393],"floor_reached":23,"playtime":1859,"items_purged":["Regret"],"score":199,"play_id":"ee6a84da-cb3e-4414-8091-6d253e89b9c2","local_time":"20190427173620","is_ascension_mode":false,"campfire_choices":[{"floor":7.0,"key":"RECALL"},{"data":"Hello World","floor":10.0,"key":"SMITH"},{"data":"Loop","floor":12.0,"key":"SMITH"},{"data":"Capacitor","floor":15.0,"key":"SMITH"}],"neow_cost":"NONE","seed_source_timestamp":0,"circlet_count":0,"master_deck":["Strike_B","Strike_B+1","Strike_B","Strike_B","Defend_B","Defend_B","Defend_B","Defend_B","Zap","Dualcast","Cold Snap","Streamline+1","Skim","Hello World+1","Beam Cell","Loop+1","Capacitor+1","All For One","Stack","Gash","FTL+1"],"special_seed":0,"relics":["Cracked Core","Vajra","Thread and Needle","Whetstone","Art of War","Inserter"],"potions_floor_usage":[],"damage_taken":[{"damage":0.0,"enemies":"2 Louse","floor":1.0,"turns":3.0},{"damage":0.0,"enemies":"Jaw Worm","floor":2.0,"turns":3.0},{"damage":0.0,"enemies":"Small Slimes","floor":4.0,"turns":2.0},{"damage":23.0,"enemies":"Exordium Thugs","floor":5.0,"turns":4.0},{"damage":33.0,"enemies":"3 Sentries","floor":6.0,"turns":8.0},{"damage":12.0,"enemies":"Gremlin Nob","floor":13.0,"turns":4.0},{"damage":7.0,"enemies":"Hexaghost","floor":16.0,"turns":10.0},{"damage":19.0,"enemies":"2 Thieves","floor":18.0,"turns":4.0},{"damage":5,"enemies":"Spheric Guardian","floor":20,"turns":4},{"damage":33,"enemies":"Centurion and Healer","floor":21,"turns":8},{"damage":29,"enemies":"3 Cultists","floor":23,"turns":5}],"seed_played":"-5067840695575094845","potions_obtained":[{"floor":2.0,"key":"FearPotion"},{"floor":5.0,"key":"Weak Potion"},{"floor":16.0,"key":"FocusPotion"},{"floor":18.0,"key":"Strength Potion"},{"floor":21,"key":"Ancient Potion"}],"is_trial":false,"path_per_floor":["M","M","?","M","M","E","R","$","T","R","$","R","E","?","R","B",null,"M","$","M","M","?","M"],"character_chosen":"DEFECT","items_purchased":["Loop"],"campfire_rested":0,"item_purchase_floors":[11],"current_hp_per_floor":[82,82,82,82,59,26,26,26,26,26,26,26,14,14,14,7,82,63,63,58,25,25,0],"gold":393,"neow_bonus":"TEN_PERCENT_HP_BONUS","is_prod":false,"is_daily":false,"chose_seed":false,"campfire_upgraded":3,"win_rate":0,"timestamp":1556404580,"path_taken":["M","M","?","M","M","E","R","$","T","R","$","R","E","?","R","BOSS","M","$","M","M","?","M"],"build_version":"2019-01-23","purchased_purges":1,"victory":false,"max_hp_per_floor":[82,82,82,82,82,82,82,82,82,82,82,82,82,82,82,82,82,82,82,82,82,82,82],"card_choices":[{"not_picked":["Hologram","Doom and Gloom"],"picked":"Cold Snap","floor":1.0},{"not_picked":["Double Energy","Doom and Gloom"],"picked":"Streamline","floor":2.0},{"not_picked":["Turbo","Tempest"],"picked":"Skim","floor":4.0},{"not_picked":["Hologram","Fusion"],"picked":"Hello World","floor":5.0},{"not_picked":["Storm","Ball Lightning"],"picked":"Beam Cell","floor":6.0},{"not_picked":["Turbo","Cold Snap"],"picked":"Capacitor","floor":13.0},{"not_picked":["Fission","Biased Cognition"],"picked":"All For One","floor":16.0},{"not_picked":["Doom and Gloom","Streamline"],"picked":"Stack","floor":18.0},{"not_picked":["Reprogram","Coolheaded"],"picked":"Gash","floor":20},{"not_picked":["Streamline","Undo"],"picked":"FTL+1","floor":21}],"player_experience":232174,"relics_obtained":[{"floor":6.0,"key":"Thread and Needle"},{"floor":13.0,"key":"Whetstone"}],"event_choices":[{"damage_healed":0.0,"max_hp_gain":0.0,"max_hp_loss":0.0,"gold_gain":0.0,"event_name":"Big Fish","player_choice":"Box","floor":3.0,"gold_loss":0.0,"damage_taken":0.0,"relics_obtained":["Vajra"],"cards_obtained":["Regret"]},{"damage_healed":0.0,"max_hp_gain":0.0,"max_hp_loss":0.0,"gold_gain":0.0,"event_name":"Dead Adventurer","player_choice":"Searched \u00271\u0027 times","floor":14.0,"gold_loss":0.0,"damage_taken":0.0,"relics_obtained":["Art of War"]},{"damage_healed":0,"gold_gain":200,"player_choice":"Gold","damage_taken":0,"max_hp_gain":0,"max_hp_loss":0,"event_name":"Wheel of Change","floor":22,"gold_loss":0}],"is_beta":false,"boss_relics":[{"not_picked":["Ectoplasm","Black Star"],"picked":"Inserter"}],"items_purged_floors":[8],"is_endless":false,"potions_floor_spawned":[2,5,16,18,21],"killed_by":"3 Cultists","ascension_level":0}