{"path_per_floor":["M","M","$","M","?","R","M","M","T","E","$","M","R","M","R"],"character_chosen":"IRONCLAD","items_purchased":["Flex"],"gold_per_floor":[112,122,47,62,137,137,153,165,234,263,116,135,135,155,155,155],"floor_reached":16,"campfire_rested":1,"playtime":550,"item_purchase_floors":[11],"current_hp_per_floor":[80,69,69,69,58,58,46,46,46,28,28,15,39,33,33,0],"items_purged":["Wild Strike","Sword Boomerang"],"gold":155,"score":104,"play_id":"6a790005-bf7a-4991-b132-d989f9befd11","local_time":"20180530081116","is_prod":false,"is_daily":false,"chose_seed":false,"is_ascension_mode":false,"campfire_upgraded":2,"win_rate":0,"timestamp":1527639076,"campfire_choices":[{"data":"Sword Boomerang","floor":6,"key":"SMITH"},{"floor":13,"key":"REST"},{"data":"Flex","floor":15,"key":"SMITH"}],"path_taken":["M","M","$","M","?","R","M","M","T","E","$","M","R","M","R","BOSS"],"build_version":"2018-05-24","seed_source_timestamp":172429416828717,"purchased_purges":2,"victory":false,"master_deck":["Bash","Battle Trance","Pommel Strike","Heavy Blade","Havoc","Clash","Twin Strike","Dropkick","Sword Boomerang+1","Flex","Warcry","Warcry","Flex+1"],"max_hp_per_floor":[80,80,80,80,80,80,80,80,80,80,80,80,80,80,80,80],"relics":["Pandora\u0027s Box"],"card_choices":[{"not_picked":["Rupture","Armaments"],"picked":"Flex","floor":1},{"not_picked":["Entrench","Headbutt"],"picked":"Warcry","floor":2},{"not_picked":["Dropkick","Blood for Blood"],"picked":"Warcry","floor":4},{"not_picked":["Warcry","Rage"],"picked":"Sword Boomerang","floor":7},{"not_picked":["Bloodletting","Cleave","Battle Trance"],"picked":"SKIP","floor":8},{"not_picked":["Shrug It Off","Twin Strike","Corruption"],"picked":"SKIP","floor":10},{"not_picked":["Feel No Pain","Clash","Armaments"],"picked":"SKIP","floor":12},{"not_picked":["Reckless Charge","Twin Strike","Juggernaut"],"picked":"SKIP","floor":14}],"player_experience":200500,"potions_floor_usage":[8,16,16],"damage_taken":[{"damage":0,"enemies":"2 Louse","floor":1,"turns":1},{"damage":11,"enemies":"Jaw Worm","floor":2,"turns":2},{"damage":0,"enemies":"Cultist","floor":4,"turns":1},{"damage":12,"enemies":"Blue Slaver","floor":7,"turns":2},{"damage":0,"enemies":"Large Slime","floor":8,"turns":3},{"damage":18,"enemies":"Lagavulin","floor":10,"turns":3},{"damage":13,"enemies":"Red Slaver","floor":12,"turns":2},{"damage":6,"enemies":"2 Fungi Beasts","floor":14,"turns":2},{"damage":34,"enemies":"The Guardian","floor":16,"turns":3}],"relics_obtained":[],"event_choices":[{"event_name":"World of Goop","player_choice":"Gather Gold","floor":5,"damage_taken":0}],"boss_relics":[],"items_purged_floors":[3,11],"potions_floor_spawned":[1,4,10,12],"seed_played":"5807932538662559580","killed_by":"The Guardian","ascension_level":0,"potions_obtained":[{"floor":1,"key":"SkillPotion"},{"floor":4,"key":"LiquidBronze"},{"floor":10,"key":"GamblersBrew"},{"floor":12,"key":"Dexterity Potion"}],"is_trial":false}