{"gold_per_floor":[111,111,36,56,56,84,84,103,152,152,152,162,182,199,199,278,278,292,310,210,210,223,223,241,271,298,298,327,327,344,363,363,437,487,504,518,408,418,431,431,449,449,449,465,499,525,570,582,594,606],"floor_reached":50,"playtime":2462,"items_purged":["Intimidate","Twin Strike"],"score":1396,"play_id":"348ca286-5078-41d1-9a08-e609dcae1368","local_time":"20190429164633","is_ascension_mode":true,"campfire_choices":[{"data":"Feed","floor":7.0,"key":"SMITH"},{"data":"Body Slam","floor":10.0,"key":"SMITH"},{"data":"Feel No Pain","floor":15.0,"key":"SMITH"},{"floor":23.0,"key":"REST"},{"data":"Dark Embrace","floor":27.0,"key":"SMITH"},{"floor":29.0,"key":"REST"},{"floor":32.0,"key":"REST"},{"data":"Evolve","floor":42.0,"key":"SMITH"},{"floor":49,"key":"RECALL"}],"neow_cost":"NONE","seed_source_timestamp":0,"circlet_count":0,"master_deck":["AscendersBane","Bash","Evolve+1","Second Wind","Feed+1","Seeing Red","Feel No Pain+1","Disarm","Offering+1","Ghostly Armor","Body Slam+1","Pummel+1","Dropkick+1","Dark Embrace+1","Dual Wield","Reckless Charge","Exhume","Shockwave","Dropkick+1","Shrug It Off+1"],"special_seed":0,"relics":["Pandora\u0027s Box","Omamori","Oddly Smooth Stone","Cursed Key","Pear","Lantern","Ice Cream","Tiny House","MawBank","Whetstone"],"potions_floor_usage":[],"damage_taken":[{"damage":11.0,"enemies":"2 Louse","floor":1.0,"turns":5.0},{"damage":13.0,"enemies":"Cultist","floor":4.0,"turns":5.0},{"damage":10.0,"enemies":"3 Sentries","floor":6.0,"turns":6.0},{"damage":9.0,"enemies":"Jaw Worm","floor":8.0,"turns":3.0},{"damage":10.0,"enemies":"Lots of Slimes","floor":12.0,"turns":5.0},{"damage":3.0,"enemies":"Exordium Wildlife","floor":13.0,"turns":5.0},{"damage":3.0,"enemies":"Red Slaver","floor":14.0,"turns":3.0},{"damage":6.0,"enemies":"Slime Boss","floor":16.0,"turns":7.0},{"damage":41.0,"enemies":"Spheric Guardian","floor":18.0,"turns":6.0},{"damage":27.0,"enemies":"Shell Parasite","floor":19.0,"turns":5.0},{"damage":14.0,"enemies":"3 Cultists","floor":22.0,"turns":4.0},{"damage":0.0,"enemies":"Chosen and Byrds","floor":24.0,"turns":4.0},{"damage":14.0,"enemies":"Book of Stabbing","floor":25.0,"turns":4.0},{"damage":34.0,"enemies":"Gremlin Leader","floor":28.0,"turns":7.0},{"damage":30.0,"enemies":"Snecko","floor":30.0,"turns":6.0},{"damage":24.0,"enemies":"Snake Plant","floor":31.0,"turns":4.0},{"damage":43.0,"enemies":"Champ","floor":33.0,"turns":5.0},{"damage":31.0,"enemies":"3 Darklings","floor":35.0,"turns":3.0},{"damage":35.0,"enemies":"3 Shapes","floor":36.0,"turns":3.0},{"damage":27.0,"enemies":"Sphere and 2 Shapes","floor":38.0,"turns":4.0},{"damage":6.0,"enemies":"Jaw Worm Horde","floor":39.0,"turns":2.0},{"damage":6.0,"enemies":"Spire Growth","floor":41.0,"turns":2.0},{"damage":13.0,"enemies":"Writhing Mass","floor":44.0,"turns":5.0},{"damage":6.0,"enemies":"Nemesis","floor":45.0,"turns":3.0},{"damage":27.0,"enemies":"3 Darklings","floor":46.0,"turns":3.0},{"damage":0.0,"enemies":"Giant Head","floor":47.0,"turns":5.0},{"damage":0,"enemies":"Awakened One","floor":50,"turns":1}],"seed_played":"-6343157934072953322","potions_obtained":[{"floor":4.0,"key":"Ancient Potion"},{"floor":8.0,"key":"Strength Potion"},{"floor":13.0,"key":"SpeedPotion"}],"is_trial":false,"path_per_floor":["M","?","$","M","?","E","R","M","T","R","?","M","M","M","R","B",null,"M","M","$","?","M","R","M","E","T","R","E","R","M","M","R","B",null,"M","M","?","M","M","?","M","R","T","M","E","M","E","?","R","B"],"character_chosen":"IRONCLAD","items_purchased":[],"campfire_rested":3,"item_purchase_floors":[],"current_hp_per_floor":[60,60,60,50,50,43,43,38,38,38,38,32,33,34,34,32,86,49,26,26,26,12,45,53,53,53,53,23,64,38,14,56,17,119,92,65,65,50,56,56,54,54,54,41,39,16,20,20,20,20],"gold":606,"neow_bonus":"BOSS_RELIC","is_prod":false,"is_daily":false,"chose_seed":true,"campfire_upgraded":5,"win_rate":0,"timestamp":1556527593,"path_taken":["M","?","$","?","?","E","R","M","T","R","?","M","M","M","R","BOSS","M","M","$","?","?","R","M","E","T","R","E","R","M","M","R","BOSS","M","M","?","M","?","?","?","R","T","M","E","M","E","?","R","BOSS"],"build_version":"2019-01-23","purchased_purges":2,"victory":false,"max_hp_per_floor":[78,78,78,81,81,84,84,88,88,88,88,92,96,100,100,104,104,108,112,112,112,112,112,120,134,134,134,138,138,142,142,142,146,151,155,163,163,175,187,187,191,191,191,191,195,199,203,203,203,203],"card_choices":[{"not_picked":["Evolve","Headbutt"],"picked":"Twin Strike","floor":1.0},{"not_picked":["Corruption","Flex"],"picked":"Ghostly Armor","floor":4.0},{"not_picked":["Dropkick","Heavy Blade","Armaments"],"picked":"SKIP","floor":6.0},{"not_picked":["Headbutt","Pommel Strike"],"picked":"Body Slam","floor":8.0},{"not_picked":["Havoc","Reckless Charge"],"picked":"Pummel","floor":12.0},{"not_picked":["Flame Barrier","Flex","Anger"],"picked":"SKIP","floor":13.0},{"not_picked":["Twin Strike","Clothesline"],"picked":"Dropkick","floor":14.0},{"not_picked":["Fiend Fire","Impervious"],"picked":"Dark Embrace","floor":16.0},{"not_picked":["Warcry","Headbutt"],"picked":"Dual Wield","floor":18.0},{"not_picked":["Intimidate","Anger","Inflame+1"],"picked":"SKIP","floor":19.0},{"not_picked":["Headbutt","Evolve+1"],"picked":"Reckless Charge","floor":22.0},{"not_picked":["Infernal Blade","Rampage","Clash"],"picked":"SKIP","floor":24.0},{"not_picked":["Offering","Warcry","Clothesline"],"picked":"SKIP","floor":25.0},{"not_picked":["Twin Strike","Corruption","Cleave"],"picked":"SKIP","floor":28.0},{"not_picked":["Metallicize","Flex+1","Blood for Blood"],"picked":"SKIP","floor":30.0},{"not_picked":["Warcry","Carnage","Flex"],"picked":"SKIP","floor":31.0},{"not_picked":["Offering","Juggernaut"],"picked":"Exhume","floor":33.0},{"not_picked":["True Grit","Twin Strike"],"picked":"Shockwave","floor":34.0},{"not_picked":["Blood for Blood","Flex","Iron Wave"],"picked":"SKIP","floor":35.0},{"not_picked":["Headbutt","Perfected Strike+1","Double Tap"],"picked":"SKIP","floor":36.0},{"not_picked":["Cleave+1","Searing Blow","Spot Weakness+1"],"picked":"SKIP","floor":38.0},{"not_picked":["Seeing Red","Sword Boomerang+1","Flex"],"picked":"SKIP","floor":39.0},{"not_picked":["Body Slam+1","Battle Trance+1","Blood for Blood+1"],"picked":"SKIP","floor":41.0},{"not_picked":["Rampage","Offering","Wild Strike"],"picked":"SKIP","floor":44.0},{"not_picked":["Armaments+1","Heavy Blade","Clothesline"],"picked":"SKIP","floor":45.0},{"not_picked":["Blood for Blood","Sword Boomerang","Clothesline+1"],"picked":"SKIP","floor":46.0},{"not_picked":["Heavy Blade","Cleave"],"picked":"Shrug It Off+1","floor":47.0}],"player_experience":1500972,"relics_obtained":[{"floor":6.0,"key":"Omamori"},{"floor":9.0,"key":"Oddly Smooth Stone"},{"floor":25.0,"key":"Pear"},{"floor":26.0,"key":"Lantern"},{"floor":28.0,"key":"Ice Cream"},{"floor":45.0,"key":"MawBank"},{"floor":47.0,"key":"Whetstone"}],"event_choices":[{"damage_healed":0.0,"max_hp_gain":0.0,"max_hp_loss":0.0,"gold_gain":0.0,"event_name":"Match and Keep!","player_choice":"2 cards matched","floor":2.0,"gold_loss":0.0,"damage_taken":0.0,"cards_obtained":["Disarm","Offering"]},{"damage_healed":0.0,"max_hp_gain":0.0,"max_hp_loss":0.0,"gold_gain":0.0,"event_name":"The Cleric","player_choice":"Leave","floor":5.0,"gold_loss":0.0,"damage_taken":0.0},{"damage_healed":0.0,"max_hp_gain":0.0,"max_hp_loss":0.0,"gold_gain":0.0,"event_name":"Liars Game","player_choice":"Ignored","floor":11.0,"gold_loss":0.0,"damage_taken":0.0},{"cards_removed":["Berserk"],"damage_healed":0.0,"max_hp_gain":0.0,"max_hp_loss":0.0,"gold_gain":0.0,"event_name":"Purifier","player_choice":"Purged","floor":21.0,"gold_loss":0.0,"damage_taken":0.0},{"cards_removed":["Spot Weakness"],"damage_healed":0.0,"max_hp_gain":0.0,"max_hp_loss":0.0,"gold_gain":0.0,"event_name":"Designer","player_choice":"Upgrade and Remove","floor":37.0,"gold_loss":110.0,"damage_taken":0.0,"cards_upgraded":["Offering"]},{"damage_healed":0.0,"max_hp_gain":0.0,"max_hp_loss":0.0,"gold_gain":0.0,"cards_transformed":["Intimidate"],"event_name":"Transmorgrifier","player_choice":"Transformed","floor":40.0,"gold_loss":0.0,"damage_taken":0.0,"cards_obtained":["Dropkick"]},{"damage_healed":0,"gold_gain":0,"player_choice":"Ignored","damage_taken":0,"max_hp_gain":0,"max_hp_loss":0,"event_name":"Mysterious Sphere","floor":48,"gold_loss":0}],"is_beta":false,"boss_relics":[{"not_picked":["Astrolabe","Velvet Choker"],"picked":"Cursed Key"},{"not_picked":["Coffee Dripper","Philosopher\u0027s Stone"],"picked":"Tiny House"}],"items_purged_floors":[3,20],"is_endless":false,"potions_floor_spawned":[4,8,13,22,24,30,36,45,46,47],"killed_by":"Awakened One","ascension_level":20}