{"gold_per_floor":[119,35,47,67,67,67,98,118,118,32,44,44,54,82,82,160,160,173,173,20,31,31,31,46,96,96,37,56,81,81,81,81,155,155,168,168,181,199,99,125,125,125,125,125,145,145,164,39,39,39,39,39,39,39,74,74],"floor_reached":57,"playtime":3310,"items_purged":["Strike_B","Defend_B","Defend_B"],"score":2845,"play_id":"a6a7e340-902f-4b2b-aab1-2cffb5ad996e","local_time":"20190313170910","is_ascension_mode":true,"campfire_choices":[{"data":"Defragment","floor":6.0,"key":"SMITH"},{"data":"Zap","floor":12.0,"key":"SMITH"},{"data":"Double Energy","floor":15.0,"key":"SMITH"},{"data":"Coolheaded","floor":23.0,"key":"SMITH"},{"data":"Dualcast","floor":32.0,"key":"SMITH"},{"data":"Blizzard","floor":42.0,"key":"SMITH"},{"data":"Capacitor","floor":44.0,"key":"SMITH"},{"floor":49.0,"key":"RECALL"},{"data":"Compile Driver","floor":53.0,"key":"SMITH"}],"neow_cost":"TEN_PERCENT_HP_LOSS","seed_source_timestamp":940152007873154,"circlet_count":0,"master_deck":["AscendersBane","Defend_B","Defend_B","Zap+1","Dualcast+1","Streamline","Double Energy+1","Ball Lightning","Defragment+1","Compile Driver+1","Coolheaded+1","Recycle+1","Cold Snap","Skim+1","White Noise+1","Coolheaded+1","Fission+1","Coolheaded+1","Double Energy+1","Stack+1","Defragment+1","BootSequence+1","Turbo+1","Capacitor+1","All For One","Blizzard+1","Fusion+1","Master of Strategy+1","Skim+1","Stack+1"],"special_seed":0,"relics":["FrozenCore","Toxic Egg 2","Symbiotic Virus","Strawberry","Shuriken","Coffee Dripper","Thread and Needle","Dodecahedron","Vajra"],"potions_floor_usage":[56,56],"damage_taken":[{"damage":0.0,"enemies":"Cultist","floor":1.0,"turns":3.0},{"damage":0.0,"enemies":"2 Louse","floor":3.0,"turns":3.0},{"damage":2.0,"enemies":"Jaw Worm","floor":4.0,"turns":3.0},{"damage":23.0,"enemies":"3 Sentries","floor":7.0,"turns":5.0},{"damage":8.0,"enemies":"Red Slaver","floor":8.0,"turns":3.0},{"damage":6.0,"enemies":"Looter","floor":11.0,"turns":3.0},{"damage":9.0,"enemies":"Lots of Slimes","floor":13.0,"turns":4.0},{"damage":2.0,"enemies":"Lagavulin","floor":14.0,"turns":6.0},{"damage":14.0,"enemies":"Slime Boss","floor":16.0,"turns":7.0},{"damage":0.0,"enemies":"Shell Parasite","floor":18.0,"turns":6.0},{"damage":0.0,"enemies":"3 Byrds","floor":21.0,"turns":4.0},{"damage":0.0,"enemies":"Cultist and Chosen","floor":24.0,"turns":5.0},{"damage":0.0,"enemies":"Centurion and Healer","floor":28.0,"turns":4.0},{"damage":24.0,"enemies":"Gremlin Leader","floor":29.0,"turns":6.0},{"damage":5.0,"enemies":"Colosseum Slavers","floor":31.0,"turns":5.0},{"damage":0.0,"enemies":"Champ","floor":33.0,"turns":9.0},{"damage":0.0,"enemies":"Orb Walker","floor":35.0,"turns":3.0},{"damage":0.0,"enemies":"3 Shapes","floor":37.0,"turns":5.0},{"damage":9.0,"enemies":"Maw","floor":38.0,"turns":5.0},{"damage":21.0,"enemies":"Reptomancer","floor":40.0,"turns":7.0},{"damage":0.0,"enemies":"Writhing Mass","floor":45.0,"turns":6.0},{"damage":0.0,"enemies":"3 Darklings","floor":47.0,"turns":3.0},{"damage":0.0,"enemies":"Donu and Deca","floor":50.0,"turns":6.0},{"damage":9.0,"enemies":"Awakened One","floor":51.0,"turns":8.0},{"damage":20.0,"enemies":"Shield and Spear","floor":55.0,"turns":3.0},{"damage":34,"enemies":"The Heart","floor":56,"turns":8}],"seed_played":"7701026324293135912","potions_obtained":[{"floor":4.0,"key":"EssenceOfSteel"},{"floor":8.0,"key":"Weak Potion"},{"floor":14.0,"key":"GamblersBrew"},{"floor":29.0,"key":"SpeedPotion"},{"floor":40.0,"key":"Ancient Potion"}],"is_trial":false,"path_per_floor":["M","$","M","M","?","R","E","M","T","$","M","R","M","E","R","B",null,"M","?","$","M","?","R","M","?","T","$","M","E","$","?","R","B",null,"M","?","M","M","$","E","?","R","T","R","M","$","M","$","R","B","B",null,"R","$","E","B",null],"character_chosen":"DEFECT","items_purchased":["Defragment","Skim+1","Double Energy+1","Turbo+1"],"campfire_rested":0,"item_purchase_floors":[2,10,20,27],"current_hp_per_floor":[64,64,64,62,62,62,39,31,31,31,25,25,16,21,21,7,55,55,55,55,55,55,55,55,55,55,55,55,31,31,26,26,26,60,60,60,60,51,51,30,20,20,20,20,20,20,20,20,20,20,11,56,56,56,36,2],"gold":74,"neow_bonus":"TRANSFORM_TWO_CARDS","is_prod":false,"is_daily":false,"chose_seed":false,"campfire_upgraded":8,"win_rate":0,"timestamp":1552468150,"path_taken":["M","$","?","M","?","R","E","M","T","?","M","R","M","E","R","BOSS","M","?","$","M","?","R","?","?","T","$","M","E","$","?","R","BOSS","M","?","M","M","$","E","?","R","T","R","M","$","M","$","R","BOSS","BOSS","R","$","E","BOSS"],"build_version":"2019-01-23","purchased_purges":3,"victory":true,"max_hp_per_floor":[64,64,64,64,64,64,64,64,64,64,64,64,64,71,71,71,71,71,71,71,71,71,71,71,71,71,71,71,71,71,71,71,71,71,71,71,71,71,71,71,71,71,71,71,71,71,71,71,71,71,71,71,71,71,71,71],"card_choices":[{"not_picked":["Barrage","Compile Driver"],"picked":"Ball Lightning","floor":1.0},{"not_picked":["Stack","Streamline"],"picked":"Compile Driver","floor":3.0},{"not_picked":["Aggregate","Fusion"],"picked":"Coolheaded","floor":4.0},{"not_picked":["Creative AI","White Noise"],"picked":"Recycle","floor":7.0},{"not_picked":["Force Field+1","Leap+1"],"picked":"Cold Snap","floor":8.0},{"not_picked":["FTL","Ball Lightning","Rip and Tear"],"picked":"SKIP","floor":11.0},{"not_picked":["Heatsinks","Conserve Battery+1"],"picked":"White Noise+1","floor":13.0},{"not_picked":["Reprogram+1","Fusion+1"],"picked":"Coolheaded+1","floor":14.0},{"not_picked":["All For One","Reboot+1"],"picked":"Fission+1","floor":16.0},{"not_picked":["Compile Driver","Leap+1"],"picked":"Coolheaded+1","floor":18.0},{"not_picked":["Gash","Loop"],"picked":"Stack+1","floor":21.0},{"not_picked":["Static Discharge","Conserve Battery+1"],"picked":"BootSequence+1","floor":24.0},{"not_picked":["Double Energy+1","Leap+1","Meteor Strike"],"picked":"SKIP","floor":28.0},{"not_picked":["Reinforced Body+1","Steam+1"],"picked":"Capacitor","floor":29.0},{"not_picked":["Creative AI","Meteor Strike"],"picked":"All For One","floor":33.0},{"not_picked":["Reprogram+1","Cold Snap"],"picked":"Blizzard","floor":35.0},{"not_picked":["Compile Driver+1","Doom and Gloom"],"picked":"Fusion+1","floor":37.0},{"not_picked":["Rebound","Stack+1","Turbo+1"],"picked":"SKIP","floor":38.0},{"not_picked":["Aggregate+1","Scrape+1","Blizzard+1"],"picked":"SKIP","floor":40.0},{"not_picked":["PanicButton+1","Good Instincts+1"],"picked":"Master of Strategy+1","floor":41.0},{"not_picked":["Turbo+1","Scrape+1"],"picked":"Skim+1","floor":45.0},{"not_picked":["Beam Cell","Skim+1"],"picked":"Stack+1","floor":47.0},{"not_picked":["Gash+1","Rebound","Defragment"],"picked":"SKIP","floor":55.0}],"player_experience":1185130,"relics_obtained":[{"floor":7.0,"key":"Toxic Egg 2"},{"floor":9.0,"key":"Symbiotic Virus"},{"floor":14.0,"key":"Strawberry"},{"floor":29.0,"key":"Shuriken"},{"floor":40.0,"key":"Thread and Needle"},{"floor":43.0,"key":"Dodecahedron"},{"floor":55.0,"key":"Vajra"}],"event_choices":[{"damage_healed":0.0,"max_hp_gain":0.0,"max_hp_loss":0.0,"gold_gain":0.0,"event_name":"Liars Game","player_choice":"Ignored","floor":5.0,"gold_loss":0.0,"damage_taken":0.0},{"damage_healed":0.0,"max_hp_gain":0.0,"max_hp_loss":0.0,"gold_gain":0.0,"event_name":"The Mausoleum","player_choice":"Ignored","floor":19.0,"gold_loss":0.0,"damage_taken":0.0},{"damage_healed":0.0,"max_hp_gain":0.0,"max_hp_loss":0.0,"gold_gain":0.0,"event_name":"Duplicator","player_choice":"Copied","floor":22.0,"gold_loss":0.0,"damage_taken":0.0,"cards_obtained":["Defragment"]},{"damage_healed":0.0,"max_hp_gain":0.0,"max_hp_loss":0.0,"gold_gain":50.0,"event_name":"Nest","player_choice":"Stole From Cult","floor":25.0,"gold_loss":0.0,"damage_taken":0.0},{"damage_healed":0.0,"max_hp_gain":0.0,"max_hp_loss":0.0,"gold_gain":0.0,"event_name":"Colosseum","player_choice":"Fight","floor":31.0,"gold_loss":0.0,"damage_taken":0.0},{"damage_healed":0.0,"max_hp_gain":0.0,"max_hp_loss":0.0,"gold_gain":0.0,"event_name":"Colosseum","player_choice":"Fled From Nobs","floor":31.0,"gold_loss":0.0,"damage_taken":0.0},{"cards_removed":["Strike_B"],"damage_healed":0.0,"max_hp_gain":0.0,"max_hp_loss":0.0,"gold_gain":0.0,"event_name":"Falling","player_choice":"Removed Attack","floor":36.0,"gold_loss":0.0,"damage_taken":0.0},{"damage_healed":0.0,"max_hp_gain":0.0,"max_hp_loss":0.0,"gold_gain":0.0,"event_name":"SensoryStone","player_choice":"Memory 3","floor":41.0,"gold_loss":0.0,"damage_taken":10.0}],"is_beta":false,"boss_relics":[{"not_picked":["White Beast Statue","Snecko Eye"],"picked":"FrozenCore"},{"not_picked":["Eternal Feather","Inserter"],"picked":"Coffee Dripper"}],"items_purged_floors":[20,39,48],"is_endless":false,"potions_floor_spawned":[4,8,14,18,21,29,31,33,35,38,40,45,55],"ascension_level":20}