{"gold_per_floor":[117,117,392,408,408,451,451,167,167,201,220,67,111,136,136,230,230,251,266,55,55,71,115,135,170,170,170,211,248,29,67,67,163,163,181,181,514,514,526,556,586,621,621,648,648,683,698,523,523,523,523,523,523,33,67,67],"floor_reached":57,"playtime":3736,"items_purged":["Regret","Strike_G","Choke","Concentrate","Bullet Time+1","Poisoned Stab+1"],"score":4113,"play_id":"8b83da48-b756-4e09-9434-f68c68331aef","local_time":"20190319232206","is_ascension_mode":true,"campfire_choices":[{"data":"Neutralize","floor":7.0,"key":"SMITH"},{"data":"Noxious Fumes","floor":15.0,"key":"SMITH"},{"data":"Concentrate","floor":27.0,"key":"SMITH"},{"data":"Acrobatics","floor":32.0,"key":"SMITH"},{"floor":49,"key":"RECALL"},{"floor":53,"key":"REST"}],"neow_cost":"NONE","seed_source_timestamp":0,"circlet_count":0,"master_deck":["AscendersBane","Survivor+1","Neutralize+1","Masterful Stab+1","Concentrate+1","Noxious Fumes+1","Acrobatics+1","Leg Sweep+1","Blade Dance+1","Backflip+1","Underhanded Strike+1","Expertise+1","Terror+1","Flechettes+1","Well Laid Plans+1","Tactician+1","Escape Plan+1","Prepared+1"],"special_seed":0,"relics":["Ring of the Serpent","Oddly Smooth Stone","Medical Kit","War Paint","Kunai","Boot","Pandora\u0027s Box","Nloth\u0027s Gift","Toxic Egg 2","Torii","MawBank","Blood Vial","Mark of the Bloom","WingedGreaves","Nunchaku","Meat on the Bone","Ornamental Fan","Gambling Chip","Membership Card","Paper Crane","Shuriken"],"potions_floor_usage":[42,56],"damage_taken":[{"damage":0.0,"enemies":"Small Slimes","floor":1.0,"turns":1.0},{"damage":0.0,"enemies":"2 Louse","floor":4.0,"turns":1.0},{"damage":0.0,"enemies":"Gremlin Nob","floor":6.0,"turns":1.0},{"damage":0.0,"enemies":"Lagavulin","floor":10.0,"turns":9.0},{"damage":0.0,"enemies":"Cultist","floor":11.0,"turns":3.0},{"damage":35.0,"enemies":"Gremlin Nob","floor":13.0,"turns":7.0},{"damage":0.0,"enemies":"Exordium Wildlife","floor":14.0,"turns":5.0},{"damage":0.0,"enemies":"Hexaghost","floor":16.0,"turns":11.0},{"damage":15.0,"enemies":"3 Byrds","floor":18.0,"turns":6.0},{"damage":0.0,"enemies":"2 Thieves","floor":19.0,"turns":4.0},{"damage":9.0,"enemies":"Chosen and Byrds","floor":22.0,"turns":3.0},{"damage":0.0,"enemies":"Gremlin Leader","floor":23.0,"turns":4.0},{"damage":0.0,"enemies":"Centurion and Healer","floor":24.0,"turns":4.0},{"damage":0.0,"enemies":"Slavers","floor":25.0,"turns":5.0},{"damage":0.0,"enemies":"Gremlin Leader","floor":28.0,"turns":5.0},{"damage":1.0,"enemies":"Snake Plant","floor":29.0,"turns":3.0},{"damage":0.0,"enemies":"Book of Stabbing","floor":31.0,"turns":4.0},{"damage":0.0,"enemies":"Champ","floor":33.0,"turns":9.0},{"damage":12.0,"enemies":"Orb Walker","floor":35.0,"turns":4.0},{"damage":0.0,"enemies":"3 Shapes","floor":39.0,"turns":4.0},{"damage":0.0,"enemies":"Giant Head","floor":40.0,"turns":3.0},{"damage":0.0,"enemies":"Reptomancer","floor":41.0,"turns":3.0},{"damage":0,"enemies":"Nemesis","floor":42,"turns":4},{"damage":0,"enemies":"Reptomancer","floor":44,"turns":2},{"damage":0,"enemies":"Nemesis","floor":46,"turns":3},{"damage":0,"enemies":"3 Darklings","floor":47,"turns":3},{"damage":0,"enemies":"Donu and Deca","floor":50,"turns":5},{"damage":0,"enemies":"Awakened One","floor":51,"turns":3},{"damage":0,"enemies":"Shield and Spear","floor":55,"turns":2},{"damage":0,"enemies":"The Heart","floor":56,"turns":5}],"seed_played":"-499070295268603133","potions_obtained":[{"floor":4.0,"key":"GhostInAJar"},{"floor":6.0,"key":"Strength Potion"},{"floor":14.0,"key":"EssenceOfSteel"},{"floor":16.0,"key":"FearPotion"},{"floor":18.0,"key":"Regen Potion"},{"floor":23.0,"key":"Swift Potion"},{"floor":24.0,"key":"AttackPotion"},{"floor":31.0,"key":"SneckoOil"},{"floor":33.0,"key":"SpeedPotion"},{"floor":39.0,"key":"Weak Potion"},{"floor":42,"key":"SteroidPotion"}],"is_trial":false,"path_per_floor":["M","?","?","M","?","E","R","$","T","E","M","$","E","M","R","B",null,"M","M","$","?","M","E","M","E","T","R","E","M","$","E","R","B",null,"M","?","?","?","M","E","E","E","T","E","?","E","M","$","R","B","B",null,"R","$","E","B",null],"character_chosen":"THE_SILENT","items_purchased":["Medical Kit","Poisoned Stab","Flechettes","Tactician+1","Membership Card","GhostInAJar","Paper Crane"],"campfire_rested":1,"item_purchase_floors":[8,12,20,30,54,54,54],"current_hp_per_floor":[59,59,59,59,41,41,41,41,41,41,41,41,6,6,6,6,47,32,32,32,32,23,37,37,37,37,37,37,36,36,36,36,38,55,45,45,45,45,45,45,45,45,45,45,45,45,45,45,45,45,45,45,45,45,45,45],"gold":67,"neow_bonus":"THREE_ENEMY_KILL","is_prod":false,"is_daily":false,"chose_seed":false,"campfire_upgraded":4,"win_rate":0,"timestamp":1553008926,"path_taken":["M","?","?","?","?","E","R","?","T","E","M","$","E","M","R","BOSS","M","M","$","?","M","E","M","E","T","R","E","M","$","E","R","BOSS","M","?","?","?","M","E","E","E","T","E","?","E","?","?","R","BOSS","BOSS","R","$","E","BOSS"],"build_version":"2019-01-23","purchased_purges":6,"victory":true,"max_hp_per_floor":[66,60,60,60,60,60,60,60,60,60,60,60,60,60,60,60,60,60,60,60,60,60,60,60,60,60,60,60,60,60,60,60,60,60,60,57,57,57,57,57,57,57,57,57,57,57,57,57,57,57,57,57,57,57,57,57],"card_choices":[{"not_picked":["Flying Knee","Dodge and Roll","PiercingWail"],"picked":"SKIP","floor":1.0},{"not_picked":["Quick Slash","Riddle With Holes","Outmaneuver"],"picked":"SKIP","floor":4.0},{"not_picked":["Bouncing Flask","Dodge and Roll"],"picked":"Masterful Stab","floor":6.0},{"not_picked":["Finisher","Poisoned Stab","Prepared"],"picked":"SKIP","floor":10.0},{"not_picked":["Underhanded Strike","Sucker Punch"],"picked":"Concentrate","floor":11.0},{"not_picked":["All Out Attack","Backstab"],"picked":"Noxious Fumes","floor":13.0},{"not_picked":["Prepared","PiercingWail"],"picked":"Acrobatics","floor":14.0},{"not_picked":["Acrobatics","Blade Dance","Slice"],"picked":"SKIP","floor":18.0},{"not_picked":["Caltrops","Prepared","Predator"],"picked":"SKIP","floor":19.0},{"not_picked":["Quick Slash+1","Outmaneuver","Cloak And Dagger"],"picked":"SKIP","floor":22.0},{"not_picked":["Skewer","Venomology"],"picked":"Well Laid Plans","floor":23.0},{"not_picked":["Bane","Acrobatics+1","Masterful Stab"],"picked":"SKIP","floor":24.0},{"not_picked":["Underhanded Strike","Predator+1","Backflip+1"],"picked":"SKIP","floor":25.0},{"not_picked":["Bane","A Thousand Cuts","Underhanded Strike"],"picked":"SKIP","floor":28.0},{"not_picked":["Eviscerate","Bane","Skewer"],"picked":"SKIP","floor":29.0},{"not_picked":["Deadly Poison+1","Blade Dance+1","Sucker Punch"],"picked":"SKIP","floor":31.0},{"not_picked":["Flying Knee","Infinite Blades","Blade Dance+1"],"picked":"SKIP","floor":35.0},{"not_picked":["Storm of Steel+1","Outmaneuver+1"],"picked":"Escape Plan+1","floor":39.0},{"not_picked":["Dagger Spray","Burst+1","Storm of Steel+1"],"picked":"SKIP","floor":40.0},{"not_picked":["Night Terror+1","A Thousand Cuts"],"picked":"Prepared+1","floor":41.0},{"not_picked":["Flechettes","Die Die Die","Deadly Poison+1"],"picked":"SKIP","floor":42},{"not_picked":["Acrobatics+1","Corpse Explosion+1","Finisher"],"picked":"SKIP","floor":44},{"not_picked":["Corpse Explosion+1","Grand Finale","Envenom"],"picked":"SKIP","floor":46},{"not_picked":["Heel Hook","Bouncing Flask+1","Doppelganger+1"],"picked":"SKIP","floor":47},{"not_picked":["Deflect+1","Endless Agony","Cloak And Dagger+1"],"picked":"SKIP","floor":55}],"player_experience":1223661,"relics_obtained":[{"floor":6.0,"key":"Oddly Smooth Stone"},{"floor":9.0,"key":"War Paint"},{"floor":10.0,"key":"Kunai"},{"floor":13.0,"key":"Boot"},{"floor":23.0,"key":"Toxic Egg 2"},{"floor":26.0,"key":"Torii"},{"floor":28.0,"key":"MawBank"},{"floor":31.0,"key":"Blood Vial"},{"floor":40.0,"key":"WingedGreaves"},{"floor":41.0,"key":"Nunchaku"},{"floor":42,"key":"Meat on the Bone"},{"floor":44,"key":"Ornamental Fan"},{"floor":46,"key":"Gambling Chip"},{"floor":55,"key":"Shuriken"}],"event_choices":[{"damage_healed":0.0,"max_hp_gain":0.0,"max_hp_loss":6.0,"gold_gain":0.0,"event_name":"Golden Idol","player_choice":"Lose Max HP","floor":2.0,"gold_loss":0.0,"damage_taken":0.0,"relics_obtained":["Golden Idol"]},{"damage_healed":0.0,"max_hp_gain":0.0,"max_hp_loss":0.0,"gold_gain":275.0,"event_name":"Golden Shrine","player_choice":"Desecrate","floor":3.0,"gold_loss":0.0,"damage_taken":0.0,"cards_obtained":["Regret"]},{"damage_healed":0.0,"max_hp_gain":0.0,"max_hp_loss":0.0,"gold_gain":0.0,"event_name":"Shining Light","player_choice":"Entered Light","floor":5.0,"gold_loss":0.0,"damage_taken":18.0,"cards_upgraded":["Defend_G","Defend_G"]},{"damage_healed":0.0,"max_hp_gain":0.0,"max_hp_loss":0.0,"gold_gain":0.0,"event_name":"N\u0027loth","player_choice":"Traded Relic","floor":21.0,"relics_lost":["NeowsBlessing"],"gold_loss":0.0,"damage_taken":0.0,"relics_obtained":["Nloth\u0027s Gift"]},{"damage_healed":0.0,"max_hp_gain":0.0,"max_hp_loss":3.0,"gold_gain":0.0,"event_name":"Winding Halls","player_choice":"Max HP","floor":36.0,"gold_loss":0.0,"damage_taken":0.0},{"damage_healed":0.0,"max_hp_gain":0.0,"max_hp_loss":0.0,"gold_gain":333.0,"event_name":"The Moai Head","player_choice":"Gave Idol","floor":37.0,"relics_lost":["Golden Idol"],"gold_loss":0.0,"damage_taken":0.0},{"damage_healed":0.0,"max_hp_gain":0.0,"max_hp_loss":0.0,"gold_gain":0.0,"event_name":"MindBloom","player_choice":"Upgrade","floor":38.0,"gold_loss":0.0,"damage_taken":0.0,"cards_upgraded":["Masterful Stab","Poisoned Stab","Leg Sweep","Blade Dance","Backflip","Underhanded Strike","Bullet Time","Expertise","Terror","Flechettes","Well Laid Plans"],"relics_obtained":["Mark of the Bloom"]},{"damage_healed":0,"gold_gain":0,"player_choice":"Ignored","damage_taken":0,"max_hp_gain":0,"max_hp_loss":0,"event_name":"SecretPortal","floor":45,"gold_loss":0}],"is_beta":false,"boss_relics":[{"not_picked":["Lizard Tail","Philosopher\u0027s Stone"],"picked":"Pandora\u0027s Box"},{"not_picked":["Runic Dome","Tiny House"],"picked":"Ring of the Serpent"}],"items_purged_floors":[8,12,20,30,48,54],"is_endless":false,"potions_floor_spawned":[4,6,14,16,18,23,24,31,33,39,40,41,42],"ascension_level":20}