{"gold_per_floor":[117,117,131,81,81,81,95,114,114,138,152,152,177,102,102,102],"floor_reached":16,"playtime":523,"items_purged":["Strike_R"],"score":118,"play_id":"b3e89e3a-80b1-413d-a610-2e4dd28b21b2","local_time":"20190321160842","is_ascension_mode":true,"campfire_choices":[{"data":"Barricade","floor":15,"key":"SMITH"}],"neow_cost":"TEN_PERCENT_HP_LOSS","seed_source_timestamp":152770897330600,"circlet_count":0,"master_deck":["Strike_R","Strike_R+1","Defend_R","Defend_R","Defend_R","Defend_R","Bash","Barricade+1","Clothesline+1","Battle Trance"],"relics":["Burning Blood","Golden Idol","Meat on the Bone"],"potions_floor_usage":[7,16],"damage_taken":[{"damage":7,"enemies":"Jaw Worm","floor":1,"turns":3},{"damage":0,"enemies":"Small Slimes","floor":3,"turns":3},{"damage":0,"enemies":"2 Louse","floor":7,"turns":2},{"damage":11,"enemies":"Looter","floor":8,"turns":3},{"damage":13,"enemies":"Blue Slaver","floor":10,"turns":3},{"damage":10,"enemies":"2 Fungi Beasts","floor":11,"turns":4},{"damage":0,"enemies":"Exordium Wildlife","floor":13,"turns":2},{"damage":0,"enemies":"The Guardian","floor":16,"turns":1}],"seed_played":"8511482538340477371","potions_obtained":[{"floor":1,"key":"Explosive Potion"},{"floor":8,"key":"SkillPotion"},{"floor":13,"key":"SteroidPotion"}],"is_trial":false,"path_per_floor":["M","?","M","?","?","?","M","M","T","M","M","?","M","$","R","B"],"character_chosen":"IRONCLAD","items_purchased":[],"campfire_rested":0,"item_purchase_floors":[],"current_hp_per_floor":[71,76,77,77,62,43,49,44,44,49,45,45,51,51,51,51],"gold":102,"neow_bonus":"THREE_RARE_CARDS","is_prod":false,"is_daily":false,"chose_seed":false,"campfire_upgraded":1,"win_rate":0,"timestamp":1553155722,"path_taken":["M","?","M","?","?","?","M","M","T","?","M","?","M","$","R","BOSS"],"build_version":"2019-01-23","purchased_purges":1,"victory":false,"max_hp_per_floor":[72,77,77,77,77,77,77,77,77,77,77,77,77,77,77,77],"card_choices":[{"not_picked":["Reaper","Brutality"],"picked":"Barricade","floor":0},{"not_picked":["Burning Pact","Blood for Blood","Spot Weakness"],"picked":"SKIP","floor":1},{"not_picked":["Clothesline","Shockwave","Perfected Strike"],"picked":"SKIP","floor":3},{"not_picked":["Shockwave","Perfected Strike"],"picked":"Clothesline","floor":3},{"not_picked":["Wild Strike","True Grit","Heavy Blade"],"picked":"SKIP","floor":7},{"not_picked":["Headbutt","Armaments"],"picked":"Battle Trance","floor":8},{"not_picked":["Rupture","Warcry","Fire Breathing"],"picked":"SKIP","floor":10},{"not_picked":["Clothesline","Pummel","Cleave"],"picked":"SKIP","floor":11},{"not_picked":["Cleave","Rage","Clash"],"picked":"SKIP","floor":13}],"player_experience":404622,"relics_obtained":[{"floor":9,"key":"Meat on the Bone"}],"event_choices":[{"damage_healed":0,"gold_gain":0,"player_choice":"Donut","damage_taken":0,"max_hp_gain":5,"max_hp_loss":0,"event_name":"Big Fish","floor":2,"gold_loss":0},{"cards_removed":["Strike_R"],"damage_healed":0,"gold_gain":0,"player_choice":"Card Removal","damage_taken":0,"max_hp_gain":0,"max_hp_loss":0,"event_name":"The Cleric","floor":4,"gold_loss":50},{"damage_healed":0,"gold_gain":0,"player_choice":"Entered Light","damage_taken":15,"max_hp_gain":0,"max_hp_loss":0,"event_name":"Shining Light","floor":5,"gold_loss":0,"cards_upgraded":["Strike_R","Clothesline"]},{"damage_healed":0,"gold_gain":0,"player_choice":"Take Damage","damage_taken":19,"relics_obtained":["Golden Idol"],"max_hp_gain":0,"max_hp_loss":0,"event_name":"Golden Idol","floor":6,"gold_loss":0},{"cards_removed":["Strike_R"],"damage_healed":0,"gold_gain":0,"player_choice":"Forget","damage_taken":0,"max_hp_gain":0,"max_hp_loss":0,"event_name":"Living Wall","floor":12,"gold_loss":0}],"is_beta":false,"boss_relics":[],"items_purged_floors":[14],"is_endless":false,"potions_floor_spawned":[1,8,13],"killed_by":"The Guardian","ascension_level":5}