{"gold_per_floor":[115,5,80,80,80,114,129,129,152,179,190,223,279,290,290,369,369,349,349,364,377,388,388,388,419,443,455,474,485,75,75,75,149,149,168,1,18,29,39,39],"floor_reached":40,"playtime":1988,"items_purged":["Strike_B","Strike_B"],"score":1085,"play_id":"f49ac46e-9fac-45f7-a9d9-704db83d33b6","local_time":"20190425203723","is_ascension_mode":true,"campfire_choices":[{"data":"Zap","floor":8.0,"key":"SMITH"},{"data":"Coolheaded","floor":15.0,"key":"SMITH"},{"data":"Dualcast","floor":23.0,"key":"SMITH"},{"data":"Turbo","floor":32.0,"key":"SMITH"}],"neow_cost":"NONE","seed_source_timestamp":0,"circlet_count":0,"master_deck":["AscendersBane","Strike_B","Defend_B","Defend_B","Defend_B+1","Defend_B+1","Zap+1","Dualcast+1","Reinforced Body","Coolheaded+1","Cold Snap","Self Repair+1","Ball Lightning","BootSequence","Defragment+1","Turbo+1","Coolheaded+1","Hologram","Meteor Strike","Turbo","Heatsinks+1","Blizzard+1","Recycle+1","Glacier","Defragment+1","Loop+1","Defragment+1","Hologram","Panacea","Seek","Capacitor+1","Defragment+1","Fusion","Parasite","Double Energy+1","Tempest+1"],"special_seed":0,"relics":["Cracked Core","NeowsBlessing","Frozen Egg 2","Smiling Mask","The Courier","Dream Catcher","Singing Bowl","Runic Pyramid","FaceOfCleric","Blood Vial","Snecko Eye"],"potions_floor_usage":[40],"damage_taken":[{"damage":0.0,"enemies":"Jaw Worm","floor":1.0,"turns":1.0},{"damage":0.0,"enemies":"Lagavulin","floor":6.0,"turns":1.0},{"damage":0.0,"enemies":"2 Louse","floor":7.0,"turns":1.0},{"damage":4.0,"enemies":"3 Sentries","floor":10.0,"turns":8.0},{"damage":9.0,"enemies":"Cultist","floor":11.0,"turns":4.0},{"damage":23.0,"enemies":"Lagavulin","floor":12.0,"turns":6.0},{"damage":9.0,"enemies":"3 Sentries","floor":13.0,"turns":7.0},{"damage":5.0,"enemies":"Blue Slaver","floor":14.0,"turns":3.0},{"damage":36.0,"enemies":"Hexaghost","floor":16.0,"turns":15.0},{"damage":5.0,"enemies":"2 Thieves","floor":18.0,"turns":4.0},{"damage":33.0,"enemies":"3 Byrds","floor":20.0,"turns":6.0},{"damage":13.0,"enemies":"Centurion and Healer","floor":21.0,"turns":8.0},{"damage":0.0,"enemies":"Snecko","floor":22.0,"turns":5.0},{"damage":50.0,"enemies":"Slavers","floor":25.0,"turns":12.0},{"damage":6.0,"enemies":"Cultist and Chosen","floor":27.0,"turns":8.0},{"damage":24.0,"enemies":"3 Cultists","floor":28.0,"turns":7.0},{"damage":10.0,"enemies":"Sentry and Sphere","floor":29.0,"turns":6.0},{"damage":0.0,"enemies":"Champ","floor":33.0,"turns":12.0},{"damage":17.0,"enemies":"3 Shapes","floor":35.0,"turns":6.0},{"damage":37.0,"enemies":"3 Darklings","floor":37.0,"turns":5.0},{"damage":6.0,"enemies":"Writhing Mass","floor":38.0,"turns":9.0},{"damage":36.0,"enemies":"Spire Growth","floor":39.0,"turns":6.0},{"damage":26,"enemies":"Reptomancer","floor":40,"turns":2}],"seed_played":"-7680862626165883034","potions_obtained":[{"floor":12.0,"key":"Swift Potion"},{"floor":13.0,"key":"EntropicBrew"},{"floor":20.0,"key":"Ancient Potion"},{"floor":25.0,"key":"Ancient Potion"},{"floor":37.0,"key":"Regen Potion"},{"floor":39.0,"key":"Strength Potion"}],"is_trial":false,"path_per_floor":["M","$","?","?","?","E","M","R","T","E","M","E","?","M","R","B",null,"M","?","M","M","M","R","?","E","T","M","M","M","$","?","R","B",null,"M","$","M","M","M","E"],"character_chosen":"DEFECT","items_purchased":["Coolheaded","Cold Snap","Glacier","Defragment+1","Loop+1","Defragment+1","Hologram","Panacea","Capacitor+1","Defragment+1"],"campfire_rested":0,"item_purchase_floors":[2,2,30,30,30,30,30,30,36,36],"current_hp_per_floor":[64,64,53,32,55,55,55,55,55,61,62,49,50,55,55,29,61,66,66,44,44,57,57,57,20,20,29,18,21,21,21,21,34,74,72,72,48,70,47,23],"gold":39,"neow_bonus":"THREE_ENEMY_KILL","is_prod":false,"is_daily":false,"chose_seed":false,"campfire_upgraded":4,"win_rate":0,"timestamp":1556195843,"path_taken":["M","$","?","?","?","E","M","R","T","E","M","E","?","M","R","BOSS","M","?","M","?","M","R","?","E","T","M","M","M","$","?","R","BOSS","M","?","M","M","M","E"],"build_version":"2019-01-23","purchased_purges":2,"victory":false,"max_hp_per_floor":[71,71,71,71,71,71,71,71,71,71,71,71,71,71,71,71,71,71,71,72,75,78,78,78,81,81,84,85,86,86,86,86,87,87,90,90,91,92,93,93],"card_choices":[{"not_picked":["Barrage","Rebound"],"picked":"Reinforced Body","floor":1.0},{"not_picked":["Blizzard","Conserve Battery"],"picked":"Self Repair","floor":6.0},{"not_picked":["Coolheaded","Loop+1"],"picked":"Ball Lightning","floor":7.0},{"not_picked":["Reinforced Body","Steam"],"picked":"BootSequence","floor":10.0},{"not_picked":["Steam","Hyperbeam"],"picked":"Defragment+1","floor":11.0},{"not_picked":["Rip and Tear","Reboot"],"picked":"Turbo","floor":12.0},{"not_picked":["Doom and Gloom","Stack"],"picked":"Coolheaded","floor":13.0},{"not_picked":["FTL","Beam Cell"],"picked":"Hologram","floor":14.0},{"not_picked":["Creative AI+1","Seek"],"picked":"Meteor Strike","floor":16.0},{"not_picked":["Melter","Cold Snap"],"picked":"Turbo","floor":18.0},{"not_picked":["Barrage","Turbo"],"picked":"Heatsinks+1","floor":20.0},{"not_picked":["Steam+1","Redo","Rebound"],"picked":"Singing Bowl","floor":21.0},{"not_picked":["Streamline","Beam Cell","Cold Snap"],"picked":"Singing Bowl","floor":22.0},{"not_picked":["Cold Snap","Streamline","Coolheaded"],"picked":"Singing Bowl","floor":25.0},{"not_picked":["Conserve Battery","Barrage","Force Field"],"picked":"Singing Bowl","floor":27.0},{"not_picked":["Coolheaded","Rebound"],"picked":"Blizzard+1","floor":28.0},{"not_picked":["FTL","Heatsinks+1"],"picked":"Recycle+1","floor":29.0},{"not_picked":["Fission","Core Surge"],"picked":"Seek","floor":33.0},{"not_picked":["Barrage+1","Sweeping Beam","Turbo"],"picked":"Singing Bowl","floor":35.0},{"not_picked":["Beam Cell","Defragment+1"],"picked":"Fusion","floor":37.0},{"not_picked":["Melter+1","BootSequence"],"picked":"Double Energy+1","floor":38.0},{"not_picked":["Rebound","Force Field"],"picked":"Tempest+1","floor":39.0}],"player_experience":1479378,"relics_obtained":[{"floor":6.0,"key":"Frozen Egg 2"},{"floor":9.0,"key":"Smiling Mask"},{"floor":10.0,"key":"The Courier"},{"floor":12.0,"key":"Dream Catcher"},{"floor":13.0,"key":"Singing Bowl"},{"floor":26.0,"key":"Blood Vial"}],"event_choices":[{"damage_healed":0.0,"max_hp_gain":0.0,"max_hp_loss":0.0,"gold_gain":75.0,"event_name":"World of Goop","player_choice":"Gather Gold","floor":3.0,"gold_loss":0.0,"damage_taken":11.0},{"damage_healed":0.0,"max_hp_gain":0.0,"max_hp_loss":0.0,"gold_gain":0.0,"event_name":"Shining Light","player_choice":"Entered Light","floor":4.0,"gold_loss":0.0,"damage_taken":21.0,"cards_upgraded":["Defend_B","Defend_B"]},{"damage_healed":23.0,"max_hp_gain":0.0,"max_hp_loss":0.0,"gold_gain":0.0,"event_name":"Big Fish","player_choice":"Banana","floor":5.0,"gold_loss":0.0,"damage_taken":0.0},{"damage_healed":0.0,"max_hp_gain":0.0,"max_hp_loss":0.0,"gold_gain":0.0,"event_name":"Dead Adventurer","player_choice":"Searched \u00271\u0027 times","floor":13.0,"gold_loss":0.0,"damage_taken":0.0},{"damage_healed":0.0,"max_hp_gain":0.0,"max_hp_loss":0.0,"gold_gain":0.0,"event_name":"FaceTrader","player_choice":"Trade","floor":19.0,"gold_loss":0.0,"damage_taken":0.0,"relics_obtained":["FaceOfCleric"]},{"cards_removed":["Strike_B"],"damage_healed":0.0,"max_hp_gain":0.0,"max_hp_loss":0.0,"gold_gain":0.0,"event_name":"Back to Basics","player_choice":"Elegance","floor":24.0,"gold_loss":0.0,"damage_taken":0.0},{"damage_healed":0.0,"max_hp_gain":0.0,"max_hp_loss":0.0,"gold_gain":0.0,"event_name":"Upgrade Shrine","player_choice":"Upgraded","floor":31.0,"gold_loss":0.0,"damage_taken":0.0,"cards_upgraded":["Coolheaded"]}],"is_beta":false,"boss_relics":[{"not_picked":["FrozenCore","Ectoplasm"],"picked":"Runic Pyramid"},{"not_picked":["Runic Dome","Lizard Tail"],"picked":"Snecko Eye"}],"items_purged_floors":[30,36],"is_endless":false,"potions_floor_spawned":[12,13,20,25,29,37,39],"killed_by":"Reptomancer","ascension_level":20}