{"gold_per_floor":[110,124,49,49,49,49,78,94,147,162,197,208,208,218,218,316,316,326,352,226,240,240,268,268,594,594,594,594,608,24,39,39,144,144,158,173,23,42,42,42,57,57,111,111,111,111,131,131,131,131],"floor_reached":51,"playtime":4264,"items_purged":["Defend_B","Strike_B","Strike_B","Defend_B"],"score":695,"play_id":"358b1309-99d0-4eac-a10a-5d6f9fac9729","local_time":"20180829094113","is_ascension_mode":false,"campfire_choices":[{"data":"Dualcast","floor":6,"key":"SMITH"},{"data":"Skim","floor":13,"key":"SMITH"},{"data":"Redo","floor":15,"key":"SMITH"},{"data":"Fusion","floor":24,"key":"SMITH"},{"floor":32,"key":"REST"},{"data":"Redo","floor":40,"key":"SMITH"},{"data":"Coolheaded","floor":42,"key":"SMITH"},{"floor":49,"key":"REST"}],"neow_cost":"NONE","seed_source_timestamp":815768884744520,"circlet_count":0,"master_deck":["Strike_B","Defend_B+1","Defend_B","Zap+1","Dualcast+1","Skim+1","Hologram+1","Reinforced Body+1","Redo+1","All For One","Coolheaded+1","Double Energy","Gash","Fusion+1","Redo+1","Coolheaded+1","Meteor Strike","Streamline","Gash","Madness","Madness","Impatience"],"relics":["Cracked Core","War Paint","Juzu Bracelet","Art of War","Runic Pyramid","Red Mask","Ornamental Fan","Old Coin","Blood Vial","Vajra","Gremlin Horn","Inserter","Tiny Chest"],"potions_floor_usage":[7,11,12,16,19,23,29,31,33,47],"damage_taken":[{"damage":3,"enemies":"2 Louse","floor":1,"turns":2},{"damage":1,"enemies":"Cultist","floor":2,"turns":3},{"damage":27,"enemies":"Lagavulin","floor":7,"turns":6},{"damage":0,"enemies":"Small Slimes","floor":8,"turns":3},{"damage":0,"enemies":"2 Fungi Beasts","floor":10,"turns":4},{"damage":0,"enemies":"3 Sentries","floor":11,"turns":1},{"damage":0,"enemies":"Gremlin Gang","floor":12,"turns":3},{"damage":1,"enemies":"Exordium Thugs","floor":14,"turns":3},{"damage":4,"enemies":"The Guardian","floor":16,"turns":8},{"damage":0,"enemies":"Shell Parasite","floor":18,"turns":4},{"damage":15,"enemies":"Masked Bandits","floor":19,"turns":4},{"damage":0,"enemies":"3 Byrds","floor":21,"turns":3},{"damage":9,"enemies":"Gremlin Leader","floor":23,"turns":4},{"damage":23,"enemies":"Slavers","floor":25,"turns":7},{"damage":17,"enemies":"Snecko","floor":29,"turns":6},{"damage":0,"enemies":"Centurion and Healer","floor":31,"turns":4},{"damage":30,"enemies":"Collector","floor":33,"turns":8},{"damage":25,"enemies":"3 Darklings","floor":35,"turns":4},{"damage":3,"enemies":"Orb Walker","floor":36,"turns":3},{"damage":7,"enemies":"Maw","floor":38,"turns":6},{"damage":8,"enemies":"Sphere and 2 Shapes","floor":41,"turns":3},{"damage":10,"enemies":"Flame Bruiser 2 Orb","floor":47,"turns":2},{"damage":26,"enemies":"Awakened One","floor":50,"turns":6}],"seed_played":"-3135375240175000021","potions_obtained":[{"floor":1,"key":"Regen Potion"},{"floor":8,"key":"Ancient Potion"},{"floor":10,"key":"PowerPotion"},{"floor":11,"key":"Fire Potion"},{"floor":14,"key":"Fruit Juice"},{"floor":21,"key":"FearPotion"},{"floor":25,"key":"PowerPotion"},{"floor":29,"key":"Regen Potion"},{"floor":41,"key":"Regen Potion"},{"floor":44,"key":"GamblersBrew"}],"is_trial":false,"path_per_floor":["M","M","$","?","?","R","E","M","T","M","E","M","R","M","R","B",null,"M","?","$","M","?","E","R","E","T","?","?","M","$","M","R","B",null,"M","M","$","M","?","R","M","R","T","?","?","?","M","?","R","B"],"character_chosen":"DEFECT","items_purchased":["Gash","Gremlin Horn","Coolheaded","EssenceOfSteel","FairyPotion"],"campfire_rested":2,"item_purchase_floors":[20,30,30,30,30],"current_hp_per_floor":[72,71,71,71,71,71,53,53,53,53,53,53,53,52,52,53,80,80,65,65,65,65,56,56,33,33,33,25,10,10,24,48,20,80,55,54,54,49,49,49,43,43,43,43,33,33,30,30,54,30],"gold":131,"neow_bonus":"TRANSFORM_CARD","is_prod":false,"is_daily":false,"chose_seed":false,"campfire_upgraded":6,"win_rate":0,"timestamp":1535506873,"path_taken":["M","M","$","?","?","R","E","M","T","M","E","M","R","M","R","BOSS","M","?","$","M","?","E","R","E","T","?","?","M","$","M","R","BOSS","M","M","$","M","?","R","M","R","T","?","?","?","M","?","R","BOSS"],"build_version":"2018-08-23v2","purchased_purges":4,"victory":true,"max_hp_per_floor":[75,75,75,75,75,75,75,75,75,75,75,75,75,75,75,80,80,80,80,80,80,80,80,80,80,80,80,80,80,80,80,80,80,80,80,80,80,80,80,80,80,80,80,80,80,80,80,80,80,80],"card_choices":[{"not_picked":["White Noise","Rebound"],"picked":"Hologram","floor":1},{"not_picked":["Sunder","Leap"],"picked":"Reinforced Body","floor":2},{"not_picked":["Turbo","Biased Cognition","Glacier"],"picked":"SKIP","floor":7},{"not_picked":["Streamline","Blizzard","Leap"],"picked":"SKIP","floor":8},{"not_picked":["Streamline","Rebound","BootSequence"],"picked":"SKIP","floor":10},{"not_picked":["Genetic Algorithm","FTL","Static Discharge"],"picked":"SKIP","floor":11},{"not_picked":["Darkness","Melter"],"picked":"Redo","floor":12},{"not_picked":["Cold Snap","Gash","Sweeping Beam"],"picked":"SKIP","floor":14},{"not_picked":["Buffer","Core Surge"],"picked":"All For One","floor":16},{"not_picked":["Leap","Cold Snap"],"picked":"Coolheaded+1","floor":18},{"not_picked":["Redo","Go for the Eyes"],"picked":"Double Energy","floor":19},{"not_picked":["Sunder","Sweeping Beam+1","Ball Lightning"],"picked":"SKIP","floor":21},{"not_picked":["Stack","Leap","Hologram+1"],"picked":"SKIP","floor":23},{"not_picked":["Biased Cognition","Lockon+1"],"picked":"Loop","floor":25},{"not_picked":["Glacier","Chaos"],"picked":"Redo","floor":29},{"not_picked":["Ball Lightning","Barrage","Streamline"],"picked":"SKIP","floor":31},{"not_picked":["Hyperbeam","Thunder Strike"],"picked":"Meteor Strike","floor":33},{"not_picked":["Rebound","Beam Cell+1","Turbo+1"],"picked":"SKIP","floor":35},{"not_picked":["Fusion+1","Rebound+1"],"picked":"Streamline","floor":36},{"not_picked":["Stack+1","Hologram+1","Redo"],"picked":"SKIP","floor":38},{"not_picked":["Stack","Reprogram+1"],"picked":"Gash","floor":41},{"not_picked":["Trip","Swift Strike"],"picked":"Impatience","floor":46},{"not_picked":["Melter","Steam Power+1","Core Surge"],"picked":"SKIP","floor":47}],"player_experience":364170,"relics_obtained":[{"floor":7,"key":"War Paint"},{"floor":9,"key":"Juzu Bracelet"},{"floor":11,"key":"Art of War"},{"floor":19,"key":"Red Mask"},{"floor":23,"key":"Ornamental Fan"},{"floor":25,"key":"Old Coin"},{"floor":26,"key":"Blood Vial"},{"floor":43,"key":"Tiny Chest"}],"event_choices":[{"event_name":"Upgrade Shrine","player_choice":"Upgraded","floor":4,"damage_taken":0},{"event_name":"Accursed Blacksmith","player_choice":"Forge","floor":5,"damage_taken":0},{"event_name":"Masked Bandits","player_choice":"Fought Bandits","floor":19,"damage_taken":0},{"event_name":"The Library","player_choice":"Read","floor":22,"damage_taken":0},{"event_name":"The Mausoleum","player_choice":"Yes","floor":27,"damage_taken":0},{"event_name":"Wheel of Change","player_choice":"Damage","floor":28,"damage_taken":0},{"event_name":"Falling","player_choice":"Removed Power","floor":39,"damage_taken":0},{"event_name":"The Lab","player_choice":"Got Potions","floor":44,"damage_taken":0},{"event_name":"Winding Halls","player_choice":"Embrace Madness","floor":45,"damage_taken":0},{"event_name":"SensoryStone","player_choice":"Memory 1","floor":46,"damage_taken":0},{"event_name":"Mysterious Sphere","player_choice":"Ignore","floor":48,"damage_taken":0}],"is_beta":false,"boss_relics":[{"not_picked":["Eternal Feather","Fusion Hammer"],"picked":"Runic Pyramid"},{"not_picked":["FrozenCore","Calling Bell"],"picked":"Inserter"}],"items_purged_floors":[3,20,30,37],"is_endless":false,"potions_floor_spawned":[1,8,10,11,14,21,25,29,41],"ascension_level":0}