{"gold_per_floor":[118,20,20,20,33,33,53,86,386,386,401,257,269,297,297,402,402,421,440,450,9,24,24,55,55,137,166,166,180,200,43,43,139,139,149,160,209,209,220,49,49,74,74,91,91,91,91,103,103,103,103,103,3,29,29],"floor_reached":55,"playtime":6246,"items_purged":["Strike_B","Regret"],"score":886,"play_id":"99558b42-0ece-4f1c-ab60-bac20aac5f8f","local_time":"20190122205314","is_ascension_mode":true,"campfire_choices":[{"data":"Stack","floor":6.0,"key":"SMITH"},{"floor":10.0,"key":"REST"},{"floor":15.0,"key":"REST"},{"floor":23.0,"key":"REST"},{"floor":25.0,"key":"REST"},{"floor":32.0,"key":"REST"},{"floor":45.0,"key":"RECALL"},{"data":"Strike_B","floor":47.0,"key":"PURGE"},{"data":"Strike_B","floor":49.0,"key":"PURGE"},{"data":"Strike_B","floor":52.0,"key":"PURGE"}],"neow_cost":"NONE","seed_source_timestamp":0,"circlet_count":0,"master_deck":["Defend_B","Defend_B","Defend_B+1","Defend_B+1","Zap","Dualcast","Go for the Eyes+1","Stack+1","Go for the Eyes","Cold Snap","Go for the Eyes","Amplify","Leap","Creative AI+1","Aggregate","Go for the Eyes+1","The Bomb","Leap","Leap","Creative AI+1","Auto Shields+1","Stack","Go for the Eyes+1","Stack","Defragment+1","Capacitor+1","Lockon+1","Conserve Battery+1"],"special_seed":0,"relics":["Cracked Core","FossilizedHelix","Old Coin","Bronze Scales","Frozen Egg 2","Velvet Choker","Singing Bowl","Bottled Lightning","Peace Pipe","Oddly Smooth Stone","Cursed Key","Prayer Wheel","Mercury Hourglass","Bottled Tornado","Lantern"],"potions_floor_usage":[55,55],"damage_taken":[{"damage":1.0,"enemies":"Cultist","floor":1.0,"turns":3.0},{"damage":3.0,"enemies":"2 Louse","floor":5.0,"turns":2.0},{"damage":1.0,"enemies":"Jaw Worm","floor":7.0,"turns":4.0},{"damage":28.0,"enemies":"Gremlin Nob","floor":8.0,"turns":6.0},{"damage":0.0,"enemies":"Blue Slaver","floor":11.0,"turns":3.0},{"damage":0.0,"enemies":"Lots of Slimes","floor":13.0,"turns":4.0},{"damage":23.0,"enemies":"Lagavulin","floor":14.0,"turns":9.0},{"damage":9.0,"enemies":"Hexaghost","floor":16.0,"turns":9.0},{"damage":10.0,"enemies":"3 Byrds","floor":18.0,"turns":4.0},{"damage":16.0,"enemies":"Spheric Guardian","floor":19.0,"turns":5.0},{"damage":15.0,"enemies":"Cultist and Chosen","floor":20.0,"turns":9.0},{"damage":4.0,"enemies":"Centurion and Healer","floor":22.0,"turns":9.0},{"damage":12.0,"enemies":"Gremlin Leader","floor":24.0,"turns":5.0},{"damage":36.0,"enemies":"Book of Stabbing","floor":27.0,"turns":7.0},{"damage":15.0,"enemies":"Snake Plant","floor":29.0,"turns":4.0},{"damage":7.0,"enemies":"Snecko","floor":30.0,"turns":9.0},{"damage":0.0,"enemies":"Champ","floor":33.0,"turns":14.0},{"damage":23.0,"enemies":"3 Darklings","floor":35.0,"turns":5.0},{"damage":0.0,"enemies":"Orb Walker","floor":36.0,"turns":6.0},{"damage":37.0,"enemies":"2 Orb Walkers","floor":37.0,"turns":5.0},{"damage":24.0,"enemies":"Jaw Worm Horde","floor":39.0,"turns":7.0},{"damage":0.0,"enemies":"Nemesis","floor":42.0,"turns":11.0},{"damage":0.0,"enemies":"Sphere and 2 Shapes","floor":44.0,"turns":4.0},{"damage":1.0,"enemies":"Transient","floor":48.0,"turns":5.0},{"damage":7.0,"enemies":"Time Eater","floor":50.0,"turns":11.0},{"damage":32.0,"enemies":"Shield and Spear","floor":54.0,"turns":10.0},{"damage":88,"enemies":"The Heart","floor":55,"turns":3}],"seed_played":"-4247008708013574749","potions_obtained":[{"floor":1.0,"key":"Energy Potion"},{"floor":5.0,"key":"LiquidBronze"},{"floor":14.0,"key":"SteroidPotion"},{"floor":16.0,"key":"LiquidBronze"},{"floor":18.0,"key":"SkillPotion"},{"floor":19.0,"key":"Fire Potion"},{"floor":29.0,"key":"Block Potion"},{"floor":35.0,"key":"SkillPotion"},{"floor":37.0,"key":"EssenceOfSteel"},{"floor":48.0,"key":"Block Potion"},{"floor":54.0,"key":"LiquidBronze"}],"is_trial":false,"path_per_floor":["M","$","?","?","M","R","M","E","T","R","M","$","M","E","R","B",null,"M","M","M","$","M","R","E","R","T","E","?","M","M","$","R","B",null,"M","M","?","?","M","$","?","E","T","M","R","?","R","M","R","B",null,"R","$","E","B"],"character_chosen":"DEFECT","items_purchased":["Stack","Go for the Eyes","Bronze Scales","Singing Bowl","The Bomb","Oddly Smooth Stone","Stack","Defragment+1"],"campfire_rested":5,"item_purchase_floors":[2,2,12,21,21,31,40,40],"current_hp_per_floor":[81,81,81,65,62,62,61,33,33,57,57,57,57,34,58,49,82,72,56,41,41,39,64,54,79,79,43,43,28,23,23,49,49,88,65,65,28,28,8,8,80,80,80,82,82,81,81,82,82,75,88,88,88,58,0],"gold":29,"neow_bonus":"TEN_PERCENT_HP_BONUS","is_prod":false,"is_daily":false,"chose_seed":false,"campfire_upgraded":1,"win_rate":0,"timestamp":1548208394,"path_taken":["M","?","?","?","M","R","?","E","T","R","?","$","M","E","R","BOSS","M","M","?","$","M","R","E","R","T","E","?","?","M","?","R","BOSS","M","M","?","?","M","$","?","E","T","?","R","?","R","M","R","BOSS","R","$","E","BOSS"],"build_version":"2019-01-17v2","purchased_purges":2,"victory":false,"max_hp_per_floor":[82,82,82,82,82,82,82,82,82,82,82,82,82,82,82,82,82,82,82,82,82,84,84,86,86,86,86,86,86,88,88,88,88,88,88,88,88,88,92,92,80,80,80,82,82,86,86,88,88,88,88,88,88,90,90],"card_choices":[{"not_picked":["Scrape","Ball Lightning"],"picked":"Go for the Eyes","floor":1.0},{"not_picked":["Streamline","Coolheaded"],"picked":"Cold Snap","floor":5.0},{"not_picked":["Cold Snap","Steam"],"picked":"Go for the Eyes","floor":7.0},{"not_picked":["Sweeping Beam","Barrage"],"picked":"Amplify","floor":8.0},{"not_picked":["Coolheaded","Recycle","Compile Driver"],"picked":"SKIP","floor":11.0},{"not_picked":["Streamline","Barrage"],"picked":"Leap","floor":13.0},{"not_picked":["Chaos","Coolheaded"],"picked":"Creative AI","floor":14.0},{"not_picked":["Rebound","Streamline+1","Cold Snap"],"picked":"SKIP","floor":18.0},{"not_picked":["Turbo","Streamline"],"picked":"Aggregate","floor":19.0},{"not_picked":["Rainbow","Redo"],"picked":"Go for the Eyes+1","floor":20.0},{"not_picked":["Chill+1","Lockon","Self Repair+1"],"picked":"Singing Bowl","floor":22.0},{"not_picked":["Recycle","Reprogram","Steam"],"picked":"Singing Bowl","floor":24.0},{"not_picked":["Cold Snap","Fission"],"picked":"Leap","floor":27.0},{"not_picked":["Compile Driver+1","Blizzard"],"picked":"Leap","floor":29.0},{"not_picked":["Redo","Cold Snap+1","Turbo"],"picked":"Singing Bowl","floor":30.0},{"not_picked":["Hyperbeam","Core Surge"],"picked":"Creative AI+1","floor":33.0},{"not_picked":["Consume","Streamline+1"],"picked":"Auto Shields+1","floor":35.0},{"not_picked":["Capacitor+1","Turbo+1"],"picked":"Stack","floor":36.0},{"not_picked":["Gash","Scrape+1"],"picked":"Go for the Eyes+1","floor":37.0},{"not_picked":["Coolheaded","Reprogram","Capacitor+1"],"picked":"Singing Bowl","floor":39.0},{"not_picked":["Redo+1","Capacitor+1","Storm+1"],"picked":"Singing Bowl","floor":39.0},{"not_picked":["Doom and Gloom","Compile Driver"],"picked":"Capacitor+1","floor":42.0},{"not_picked":["Aggregate","Core Surge","Redo+1"],"picked":"Singing Bowl","floor":44.0},{"not_picked":["Cold Snap+1","Static Discharge+1"],"picked":"Lockon+1","floor":44.0},{"not_picked":["Blind","Trip","Deep Breath"],"picked":"Singing Bowl","floor":46.0},{"not_picked":["Good Instincts","Bandage Up","Forethought"],"picked":"Singing Bowl","floor":46.0},{"not_picked":["Doom and Gloom+1","Redo","White Noise"],"picked":"Singing Bowl","floor":48.0},{"not_picked":["Loop+1","Leap"],"picked":"Conserve Battery+1","floor":48.0},{"not_picked":["Chaos+1","Cold Snap+1","Doom and Gloom"],"picked":"Singing Bowl","floor":54.0}],"player_experience":133363,"relics_obtained":[{"floor":8.0,"key":"FossilizedHelix"},{"floor":9.0,"key":"Old Coin"},{"floor":14.0,"key":"Frozen Egg 2"},{"floor":24.0,"key":"Bottled Lightning"},{"floor":27.0,"key":"Peace Pipe"},{"floor":37.0,"key":"Prayer Wheel"},{"floor":42.0,"key":"Mercury Hourglass"},{"floor":43.0,"key":"Bottled Tornado"},{"floor":54.0,"key":"Lantern"}],"event_choices":[{"damage_healed":0.0,"max_hp_gain":0.0,"max_hp_loss":0.0,"gold_gain":0.0,"event_name":"The Cleric","player_choice":"Leave","floor":3.0,"gold_loss":0.0,"damage_taken":0.0},{"damage_healed":0.0,"max_hp_gain":0.0,"max_hp_loss":0.0,"gold_gain":0.0,"event_name":"Shining Light","player_choice":"Entered Light","floor":4.0,"gold_loss":0.0,"damage_taken":16.0,"cards_upgraded":["Defend_B","Defend_B"]},{"damage_healed":0.0,"max_hp_gain":0.0,"max_hp_loss":0.0,"gold_gain":0.0,"event_name":"Upgrade Shrine","player_choice":"Upgraded","floor":28.0,"gold_loss":0.0,"damage_taken":0.0,"cards_upgraded":["Go for the Eyes"]},{"damage_healed":0.0,"max_hp_gain":0.0,"max_hp_loss":0.0,"gold_gain":0.0,"event_name":"Mysterious Sphere","player_choice":"Fight","floor":37.0,"gold_loss":0.0,"damage_taken":0.0},{"damage_healed":0.0,"max_hp_gain":0.0,"max_hp_loss":0.0,"gold_gain":0.0,"event_name":"Tomb of Lord Red Mask","player_choice":"Ignored","floor":38.0,"gold_loss":0.0,"damage_taken":0.0},{"damage_healed":80.0,"max_hp_gain":0.0,"max_hp_loss":12.0,"gold_gain":0.0,"event_name":"The Moai Head","player_choice":"Heal","floor":41.0,"gold_loss":0.0,"damage_taken":0.0},{"damage_healed":0.0,"max_hp_gain":0.0,"max_hp_loss":0.0,"gold_gain":0.0,"event_name":"SensoryStone","player_choice":"Memory 2","floor":46.0,"gold_loss":0.0,"damage_taken":5.0}],"is_beta":false,"boss_relics":[{"not_picked":["Lizard Tail","Empty Cage"],"picked":"Velvet Choker"},{"not_picked":["Coffee Dripper","Pandora\u0027s Box"],"picked":"Cursed Key"}],"items_purged_floors":[40,53],"is_endless":false,"potions_floor_spawned":[1,5,14,16,18,19,29,33,35,37,48,54],"killed_by":"The Heart","ascension_level":1}