{"gold_per_floor":[113,129,149,168,0,28,28,54,54,54,71,71,97,116,116,221,221,232,242,144,157,169,169,198,123,173,173,191,191,208,226,226,324,324,343,358,358,358,74,101,101,115,115,115,140,155,47,59,59,59],"floor_reached":50,"playtime":5915,"items_purged":[],"score":571,"play_id":"44993bb5-4bf4-4f25-a976-bf47d3ae1efd","local_time":"20190409195424","is_ascension_mode":false,"campfire_choices":[{"floor":10,"key":"REST"},{"floor":12,"key":"REST"},{"data":"Bash","floor":15,"key":"SMITH"},{"data":"Limit Break","floor":23,"key":"SMITH"},{"data":"Reaper","floor":27,"key":"SMITH"},{"floor":29,"key":"REST"},{"floor":32,"key":"REST"},{"floor":41,"key":"REST"},{"data":"Inflame","floor":49,"key":"SMITH"}],"neow_cost":"NONE","seed_source_timestamp":812989792700,"circlet_count":0,"master_deck":["Strike_R+1","Strike_R","Strike_R","Strike_R+1","Strike_R","Defend_R","Defend_R","Defend_R","Defend_R","Bash+1","Reaper+1","Clothesline","Power Through","Disarm","Sever Soul","Anger","Good Instincts","Spot Weakness","Impervious","Reckless Charge","Cleave","Limit Break+1","Carnage+1","Flex","Swift Strike","Anger","Inflame+1","Immolate","Flex+1","Infernal Blade","Dropkick","Bludgeon","Battle Trance","Inflame","Offering","Heavy Blade","Clash+1","Armaments+1","Sentinel+1","Blood for Blood","Ghostly Armor","Clothesline+1"],"relics":["Burning Blood","Red Skull","Ginger","Unceasing Top","Incense Burner","White Beast Statue","Bottled Tornado","PreservedInsect","Velvet Choker","Vajra","Sundial","Lantern"],"potions_floor_usage":[4,13,13,19,19,19,21,22,24,30,33,33,33,36,36,40,42,42,45,48,50,50],"damage_taken":[{"damage":2,"enemies":"2 Louse","floor":1,"turns":3},{"damage":6,"enemies":"Jaw Worm","floor":2,"turns":3},{"damage":1,"enemies":"Cultist","floor":3,"turns":4},{"damage":18,"enemies":"Exordium Thugs","floor":4,"turns":6},{"damage":29,"enemies":"Lagavulin","floor":6,"turns":10},{"damage":20,"enemies":"Gremlin Nob","floor":8,"turns":4},{"damage":3,"enemies":"Looter","floor":11,"turns":4},{"damage":22,"enemies":"3 Sentries","floor":13,"turns":8},{"damage":5,"enemies":"Red Slaver","floor":14,"turns":4},{"damage":29,"enemies":"The Guardian","floor":16,"turns":12},{"damage":0,"enemies":"Chosen","floor":18,"turns":5},{"damage":13,"enemies":"Shell Parasite","floor":19,"turns":6},{"damage":28,"enemies":"3 Cultists","floor":21,"turns":6},{"damage":10,"enemies":"Snecko","floor":22,"turns":5},{"damage":43,"enemies":"Slavers","floor":24,"turns":7},{"damage":23,"enemies":"Shelled Parasite and Fungi","floor":28,"turns":8},{"damage":37,"enemies":"3 Cultists","floor":30,"turns":6},{"damage":13,"enemies":"Cultist and Chosen","floor":31,"turns":6},{"damage":27,"enemies":"Collector","floor":33,"turns":11},{"damage":1,"enemies":"Orb Walker","floor":35,"turns":3},{"damage":44,"enemies":"3 Darklings","floor":36,"turns":4},{"damage":54,"enemies":"Giant Head","floor":40,"turns":8},{"damage":5,"enemies":"Spire Growth","floor":42,"turns":4},{"damage":40,"enemies":"Nemesis","floor":45,"turns":5},{"damage":10,"enemies":"Sphere and 2 Shapes","floor":46,"turns":3},{"damage":0,"enemies":"Transient","floor":48,"turns":5},{"damage":97,"enemies":"Donu and Deca","floor":50,"turns":8}],"seed_played":"6029282630043121061","potions_obtained":[{"floor":2,"key":"SpeedPotion"},{"floor":4,"key":"GamblersBrew"},{"floor":6,"key":"GamblersBrew"},{"floor":8,"key":"SpeedPotion"},{"floor":16,"key":"BloodPotion"},{"floor":18,"key":"Dexterity Potion"},{"floor":19,"key":"FearPotion"},{"floor":21,"key":"Regen Potion"},{"floor":22,"key":"Block Potion"},{"floor":24,"key":"Swift Potion"},{"floor":28,"key":"EssenceOfSteel"},{"floor":30,"key":"SteroidPotion"},{"floor":31,"key":"LiquidBronze"},{"floor":33,"key":"Regen Potion"},{"floor":35,"key":"SpeedPotion"},{"floor":36,"key":"Energy Potion"},{"floor":40,"key":"Block Potion"},{"floor":42,"key":"AttackPotion"},{"floor":45,"key":"Ancient Potion"},{"floor":46,"key":"Poison Potion"},{"floor":48,"key":"Dexterity Potion"}],"is_trial":false,"path_per_floor":["M","M","M","M","$","E","?","E","T","R","M","R","E","M","R","B",null,"M","M","$","M","M","R","E","?","T","R","M","R","M","M","R","B",null,"M","M","?","?","$","E","R","M","T","$","E","M","$","M","R","B"],"character_chosen":"IRONCLAD","items_purchased":["Rupture","Anger","Good Instincts","Swift Strike","Inflame","Offering","Block Potion","Blood for Blood","Ghostly Armor"],"campfire_rested":5,"item_purchase_floors":[5,5,5,20,39,39,39,47,47],"current_hp_per_floor":[80,80,80,68,68,49,33,34,34,58,65,80,68,69,69,46,80,80,80,80,58,75,75,64,64,64,64,47,71,49,62,80,59,80,80,80,80,80,80,45,69,70,70,70,46,62,62,79,79,0],"gold":59,"neow_bonus":"ONE_RANDOM_RARE_CARD","is_prod":false,"is_daily":false,"chose_seed":false,"campfire_upgraded":4,"win_rate":0.0,"timestamp":1554832464,"path_taken":["M","M","M","M","$","E","?","E","T","R","M","R","E","M","R","BOSS","M","M","$","M","M","R","E","?","T","R","M","R","M","M","R","BOSS","M","M","?","?","$","E","R","M","T","$","E","?","$","M","R","BOSS"],"build_version":"2019-01-23","purchased_purges":0,"victory":false,"max_hp_per_floor":[80,80,80,80,80,80,80,80,80,80,80,80,80,80,80,80,80,80,80,80,80,80,80,80,80,80,80,80,80,80,80,80,80,80,80,80,80,80,80,80,80,80,80,80,80,80,80,80,80,80],"card_choices":[{"not_picked":["Shrug It Off","Sword Boomerang"],"picked":"Clothesline","floor":1},{"not_picked":["Second Wind","Twin Strike"],"picked":"Power Through","floor":2},{"not_picked":["Body Slam","Sever Soul"],"picked":"Disarm","floor":3},{"not_picked":["Shrug It Off","Armaments"],"picked":"Sever Soul","floor":4},{"not_picked":["Armaments","Dropkick"],"picked":"Spot Weakness","floor":6},{"not_picked":["Twin Strike","Armaments"],"picked":"Impervious","floor":8},{"not_picked":["Havoc","Power Through"],"picked":"Metallicize","floor":11},{"not_picked":["Shrug It Off","Perfected Strike"],"picked":"Reckless Charge","floor":13},{"not_picked":["True Grit","Heavy Blade"],"picked":"Cleave","floor":14},{"not_picked":["Dark Embrace","Exhume"],"picked":"Limit Break","floor":16},{"not_picked":["Wild Strike","Rage"],"picked":"Carnage+1","floor":18},{"not_picked":["Havoc","Sever Soul"],"picked":"Flex","floor":19},{"not_picked":["Clash","Clothesline"],"picked":"Anger","floor":21},{"not_picked":["Sever Soul","Anger"],"picked":"Inflame","floor":22},{"not_picked":["Havoc+1","Body Slam"],"picked":"Immolate","floor":24},{"not_picked":["Perfected Strike","Pummel+1"],"picked":"Flex+1","floor":28},{"not_picked":["Pommel Strike","Dropkick"],"picked":"Infernal Blade","floor":30},{"not_picked":["Second Wind","Anger"],"picked":"Dropkick","floor":31},{"not_picked":["Feed","Immolate"],"picked":"Bludgeon","floor":33},{"not_picked":["Intimidate+1","Reckless Charge"],"picked":"Battle Trance","floor":35},{"not_picked":["Reckless Charge","Rupture","Pummel"],"picked":"SKIP","floor":36},{"not_picked":["Havoc","Twin Strike"],"picked":"Heavy Blade","floor":40},{"not_picked":["Warcry","Cleave"],"picked":"Clash+1","floor":42},{"not_picked":["Battle Trance+1","Sword Boomerang+1"],"picked":"Armaments+1","floor":45},{"not_picked":["Rupture","Body Slam"],"picked":"Sentinel+1","floor":46},{"not_picked":["Twin Strike","Dropkick"],"picked":"Clothesline+1","floor":48}],"player_experience":49152,"relics_obtained":[{"floor":6,"key":"Red Skull"},{"floor":8,"key":"Ginger"},{"floor":9,"key":"Unceasing Top"},{"floor":13,"key":"Incense Burner"},{"floor":24,"key":"Bottled Tornado"},{"floor":26,"key":"PreservedInsect"},{"floor":40,"key":"Vajra"},{"floor":43,"key":"Sundial"},{"floor":45,"key":"Lantern"}],"event_choices":[{"damage_healed":0,"gold_gain":0,"player_choice":"Entered Light","damage_taken":16,"max_hp_gain":0,"max_hp_loss":0,"event_name":"Shining Light","floor":7,"gold_loss":0,"cards_upgraded":["Strike_R","Strike_R"]},{"cards_removed":["Rupture"],"damage_healed":0,"gold_gain":0,"player_choice":"Gave Gold","damage_taken":0,"max_hp_gain":0,"max_hp_loss":0,"event_name":"Beggar","floor":25,"gold_loss":75},{"cards_removed":["Metallicize"],"damage_healed":0,"gold_gain":0,"player_choice":"Removed Power","damage_taken":0,"max_hp_gain":0,"max_hp_loss":0,"event_name":"Falling","floor":37,"gold_loss":0},{"damage_healed":0,"gold_gain":0,"player_choice":"Ignored","damage_taken":0,"max_hp_gain":0,"max_hp_loss":0,"event_name":"Transmorgrifier","floor":38,"gold_loss":0}],"is_beta":false,"boss_relics":[{"not_picked":["Empty Cage","Ectoplasm"],"picked":"White Beast Statue"},{"not_picked":["Busted Crown","Coffee Dripper"],"picked":"Velvet Choker"}],"items_purged_floors":[],"is_endless":false,"potions_floor_spawned":[2,4,6,8,11,16,18,19,21,22,24,28,30,31,33,35,36,40,42,45,46,48],"killed_by":"Donu and Deca","ascension_level":0}