{"gold_per_floor":[109,109,109,129,54,54,68,84,84,96,96,153,153,169,169,274,274,293,293,312,332,27,27,27,45,71,71,98,98,115,132,132,132],"floor_reached":33,"playtime":1652,"items_purged":["Strike_B","Defend_B"],"score":285,"play_id":"9ca5f32c-62b2-453d-aeff-f090ab304f06","local_time":"20180722224759","is_ascension_mode":true,"campfire_choices":[{"data":"Chaos","floor":6.0,"key":"SMITH"},{"data":"Zap","floor":11.0,"key":"SMITH"},{"data":"Dualcast","floor":13.0,"key":"SMITH"},{"floor":15.0,"key":"REST"},{"data":"Coolheaded","floor":23.0,"key":"SMITH"},{"floor":32,"key":"REST"}],"neow_cost":"","seed_source_timestamp":0,"circlet_count":0,"master_deck":["Strike_B","Strike_B","Defend_B","Defend_B","Zap+1","Dualcast+1","Chaos+1","FTL","Leap","Rainbow","Coolheaded+1","Glacier","Electrodynamics","Tempest","Loop+1"],"special_seed":0,"relics":["Cracked Core","Regal Pillow","Kunai","Nuclear Battery","Lee\u0027s Waffle","Anchor","Prayer Wheel","Shuriken"],"potions_floor_usage":[25],"damage_taken":[{"damage":0.0,"enemies":"Small Slimes","floor":1.0,"turns":2.0},{"damage":7.0,"enemies":"Jaw Worm","floor":4.0,"turns":3.0},{"damage":0.0,"enemies":"Cultist","floor":7.0,"turns":2.0},{"damage":1.0,"enemies":"2 Fungi Beasts","floor":8.0,"turns":2.0},{"damage":4.0,"enemies":"Red Slaver","floor":10.0,"turns":3.0},{"damage":3.0,"enemies":"Lagavulin Event","floor":12.0,"turns":5.0},{"damage":16.0,"enemies":"Gremlin Gang","floor":14.0,"turns":4.0},{"damage":37.0,"enemies":"Hexaghost","floor":16.0,"turns":9.0},{"damage":29.0,"enemies":"3 Byrds","floor":18.0,"turns":5.0},{"damage":13.0,"enemies":"Shell Parasite","floor":20.0,"turns":7.0},{"damage":31.0,"enemies":"Chosen and Byrds","floor":21.0,"turns":7.0},{"damage":0,"enemies":"Centurion and Healer","floor":25,"turns":4},{"damage":18,"enemies":"Slavers","floor":28,"turns":3},{"damage":1,"enemies":"Snake Plant","floor":30,"turns":4},{"damage":15,"enemies":"Sentry and Sphere","floor":31,"turns":4},{"damage":73,"enemies":"Automaton","floor":33,"turns":10}],"seed_played":"-8932140814402946319","potions_obtained":[{"floor":1.0,"key":"Regen Potion"},{"floor":8.0,"key":"SteroidPotion"},{"floor":10.0,"key":"FearPotion"},{"floor":20.0,"key":"SneckoOil"},{"floor":21.0,"key":"AttackPotion"},{"floor":28,"key":"FearPotion"},{"floor":31,"key":"Explosive Potion"}],"is_trial":false,"path_per_floor":["M","?","?","M","$","R","M","M","T","M","R","?","R","M","R","B",null,"M","?","M","M","$","R","?","M","T","$","E","?","M","M","R"],"character_chosen":"DEFECT","items_purchased":["Lee\u0027s Waffle"],"campfire_rested":2,"item_purchase_floors":[22],"current_hp_per_floor":[75,68,68,61,61,61,61,60,60,56,56,65,65,49,75,38,75,46,46,33,2,82,82,66,66,66,66,48,48,47,32,73,0],"gold":132,"neow_bonus":"","is_prod":false,"is_daily":false,"chose_seed":false,"campfire_upgraded":4,"win_rate":0,"timestamp":1532292479,"path_taken":["M","?","?","M","$","R","M","M","T","M","R","?","R","M","R","BOSS","M","?","M","M","$","R","?","M","T","$","E","?","M","M","R","BOSS"],"build_version":"2018-07-19v2","purchased_purges":2,"victory":false,"max_hp_per_floor":[75,75,75,75,75,75,75,75,75,75,75,75,75,75,75,75,75,75,75,75,75,82,82,87,87,87,87,87,87,87,87,87,87],"card_choices":[{"not_picked":["Aggregate","Static Discharge"],"picked":"Chaos","floor":1.0},{"not_picked":["Go for the Eyes","Recycle","Cold Snap"],"picked":"SKIP","floor":4.0},{"not_picked":["Storm","Consume","Skim"],"picked":"SKIP","floor":7.0},{"not_picked":["Tempest","Double Energy","Cold Snap"],"picked":"SKIP","floor":8.0},{"not_picked":["Ball Lightning","Hologram"],"picked":"Leap","floor":10.0},{"not_picked":["Rebound","Rip and Tear","Hologram"],"picked":"SKIP","floor":14.0},{"not_picked":["Machine Learning","Buffer"],"picked":"Rainbow","floor":16.0},{"not_picked":["Scrape","Gash","Ball Lightning"],"picked":"SKIP","floor":18.0},{"not_picked":["Doom and Gloom","Compile Driver"],"picked":"Coolheaded","floor":20.0},{"not_picked":["Reprogram","Loop"],"picked":"Glacier","floor":21.0},{"not_picked":["Steam","Streamline"],"picked":"Electrodynamics","floor":25},{"not_picked":["Heatsinks+1","Leap","Stack"],"picked":"SKIP","floor":28},{"not_picked":["Sweeping Beam+1","Beam Cell"],"picked":"Tempest","floor":30},{"not_picked":["Defragment","Stack","Beam Cell"],"picked":"SKIP","floor":30},{"not_picked":["Sweeping Beam","Turbo+1"],"picked":"Loop+1","floor":31},{"not_picked":["Streamline","Leap+1","Hello World"],"picked":"SKIP","floor":31}],"player_experience":318132,"relics_obtained":[{"floor":9.0,"key":"Regal Pillow"},{"floor":26,"key":"Anchor"},{"floor":28,"key":"Prayer Wheel"}],"event_choices":[{"event_name":"Golden Wing","player_choice":"Card Removal","floor":2.0,"damage_taken":0.0},{"event_name":"Transmorgrifier","player_choice":"Transform","floor":3.0,"damage_taken":0.0},{"event_name":"Dead Adventurer","player_choice":"Searched \u00272\u0027 times","floor":12.0,"damage_taken":0.0},{"event_name":"Drug Dealer","player_choice":"Ignored","floor":19.0,"damage_taken":0.0},{"event_name":"Forgotten Altar","player_choice":"Shed Blood","floor":24.0,"damage_taken":0.0},{"event_name":"Wheel of Change","player_choice":"Relic","floor":29,"damage_taken":0}],"is_beta":false,"boss_relics":[{"not_picked":["Coffee Dripper","Black Star"],"picked":"Nuclear Battery"}],"items_purged_floors":[5,22],"is_endless":false,"potions_floor_spawned":[1,8,10,20,21,28,31],"killed_by":"Automaton","ascension_level":2}