{"path_per_floor":["M","M","$","?","?","R","M","M","T","M","R","M","M","M","R","B",null,"M","?","M","T","M","R","$","R","T","M","M","?","M","M","R"],"character_chosen":"IRONCLAD","items_purchased":["Burning Pact"],"gold_per_floor":[109,123,13,13,13,13,27,37,37,53,53,67,80,93,93,192,192,207,157,168,194,212,212,112,112,112,129,146,146,162,174,174,174],"floor_reached":33,"campfire_rested":1,"playtime":895,"item_purchase_floors":[3],"current_hp_per_floor":[79,79,79,79,76,76,69,69,69,69,69,69,60,57,57,38,85,72,72,72,72,64,64,64,64,64,58,39,39,39,12,37,0],"items_purged":["Strike_R","Strike_R"],"gold":174,"score":245,"play_id":"610975b4-a229-429d-8da4-2d8c461cff65","local_time":"20180530210731","is_prod":false,"is_daily":false,"chose_seed":false,"is_ascension_mode":false,"campfire_upgraded":5,"win_rate":0,"timestamp":1527685651,"campfire_choices":[{"data":"Rampage","floor":6,"key":"SMITH"},{"data":"Whirlwind","floor":11,"key":"SMITH"},{"data":"Burning Pact","floor":15,"key":"SMITH"},{"data":"Fiend Fire","floor":23,"key":"SMITH"},{"data":"Bash","floor":25,"key":"SMITH"},{"floor":32,"key":"REST"}],"path_taken":["M","?","$","?","?","R","M","M","T","M","R","M","?","M","R","BOSS","M","?","M","?","?","R","$","R","T","M","M","?","M","M","R","BOSS"],"build_version":"2018-05-24","seed_source_timestamp":218655428819282,"purchased_purges":2,"victory":false,"master_deck":["Strike_R","Strike_R","Defend_R","Defend_R","Defend_R","Defend_R","Bash+1","Whirlwind+1","Rampage+1","Burning Pact+1","Armaments","Fiend Fire+1","Doubt"],"max_hp_per_floor":[80,80,80,80,80,80,80,80,80,80,80,80,80,80,80,85,85,85,85,85,85,85,85,85,85,85,85,85,85,85,85,85,85],"relics":["Cursed Key","Mark of Pain"],"card_choices":[{"not_picked":["Clothesline","Havoc"],"picked":"Whirlwind","floor":1},{"not_picked":["Wild Strike","Dual Wield"],"picked":"Rampage","floor":2},{"not_picked":["Shrug It Off","Uppercut","Thunderclap"],"picked":"SKIP","floor":7},{"not_picked":["Combust","Heavy Blade","Intimidate"],"picked":"SKIP","floor":8},{"not_picked":["Inflame","Carnage","Impervious"],"picked":"SKIP","floor":10},{"not_picked":["Twin Strike","Anger","Metallicize"],"picked":"SKIP","floor":12},{"not_picked":["Wild Strike","Perfected Strike","Rupture"],"picked":"SKIP","floor":13},{"not_picked":["Corruption","Heavy Blade","Twin Strike"],"picked":"SKIP","floor":14},{"not_picked":["Brutality","Limit Break"],"picked":"Fiend Fire","floor":16},{"not_picked":["Havoc","Ghostly Armor+1","Reckless Charge"],"picked":"SKIP","floor":18},{"not_picked":["Heavy Blade","Pommel Strike+1","Inflame+1"],"picked":"SKIP","floor":20},{"not_picked":["True Grit","Clothesline+1","Havoc"],"picked":"SKIP","floor":22},{"not_picked":["Armaments","Iron Wave+1","Cleave"],"picked":"SKIP","floor":27},{"not_picked":["Reckless Charge","Pummel","Entrench"],"picked":"SKIP","floor":28},{"not_picked":["Thunderclap+1","Anger","Body Slam"],"picked":"SKIP","floor":30},{"not_picked":["Rampage","Reaper","Sword Boomerang"],"picked":"SKIP","floor":31}],"player_experience":201930,"potions_floor_usage":[16,16,16,16,18,18,31,33,33],"damage_taken":[{"damage":1,"enemies":"Cultist","floor":1,"turns":3},{"damage":0,"enemies":"2 Louse","floor":2,"turns":1},{"damage":7,"enemies":"Small Slimes","floor":7,"turns":3},{"damage":0,"enemies":"Looter","floor":8,"turns":3},{"damage":0,"enemies":"Lots of Slimes","floor":10,"turns":1},{"damage":0,"enemies":"Exordium Thugs","floor":12,"turns":2},{"damage":9,"enemies":"Blue Slaver","floor":13,"turns":3},{"damage":3,"enemies":"Red Slaver","floor":14,"turns":4},{"damage":24,"enemies":"Hexaghost","floor":16,"turns":8},{"damage":13,"enemies":"2 Thieves","floor":18,"turns":4},{"damage":0,"enemies":"3 Byrds","floor":20,"turns":3},{"damage":8,"enemies":"Snecko","floor":22,"turns":3},{"damage":6,"enemies":"Cultist and Chosen","floor":27,"turns":3},{"damage":19,"enemies":"3 Cultists","floor":28,"turns":5},{"damage":0,"enemies":"Snecko","floor":30,"turns":2},{"damage":27,"enemies":"Slaver and Parasite","floor":31,"turns":5},{"damage":52,"enemies":"Collector","floor":33,"turns":5}],"relics_obtained":[],"event_choices":[{"event_name":"Transmorgrifier","player_choice":"Transform","floor":4,"damage_taken":0},{"event_name":"Scrap Ooze","player_choice":"unsuccessful","floor":5,"damage_taken":3},{"event_name":"The Joust","player_choice":"Bet on Murderer","floor":19,"damage_taken":0},{"event_name":"Drug Dealer","player_choice":"Ignored","floor":29,"damage_taken":0}],"boss_relics":[{"not_picked":["Black Star","Runic Dome"],"picked":"Mark of Pain"}],"items_purged_floors":[3,24],"potions_floor_spawned":[1,7,13,14,28,30,31],"seed_played":"515438614509057914","killed_by":"Collector","ascension_level":0,"potions_obtained":[{"floor":1,"key":"Explosive Potion"},{"floor":7,"key":"Strength Potion"},{"floor":13,"key":"EntropicBrew"},{"floor":14,"key":"Fruit Juice"},{"floor":28,"key":"GamblersBrew"},{"floor":30,"key":"Fire Potion"},{"floor":31,"key":"BloodPotion"}],"is_trial":false}