{"gold_per_floor":[118,118,118,118,138,138,138,49,49,49,49,49,49,82,82,178,178,196,216,240,240,29,47,47,47,47,47,47,71,112,137,149,260,272,305,338,350,362,389,441,453,496,576,628,83,83,119,119,119,119,119,119,119,63,103,103],"floor_reached":56,"playtime":1852,"items_purged":["Steam Power"],"score":2154,"play_id":"e76aa5b0-dd10-42c3-91d7-8f36c503918d","local_time":"20190310030629","is_ascension_mode":true,"campfire_choices":[{"data":"Sunder","floor":6.0,"key":"SMITH"},{"data":"Consume","floor":12.0,"key":"SMITH"},{"data":"Zap","floor":15.0,"key":"SMITH"},{"data":"Turbo","floor":24.0,"key":"SMITH"},{"data":"Skim","floor":27.0,"key":"SMITH"},{"floor":32.0,"key":"REST"},{"floor":41.0,"key":"REST"},{"data":"Hologram","floor":46.0,"key":"SMITH"},{"floor":49.0,"key":"RECALL"},{"data":"Loop","floor":53.0,"key":"SMITH"}],"neow_cost":"NONE","seed_source_timestamp":0,"circlet_count":0,"master_deck":["AscendersBane","Zap+1","Dualcast","Consume+1","Sunder+1","Discovery+1","Electrodynamics","White Noise","Tempest","Loop+1","Skim+1","Turbo+1","Turbo","Hologram","Hologram+1","Beam Cell+1","Biased Cognition","Thunder Strike","Undo","Dark Shackles","Storm","Chill","Cold Snap","Scrape+1","Defragment","Coolheaded","Conserve Battery+1"],"special_seed":0,"relics":["Cracked Core","NeowsBlessing","Golden Idol","Strawberry","Pandora\u0027s Box","Medical Kit","Bottled Lightning","MawBank","Sozu","Mercury Hourglass","Nunchaku","Ice Cream","Dodecahedron","Juzu Bracelet","Bag of Preparation","Cables","Gambling Chip","Bottled Tornado"],"potions_floor_usage":[],"damage_taken":[{"damage":0.0,"enemies":"Cultist","floor":1.0,"turns":1.0},{"damage":0.0,"enemies":"2 Louse","floor":5.0,"turns":1.0},{"damage":0.0,"enemies":"Lagavulin","floor":14.0,"turns":1.0},{"damage":21.0,"enemies":"The Guardian","floor":16.0,"turns":12.0},{"damage":9.0,"enemies":"3 Byrds","floor":18.0,"turns":2.0},{"damage":0.0,"enemies":"Chosen","floor":19.0,"turns":3.0},{"damage":9.0,"enemies":"Snake Plant","floor":20.0,"turns":2.0},{"damage":21.0,"enemies":"Centurion and Healer","floor":23.0,"turns":3.0},{"damage":0.0,"enemies":"3 Cultists","floor":29.0,"turns":2.0},{"damage":0.0,"enemies":"Slavers","floor":30.0,"turns":1.0},{"damage":14.0,"enemies":"Snake Plant","floor":31.0,"turns":3.0},{"damage":14.0,"enemies":"Automaton","floor":33.0,"turns":10.0},{"damage":5.0,"enemies":"3 Darklings","floor":35.0,"turns":2.0},{"damage":6.0,"enemies":"3 Shapes","floor":36.0,"turns":3.0},{"damage":0.0,"enemies":"Jaw Worm Horde","floor":39.0,"turns":2.0},{"damage":23.0,"enemies":"Nemesis","floor":40.0,"turns":5.0},{"damage":0.0,"enemies":"Reptomancer","floor":42.0,"turns":3.0},{"damage":29.0,"enemies":"Giant Head","floor":44.0,"turns":5.0},{"damage":0.0,"enemies":"Reptomancer","floor":47.0,"turns":3.0},{"damage":3.0,"enemies":"Donu and Deca","floor":50.0,"turns":8.0},{"damage":14.0,"enemies":"Time Eater","floor":51.0,"turns":10.0},{"damage":50.0,"enemies":"Shield and Spear","floor":55.0,"turns":4.0},{"damage":8,"enemies":"The Heart","floor":56,"turns":2}],"seed_played":"-5459438831790487675","potions_obtained":[{"floor":1.0,"key":"Weak Potion"},{"floor":18.0,"key":"Block Potion"},{"floor":23.0,"key":"SteroidPotion"},{"floor":29.0,"key":"FearPotion"},{"floor":30.0,"key":"Explosive Potion"}],"is_trial":false,"path_per_floor":["M","$","?","?","M","R","?","$","T","?","$","R","$","E","R","B",null,"M","M","M","?","$","M","R","$","T","R","?","M","E","M","R","B",null,"M","M","?","T","M","E","R","E","T","E","$","R","E","?","R","B","B",null,"R","$","E","B"],"character_chosen":"DEFECT","items_purchased":["Discovery","Medical Kit","Bag of Preparation","Cold Snap","Cables","Coolheaded"],"campfire_rested":2,"item_purchase_floors":[8,22,45,45,45,54],"current_hp_per_floor":[64,64,43,19,19,19,19,19,19,19,19,19,19,26,26,5,60,51,51,42,42,42,21,21,21,21,21,21,21,21,7,30,16,63,58,52,52,52,52,29,52,52,52,23,23,23,23,23,23,20,6,60,60,60,10,2],"gold":103,"neow_bonus":"THREE_ENEMY_KILL","is_prod":false,"is_daily":false,"chose_seed":true,"campfire_upgraded":7,"win_rate":0,"timestamp":1552158389,"path_taken":["M","?","?","?","?","R","?","$","T","?","$","R","?","E","R","BOSS","M","?","M","?","$","M","R","$","T","R","?","M","E","?","R","BOSS","M","M","?","?","M","E","R","E","T","E","$","R","E","?","R","BOSS","BOSS","R","$","E","BOSS"],"build_version":"2019-01-23","purchased_purges":1,"victory":false,"max_hp_per_floor":[71,71,71,71,71,71,71,71,71,71,71,71,71,78,78,78,78,78,78,78,78,78,78,78,78,78,78,78,78,78,78,78,78,78,78,78,78,78,78,78,78,78,78,78,78,78,78,78,78,78,78,78,78,78,78,78],"card_choices":[{"not_picked":["Steam","Go for the Eyes"],"picked":"Consume","floor":1.0},{"not_picked":["Compile Driver","Turbo"],"picked":"Sunder","floor":5.0},{"not_picked":["Genetic Algorithm","Sunder","Amplify"],"picked":"SKIP","floor":14.0},{"not_picked":["Core Surge","Reboot"],"picked":"Electrodynamics","floor":16.0},{"not_picked":["Stack","Rebound"],"picked":"Hologram","floor":18.0},{"not_picked":["Doom and Gloom","Gash"],"picked":"Hologram","floor":19.0},{"not_picked":["Stack","Rebound","Gash"],"picked":"SKIP","floor":20.0},{"not_picked":["Hello World","Reinforced Body"],"picked":"Beam Cell+1","floor":23.0},{"not_picked":["Beam Cell","Reinforced Body"],"picked":"Biased Cognition","floor":29.0},{"not_picked":["Gash","Steam","Compile Driver"],"picked":"SKIP","floor":30.0},{"not_picked":["Cold Snap","Go for the Eyes","Stack"],"picked":"SKIP","floor":31.0},{"not_picked":["Rainbow","Buffer"],"picked":"Thunder Strike","floor":33.0},{"not_picked":["Consume+1","Beam Cell","Hologram"],"picked":"SKIP","floor":35.0},{"not_picked":["Compile Driver","FTL"],"picked":"Undo","floor":36.0},{"not_picked":["Swift Strike","Madness"],"picked":"Dark Shackles","floor":37.0},{"not_picked":["Leap","Cold Snap"],"picked":"Storm","floor":39.0},{"not_picked":["Streamline","FTL+1"],"picked":"Chill","floor":40.0},{"not_picked":["FTL","Sweeping Beam","Gash+1"],"picked":"SKIP","floor":42.0},{"not_picked":["Melter","Machine Learning","Streamline"],"picked":"SKIP","floor":44.0},{"not_picked":["Gash","Storm"],"picked":"Scrape+1","floor":47.0},{"not_picked":["Tempest","Consume"],"picked":"Conserve Battery+1","floor":55.0}],"player_experience":1177455,"relics_obtained":[{"floor":14.0,"key":"Strawberry"},{"floor":26.0,"key":"Bottled Lightning"},{"floor":30.0,"key":"MawBank"},{"floor":38.0,"key":"Mercury Hourglass"},{"floor":40.0,"key":"Nunchaku"},{"floor":42.0,"key":"Ice Cream"},{"floor":43.0,"key":"Dodecahedron"},{"floor":44.0,"key":"Juzu Bracelet"},{"floor":47.0,"key":"Gambling Chip"},{"floor":55.0,"key":"Bottled Tornado"}],"event_choices":[{"damage_healed":0.0,"max_hp_gain":0.0,"max_hp_loss":0.0,"gold_gain":0.0,"event_name":"Shining Light","player_choice":"Entered Light","floor":3.0,"gold_loss":0.0,"damage_taken":21.0,"cards_upgraded":["Defend_B","Defend_B"]},{"damage_healed":0.0,"max_hp_gain":0.0,"max_hp_loss":0.0,"gold_gain":0.0,"event_name":"Golden Idol","player_choice":"Take Damage","floor":4.0,"gold_loss":0.0,"damage_taken":24.0,"relics_obtained":["Golden Idol"]},{"damage_healed":0.0,"max_hp_gain":0.0,"max_hp_loss":0.0,"gold_gain":0.0,"event_name":"Dead Adventurer","player_choice":"Searched \u00270\u0027 times","floor":7.0,"gold_loss":0.0,"damage_taken":0.0},{"damage_healed":0.0,"max_hp_gain":0.0,"max_hp_loss":0.0,"gold_gain":0.0,"event_name":"Living Wall","player_choice":"Grow","floor":10.0,"gold_loss":0.0,"damage_taken":0.0,"cards_upgraded":["Discovery"]},{"damage_healed":0.0,"max_hp_gain":0.0,"max_hp_loss":0.0,"gold_gain":0.0,"event_name":"The Mausoleum","player_choice":"Ignored","floor":21.0,"gold_loss":0.0,"damage_taken":0.0},{"cards_removed":["Streamline"],"damage_healed":0.0,"max_hp_gain":0.0,"max_hp_loss":0.0,"gold_gain":0.0,"event_name":"Purifier","player_choice":"Purged","floor":28.0,"gold_loss":0.0,"damage_taken":0.0},{"damage_healed":0.0,"max_hp_gain":0.0,"max_hp_loss":0.0,"gold_gain":0.0,"event_name":"SensoryStone","player_choice":"Memory 1","floor":37.0,"gold_loss":0.0,"damage_taken":0.0},{"damage_healed":0.0,"max_hp_gain":0.0,"max_hp_loss":0.0,"gold_gain":0.0,"event_name":"Match and Keep!","player_choice":"1 cards matched","floor":48.0,"gold_loss":0.0,"damage_taken":0.0,"cards_obtained":["Defragment"]}],"is_beta":false,"boss_relics":[{"not_picked":["Runic Pyramid","Busted Crown"],"picked":"Pandora\u0027s Box"},{"not_picked":["Philosopher\u0027s Stone","Lizard Tail"],"picked":"Sozu"}],"items_purged_floors":[45],"is_endless":false,"potions_floor_spawned":[1,18,23,29,30,35,44,47,55],"killed_by":"The Heart","ascension_level":20}