{"gold_per_floor":[99,99,99,99,99,99,99,99,99,99,99,99,99,99,99,99,99,99,99,99,99,99,99,99,99,99,99,99,99,99,99,99,99],"floor_reached":33,"playtime":1767,"items_purged":[],"score":486,"play_id":"4c6a3a8d-9264-435e-952c-8f106dbf2d58","local_time":"20190402134239","is_ascension_mode":true,"campfire_choices":[{"data":"Dash","floor":6,"key":"SMITH"},{"data":"Neutralize","floor":8,"key":"SMITH"},{"floor":15,"key":"REST"},{"data":"Parasite","floor":23,"key":"PURGE"},{"data":"Catalyst","floor":25,"key":"SMITH"},{"data":"Cloak And Dagger","floor":27,"key":"SMITH"},{"floor":32,"key":"REST"}],"neow_cost":"NONE","seed_source_timestamp":1744626630793655,"circlet_count":0,"master_deck":["Defend_G","Defend_G","Defend_G","Defend_G","Survivor","Neutralize+1","Poisoned Stab+1","Dash+1","Poisoned Stab","Heel Hook","Sucker Punch","Distraction","Malaise","Cloak And Dagger+1","Tactician","Corpse Explosion","Backstab","Catalyst+1","Bite","Bite","Bite","Bite","Bite","Backstab","Cloak And Dagger","Prepared","Distraction+1","Tactician","Dagger Throw+1","Predator+1"],"relics":["Ectoplasm","Pen Nib","Kunai","Omamori","Meat on the Bone","Dead Branch","Calling Bell","Dream Catcher","Paper Crane","Peace Pipe","Strawberry","Torii","Enchiridion","Red Mask"],"potions_floor_usage":[10,16,18,24,24,28,29],"damage_taken":[{"damage":0,"enemies":"2 Louse","floor":1,"turns":3},{"damage":0,"enemies":"Jaw Worm","floor":5,"turns":2},{"damage":10,"enemies":"3 Sentries","floor":7,"turns":7},{"damage":3,"enemies":"Gremlin Nob","floor":10,"turns":4},{"damage":0,"enemies":"Cultist","floor":11,"turns":2},{"damage":1,"enemies":"Lagavulin","floor":12,"turns":5},{"damage":3,"enemies":"Blue Slaver","floor":13,"turns":3},{"damage":12,"enemies":"Gremlin Nob","floor":14,"turns":5},{"damage":7,"enemies":"Hexaghost","floor":16,"turns":10},{"damage":0,"enemies":"3 Byrds","floor":18,"turns":2},{"damage":0,"enemies":"Chosen","floor":21,"turns":4},{"damage":6,"enemies":"3 Cultists","floor":22,"turns":4},{"damage":10,"enemies":"Snecko","floor":24,"turns":3},{"damage":16,"enemies":"Centurion and Healer","floor":28,"turns":4},{"damage":2,"enemies":"Gremlin Leader","floor":29,"turns":4},{"damage":0,"enemies":"Masked Bandits","floor":31,"turns":2},{"damage":59,"enemies":"Automaton","floor":33,"turns":6}],"seed_played":"-7129537416424347469","potions_obtained":[{"floor":5,"key":"Block Potion"},{"floor":10,"key":"Fire Potion"},{"floor":13,"key":"Explosive Potion"},{"floor":14,"key":"Dexterity Potion"},{"floor":18,"key":"GamblersBrew"},{"floor":21,"key":"SkillPotion"},{"floor":24,"key":"GamblersBrew"}],"is_trial":false,"path_per_floor":["M","?","?","?","M","R","E","R","T","E","M","E","M","E","R","B",null,"M","?","?","M","M","R","M","R","T","R","M","E","?","?","R","B"],"character_chosen":"THE_SILENT","items_purchased":[],"campfire_rested":2,"item_purchase_floors":[],"current_hp_per_floor":[63,63,56,56,56,56,46,46,46,43,43,42,39,39,60,53,66,66,66,49,49,43,43,36,36,43,43,31,37,21,27,42,0],"gold":99,"neow_bonus":"BOSS_RELIC","is_prod":false,"is_daily":false,"chose_seed":false,"campfire_upgraded":4,"win_rate":0,"timestamp":1554237759,"path_taken":["M","?","?","?","M","R","E","R","T","E","?","E","M","E","R","BOSS","M","?","?","M","M","R","M","R","T","R","M","E","?","?","R","BOSS"],"build_version":"2019-01-23","purchased_purges":0,"victory":false,"max_hp_per_floor":[70,70,70,70,70,70,70,70,70,70,70,70,70,70,70,70,70,70,70,49,49,49,46,46,46,53,53,53,53,53,53,53,53],"card_choices":[{"not_picked":["Backflip","Outmaneuver"],"picked":"Poisoned Stab","floor":1},{"not_picked":["Underhanded Strike","Dodge and Roll"],"picked":"Poisoned Stab","floor":5},{"not_picked":["Accuracy","Well Laid Plans"],"picked":"Heel Hook","floor":7},{"not_picked":["Dagger Spray","Poisoned Stab"],"picked":"Sucker Punch","floor":10},{"not_picked":["Deflect","Poisoned Stab"],"picked":"Distraction","floor":11},{"not_picked":["Reflex","Distraction"],"picked":"Malaise","floor":12},{"not_picked":["Slice","Terror"],"picked":"Cloak And Dagger","floor":13},{"not_picked":["Quick Slash","Choke"],"picked":"Tactician","floor":14},{"not_picked":["Bullet Time","Adrenaline"],"picked":"Corpse Explosion","floor":16},{"not_picked":["Blur","Eviscerate+1"],"picked":"Backstab","floor":18},{"not_picked":["Underhanded Strike+1","Choke"],"picked":"Backstab","floor":21},{"not_picked":["Poisoned Stab","Masterful Stab"],"picked":"Cloak And Dagger","floor":22},{"not_picked":["Acrobatics","Outmaneuver"],"picked":"Prepared","floor":24},{"not_picked":["Riddle With Holes","Infinite Blades"],"picked":"Distraction+1","floor":28},{"not_picked":["Dagger Spray","Quick Slash"],"picked":"Tactician","floor":29},{"not_picked":["Acrobatics","Eviscerate"],"picked":"Dagger Throw+1","floor":31},{"not_picked":["Reflex+1","Quick Slash+1"],"picked":"Predator+1","floor":32}],"player_experience":470186,"relics_obtained":[{"floor":7,"key":"Pen Nib"},{"floor":9,"key":"Kunai"},{"floor":10,"key":"Omamori"},{"floor":12,"key":"Meat on the Bone"},{"floor":14,"key":"Dead Branch"},{"floor":17,"key":"Dream Catcher"},{"floor":17,"key":"Paper Crane"},{"floor":17,"key":"Peace Pipe"},{"floor":26,"key":"Strawberry"},{"floor":29,"key":"Torii"},{"floor":30,"key":"Enchiridion"},{"floor":31,"key":"Red Mask"}],"event_choices":[{"damage_healed":0,"gold_gain":0,"player_choice":"Grow","damage_taken":0,"max_hp_gain":0,"max_hp_loss":0,"event_name":"Living Wall","floor":2,"gold_loss":0,"cards_upgraded":["Poisoned Stab"]},{"cards_removed":["Defend_G"],"damage_healed":0,"gold_gain":0,"player_choice":"Card Removal","damage_taken":7,"max_hp_gain":0,"max_hp_loss":0,"event_name":"Golden Wing","floor":3,"gold_loss":0},{"damage_healed":0,"gold_gain":0,"cards_transformed":["Strike_G"],"player_choice":"Transformed","damage_taken":0,"max_hp_gain":0,"max_hp_loss":0,"event_name":"Transmorgrifier","floor":4,"gold_loss":0,"cards_obtained":["Dash"]},{"damage_healed":0,"gold_gain":0,"player_choice":"Read","damage_taken":0,"max_hp_gain":0,"max_hp_loss":0,"event_name":"The Library","floor":19,"gold_loss":0,"cards_obtained":["Catalyst"]},{"damage_healed":0,"gold_gain":0,"player_choice":"Became a vampire","damage_taken":0,"max_hp_gain":0,"max_hp_loss":21,"event_name":"Vampires","floor":20,"gold_loss":0,"cards_obtained":["Bite","Bite","Bite","Bite","Bite"]},{"damage_healed":0,"gold_gain":0,"player_choice":"Obtained Book","damage_taken":16,"max_hp_gain":0,"max_hp_loss":0,"event_name":"Cursed Tome","floor":30,"gold_loss":0},{"damage_healed":0,"gold_gain":0,"player_choice":"Fought Bandits","damage_taken":0,"max_hp_gain":0,"max_hp_loss":0,"event_name":"Masked Bandits","floor":31,"gold_loss":0}],"is_beta":false,"boss_relics":[{"not_picked":["Empty Cage","WristBlade"],"picked":"Calling Bell"}],"items_purged_floors":[],"is_endless":false,"potions_floor_spawned":[5,10,13,14,18,21,24],"killed_by":"Automaton","ascension_level":9}