{"gold_per_floor":[118,118,185,5,55,87,105,137,137,137,199,214,214,36,36,36],"floor_reached":16,"playtime":346,"items_purged":[],"score":270,"play_id":"0dd1ac59-78ee-4165-8ed5-ee7407e01a70","local_time":"20190330101003","is_ascension_mode":true,"campfire_choices":[{"floor":10,"key":"REST"},{"data":"Storm of Steel","floor":13,"key":"SMITH"},{"data":"Footwork","floor":15,"key":"SMITH"}],"neow_cost":"NONE","seed_source_timestamp":420340301583635,"circlet_count":0,"master_deck":["AscendersBane","Defend_G","Defend_G","Defend_G","Defend_G","Defend_G","Strike_G","Strike_G","Strike_G","Strike_G","Survivor","Neutralize","Cloak And Dagger","Riddle With Holes","Dramatic Entrance","Footwork+1","Finisher","Heel Hook","Poisoned Stab","Storm of Steel+1","Footwork"],"relics":["Ring of the Snake","NeowsBlessing","SsserpentHead","Art of War","Question Card","Dream Catcher","DollysMirror"],"potions_floor_usage":[16,16],"damage_taken":[{"damage":0,"enemies":"2 Louse","floor":1,"turns":1},{"damage":0,"enemies":"Cultist","floor":3,"turns":1},{"damage":0,"enemies":"Lagavulin","floor":6,"turns":1},{"damage":2,"enemies":"Small Slimes","floor":7,"turns":3},{"damage":43,"enemies":"Gremlin Nob","floor":8,"turns":5},{"damage":4,"enemies":"Exordium Wildlife","floor":11,"turns":2},{"damage":9,"enemies":"Blue Slaver","floor":12,"turns":4},{"damage":12,"enemies":"The Guardian","floor":16,"turns":5}],"seed_played":"-3461387032450208257","potions_obtained":[{"floor":7,"key":"Dexterity Potion"},{"floor":8,"key":"GamblersBrew"},{"floor":12,"key":"Block Potion"}],"is_trial":false,"path_per_floor":["M","?","M","$","?","E","M","E","T","R","M","M","R","$","R","B"],"character_chosen":"THE_SILENT","items_purchased":["Dramatic Entrance","Footwork","DollysMirror"],"campfire_rested":1,"item_purchase_floors":[4,4,14],"current_hp_per_floor":[59,59,59,59,59,59,57,14,14,33,29,20,20,20,20,8],"gold":36,"neow_bonus":"THREE_ENEMY_KILL","is_prod":false,"is_daily":false,"chose_seed":false,"campfire_upgraded":2,"win_rate":0,"timestamp":1553955003,"path_taken":["M","?","?","$","?","E","M","E","T","R","?","M","R","?","R","BOSS"],"build_version":"2019-01-23","purchased_purges":0,"victory":false,"max_hp_per_floor":[66,66,66,66,66,66,66,66,66,66,66,66,66,66,66,66],"card_choices":[{"not_picked":["Deadly Poison","Acrobatics"],"picked":"Cloak And Dagger","floor":1},{"not_picked":["Quick Slash","PiercingWail"],"picked":"Riddle With Holes","floor":3},{"not_picked":["Backflip","Caltrops"],"picked":"Finisher","floor":6},{"not_picked":["Bane","Backflip"],"picked":"Heel Hook","floor":7},{"not_picked":["Calculated Gamble","Deflect"],"picked":"Poisoned Stab","floor":8},{"not_picked":["Catalyst","Quick Slash","Blade Dance"],"picked":"Storm of Steel","floor":10},{"not_picked":["Dash","Poisoned Stab","Concentrate","Caltrops"],"picked":"SKIP","floor":11},{"not_picked":["Dodge and Roll","Setup","Well Laid Plans","Flying Knee"],"picked":"SKIP","floor":12}],"player_experience":883281,"relics_obtained":[{"floor":6,"key":"Art of War"},{"floor":8,"key":"Question Card"},{"floor":9,"key":"Dream Catcher"}],"event_choices":[{"damage_healed":0,"gold_gain":0,"player_choice":"Trade","damage_taken":0,"relics_obtained":["SsserpentHead"],"max_hp_gain":0,"max_hp_loss":0,"event_name":"FaceTrader","floor":2,"gold_loss":0},{"cards_removed":["Strike_G"],"damage_healed":0,"gold_gain":0,"player_choice":"Offered Basic","damage_taken":0,"max_hp_gain":0,"max_hp_loss":0,"event_name":"Bonfire Elementals","floor":5,"gold_loss":0}],"is_beta":false,"boss_relics":[],"items_purged_floors":[],"is_endless":false,"potions_floor_spawned":[7,8,12],"killed_by":"The Guardian","ascension_level":20}