{"gold_per_floor":[110,110,110,128,53,53,128,140,140,152,152,180,195,205,205,205],"floor_reached":16,"playtime":497,"items_purged":["Strike_B"],"score":143,"play_id":"ad563326-397e-40f5-9cda-c01693190012","local_time":"20180821000934","is_ascension_mode":true,"campfire_choices":[{"data":"Zap","floor":6,"key":"SMITH"},{"data":"Rebound","floor":11,"key":"SMITH"},{"floor":15,"key":"REST"}],"neow_cost":"","seed_source_timestamp":28523757058164,"circlet_count":0,"master_deck":["Strike_B","Strike_B+1","Strike_B+1","Defend_B","Defend_B","Defend_B","Defend_B","Zap+1","Dualcast","Rebound+1","Reinforced Body","BootSequence"],"relics":["Cracked Core","Anchor","Bottled Flame","Art of War"],"potions_floor_usage":[10,16,16],"damage_taken":[{"damage":0,"enemies":"Small Slimes","floor":1,"turns":3},{"damage":0,"enemies":"Jaw Worm","floor":4,"turns":3},{"damage":0,"enemies":"Cultist","floor":8,"turns":2},{"damage":2,"enemies":"Exordium Thugs","floor":10,"turns":3},{"damage":32,"enemies":"Lagavulin","floor":12,"turns":6},{"damage":1,"enemies":"Looter","floor":13,"turns":2},{"damage":1,"enemies":"3 Louse","floor":14,"turns":4},{"damage":28,"enemies":"Hexaghost","floor":16,"turns":11}],"seed_played":"-959153787275871468","potions_obtained":[{"floor":4,"key":"AttackPotion"},{"floor":13,"key":"GamblersBrew"},{"floor":14,"key":"SkillPotion"}],"is_trial":false,"path_per_floor":["M","?","?","M","$","R","?","M","T","M","R","E","M","M","R"],"character_chosen":"DEFECT","items_purchased":[],"campfire_rested":1,"item_purchase_floors":[],"current_hp_per_floor":[68,53,53,53,53,53,42,42,42,40,40,8,7,6,28,0],"gold":205,"neow_bonus":"","is_prod":false,"is_daily":false,"chose_seed":false,"campfire_upgraded":2,"win_rate":0,"timestamp":1534802974,"path_taken":["M","?","?","?","$","R","?","M","T","M","R","E","M","M","R","BOSS"],"build_version":"2018-08-16","purchased_purges":1,"victory":false,"max_hp_per_floor":[75,75,75,75,75,75,75,75,75,75,75,75,75,75,75,75],"card_choices":[{"not_picked":["Steam","Compile Driver","Barrage"],"picked":"SKIP","floor":1},{"not_picked":["Steam Power","Go for the Eyes"],"picked":"Rebound","floor":4},{"not_picked":["Stack","Force Field","Rip and Tear"],"picked":"SKIP","floor":8},{"not_picked":["Recycle","Rebound","Beam Cell"],"picked":"SKIP","floor":10},{"not_picked":["Turbo","Stack","Double Energy"],"picked":"SKIP","floor":12},{"not_picked":["Melter","Go for the Eyes"],"picked":"Reinforced Body","floor":13},{"not_picked":["Redo","Biased Cognition"],"picked":"BootSequence","floor":14}],"player_experience":510103,"relics_obtained":[{"floor":9,"key":"Bottled Flame"},{"floor":12,"key":"Art of War"}],"event_choices":[{"event_name":"Shining Light","player_choice":"Entered Light","floor":2,"damage_taken":0},{"event_name":"Wheel of Change","player_choice":"Relic","floor":3,"damage_taken":0},{"event_name":"World of Goop","player_choice":"Gather Gold","floor":7,"damage_taken":0}],"is_beta":false,"boss_relics":[],"items_purged_floors":[5],"is_endless":false,"potions_floor_spawned":[4,13,14],"killed_by":"Hexaghost","ascension_level":8}