{"gold_per_floor":[112,112,131,148,160,190,190,190,217,217,232,262,262,273,273,369,369,379,294,394,140,151,151,169,169,193,193,205,205,205,237,237,333,333,350,128,138,138,138],"floor_reached":39,"playtime":2578,"items_purged":[],"score":399,"play_id":"6ea083e8-65ad-4338-95d3-26f4c5e4e3c4","local_time":"20190428200827","is_ascension_mode":false,"campfire_choices":[{"floor":7,"key":"REST"},{"floor":13,"key":"REST"},{"floor":15,"key":"REST"},{"floor":23,"key":"REST"},{"floor":25,"key":"REST"},{"data":"After Image","floor":27,"key":"SMITH"},{"floor":29,"key":"REST"},{"floor":32,"key":"REST"}],"neow_cost":"NONE","seed_source_timestamp":1557027352372000,"circlet_count":0,"master_deck":["Defend_G","Defend_G","Defend_G","Defend_G","Defend_G","Strike_G","Strike_G","Strike_G","Strike_G","Strike_G","Neutralize","Backflip","Poisoned Stab","Bane","Caltrops","Noxious Fumes+1","Endless Agony","All Out Attack","A Thousand Cuts","Catalyst","Deadly Poison","After Image+1","Footwork","Predator","Crippling Poison","Footwork","Dagger Spray+1","Noxious Fumes+1","Glass Knife","Terror+1","Sucker Punch","Dash+1"],"relics":["Ring of the Snake","Strawberry","Omamori","Odd Mushroom","Black Star","Ancient Tea Set","Bottled Tornado","Thread and Needle","Blood Vial","Regal Pillow","Sundial","Ornamental Fan","Runic Pyramid","Snake Skull"],"potions_floor_usage":[16,16,16,20,20,20,22,31,31,37,37],"damage_taken":[{"damage":1,"enemies":"2 Louse","floor":1,"turns":5},{"damage":0,"enemies":"Small Slimes","floor":3,"turns":3},{"damage":1,"enemies":"Cultist","floor":4,"turns":4},{"damage":4,"enemies":"3 Louse","floor":5,"turns":4},{"damage":27,"enemies":"Gremlin Nob","floor":6,"turns":4},{"damage":16,"enemies":"Large Slime","floor":11,"turns":5},{"damage":25,"enemies":"The Mushroom Lair","floor":12,"turns":3},{"damage":5,"enemies":"Looter","floor":14,"turns":2},{"damage":50,"enemies":"The Guardian","floor":16,"turns":9},{"damage":13,"enemies":"3 Byrds","floor":18,"turns":4},{"damage":28,"enemies":"Colosseum Slavers","floor":20,"turns":4},{"damage":28,"enemies":"Colosseum Nobs","floor":20,"turns":5},{"damage":1,"enemies":"Shell Parasite","floor":22,"turns":4},{"damage":6,"enemies":"Snake Plant","floor":24,"turns":5},{"damage":28,"enemies":"Chosen and Byrds","floor":28,"turns":6},{"damage":19,"enemies":"Slavers","floor":31,"turns":7},{"damage":66,"enemies":"Collector","floor":33,"turns":8},{"damage":23,"enemies":"Orb Walker","floor":35,"turns":6},{"damage":30,"enemies":"3 Shapes","floor":37,"turns":3},{"damage":59,"enemies":"Maw","floor":39,"turns":8}],"seed_played":"-3839297982968821687","potions_obtained":[{"floor":4,"key":"SpeedPotion"},{"floor":5,"key":"EntropicBrew"},{"floor":11,"key":"SpeedPotion"},{"floor":20,"key":"SteroidPotion"},{"floor":28,"key":"Weak Potion"}],"is_trial":false,"path_per_floor":["M","$","M","M","M","E","R","?","T","?","M","?","R","M","R","B",null,"M","?","?","$","M","R","M","R","T","R","M","R","?","E","R","B",null,"M","$","M","?","M"],"character_chosen":"THE_SILENT","items_purchased":["Blood Vial","SteroidPotion","Fire Potion","Snake Skull","Sucker Punch","SkillPotion"],"campfire_rested":7,"item_purchase_floors":[21,21,21,36,36,36],"current_hp_per_floor":[69,69,69,68,64,44,67,67,67,67,51,26,49,44,67,17,77,64,64,8,8,9,32,28,51,51,51,25,63,63,46,77,11,77,54,54,26,45,0],"gold":138,"neow_bonus":"THREE_CARDS","is_prod":false,"is_daily":false,"chose_seed":false,"campfire_upgraded":1,"win_rate":0.0,"timestamp":1556496507,"path_taken":["M","$","M","M","M","E","R","?","T","?","?","?","R","M","R","BOSS","M","?","?","$","M","R","M","R","T","R","M","R","?","E","R","BOSS","M","$","M","?","M"],"build_version":"2019-01-23","purchased_purges":0,"victory":false,"max_hp_per_floor":[70,70,70,70,70,77,77,77,77,77,77,77,77,77,77,77,77,77,77,77,77,77,77,77,77,77,77,77,77,77,77,77,77,77,77,77,77,77,77],"card_choices":[{"not_picked":["Dagger Throw","Flying Knee"],"picked":"Backflip","floor":0},{"not_picked":["Dagger Spray","Flechettes"],"picked":"Poisoned Stab","floor":1},{"not_picked":["PiercingWail","Flying Knee"],"picked":"Bane","floor":3},{"not_picked":["Outmaneuver","Blade Dance"],"picked":"Caltrops","floor":4},{"not_picked":["Footwork","Flechettes"],"picked":"Noxious Fumes","floor":5},{"not_picked":["Heel Hook","Deflect"],"picked":"Endless Agony","floor":6},{"not_picked":["Riddle With Holes","Quick Slash"],"picked":"A Thousand Cuts","floor":11},{"not_picked":["Reflex","Backflip"],"picked":"Catalyst","floor":12},{"not_picked":["Underhanded Strike","Sucker Punch"],"picked":"Deadly Poison","floor":14},{"not_picked":["Unload","Doppelganger"],"picked":"After Image","floor":16},{"not_picked":["Backflip+1","Flying Knee"],"picked":"Footwork","floor":18},{"not_picked":["Sucker Punch+1","Backflip"],"picked":"Predator","floor":20},{"not_picked":["Eviscerate+1","Outmaneuver"],"picked":"Crippling Poison","floor":22},{"not_picked":["Terror","Deflect"],"picked":"Footwork","floor":24},{"not_picked":["Escape Plan+1","PiercingWail"],"picked":"Dagger Spray+1","floor":28},{"not_picked":["Predator","PiercingWail+1"],"picked":"Noxious Fumes+1","floor":31},{"not_picked":["Doppelganger","Tools of the Trade"],"picked":"Glass Knife","floor":33},{"not_picked":["Flying Knee","Heel Hook"],"picked":"Terror+1","floor":35},{"not_picked":["Slice+1","Backflip+1"],"picked":"Dash+1","floor":37}],"player_experience":13013,"relics_obtained":[{"floor":6,"key":"Strawberry"},{"floor":9,"key":"Omamori"},{"floor":12,"key":"Odd Mushroom"},{"floor":20,"key":"Bottled Tornado"},{"floor":20,"key":"Thread and Needle"},{"floor":26,"key":"Regal Pillow"},{"floor":31,"key":"Sundial"},{"floor":31,"key":"Ornamental Fan"}],"event_choices":[{"damage_healed":0,"gold_gain":0,"player_choice":"Grow","damage_taken":0,"max_hp_gain":0,"max_hp_loss":0,"event_name":"Living Wall","floor":8,"gold_loss":0,"cards_upgraded":["Noxious Fumes"]},{"damage_healed":0,"gold_gain":0,"cards_transformed":["Survivor"],"player_choice":"Transformed","damage_taken":0,"max_hp_gain":0,"max_hp_loss":0,"event_name":"Transmorgrifier","floor":10,"gold_loss":0,"cards_obtained":["All Out Attack"]},{"damage_healed":0,"gold_gain":0,"player_choice":"Fought Mushrooms","damage_taken":0,"max_hp_gain":0,"max_hp_loss":0,"event_name":"Mushrooms","floor":12,"gold_loss":0},{"damage_healed":0,"gold_gain":0,"player_choice":"Obtained Relic","damage_taken":0,"relics_obtained":["Ancient Tea Set"],"max_hp_gain":0,"max_hp_loss":0,"event_name":"Addict","floor":19,"gold_loss":85},{"damage_healed":0,"gold_gain":0,"player_choice":"Fight","damage_taken":0,"max_hp_gain":0,"max_hp_loss":0,"event_name":"Colosseum","floor":20,"gold_loss":0},{"damage_healed":0,"gold_gain":0,"player_choice":"Fought Nobs","damage_taken":0,"max_hp_gain":0,"max_hp_loss":0,"event_name":"Colosseum","floor":20,"gold_loss":0},{"damage_healed":0,"gold_gain":0,"player_choice":"Ignored","damage_taken":0,"max_hp_gain":0,"max_hp_loss":0,"event_name":"Ghosts","floor":30,"gold_loss":0},{"damage_healed":19,"gold_gain":0,"player_choice":"Writhe","damage_taken":0,"max_hp_gain":0,"max_hp_loss":0,"event_name":"Winding Halls","floor":38,"gold_loss":0,"cards_obtained":["Writhe"]}],"is_beta":false,"boss_relics":[{"not_picked":["Ring of the Serpent","WristBlade"],"picked":"Black Star"},{"not_picked":["White Beast Statue","Philosopher\u0027s Stone"],"picked":"Runic Pyramid"}],"items_purged_floors":[],"is_endless":false,"potions_floor_spawned":[4,5,11,16,18,20,28],"killed_by":"Maw","ascension_level":0}