{"gold_per_floor":[99,49,49,49,14,14,14,14,14,14,14,14,14,14,14,14,14,14,14,14,14,14,14],"floor_reached":23,"playtime":1260,"items_purged":[],"score":191,"play_id":"71fce09b-fc6a-49d7-89d0-9e07fa9cf3da","local_time":"20190508081255","is_ascension_mode":false,"campfire_choices":[{"floor":6,"key":"RECALL"},{"floor":15,"key":"REST"}],"neow_cost":"NONE","seed_source_timestamp":310865518513200,"circlet_count":0,"master_deck":["Strike_R","Strike_R","Strike_R","Strike_R","Defend_R","Defend_R","Defend_R","Defend_R","Bash","Metallicize","Metallicize+1","Armaments","Battle Trance","Infernal Blade","Iron Wave","Rampage","Reaper","Rupture","Body Slam"],"relics":["Ectoplasm","Darkstone Periapt","Smiling Mask","Fusion Hammer"],"potions_floor_usage":[10,10,16],"damage_taken":[{"damage":0,"enemies":"Small Slimes","floor":1,"turns":3},{"damage":6,"enemies":"Jaw Worm","floor":4,"turns":3},{"damage":0,"enemies":"Cultist","floor":7,"turns":4},{"damage":7,"enemies":"Lots of Slimes","floor":8,"turns":6},{"damage":4,"enemies":"Lagavulin","floor":10,"turns":6},{"damage":7,"enemies":"Large Slime","floor":12,"turns":5},{"damage":1,"enemies":"Blue Slaver","floor":13,"turns":4},{"damage":35,"enemies":"Slime Boss","floor":16,"turns":16},{"damage":11,"enemies":"Spheric Guardian","floor":18,"turns":5},{"damage":2,"enemies":"Shell Parasite","floor":20,"turns":5},{"damage":76,"enemies":"Slavers","floor":23,"turns":6}],"seed_played":"-169132548355305485","potions_obtained":[{"floor":1,"key":"AttackPotion"},{"floor":8,"key":"FearPotion"},{"floor":10,"key":"Ancient Potion"}],"is_trial":false,"path_per_floor":["M","?","?","M","$","R","M","M","T","E","T","M","M","?","R","B",null,"M","?","M","?","$","E"],"character_chosen":"IRONCLAD","items_purchased":["Metallicize"],"campfire_rested":1,"item_purchase_floors":[5],"current_hp_per_floor":[80,80,80,74,74,74,74,67,67,63,63,56,55,55,79,44,80,69,69,67,67,67,0],"gold":14,"neow_bonus":"BOSS_RELIC","is_prod":false,"is_daily":false,"chose_seed":false,"campfire_upgraded":0,"win_rate":0,"timestamp":1557317575,"path_taken":["M","?","?","M","?","R","M","M","T","E","?","?","M","?","R","BOSS","M","?","?","?","$","E"],"build_version":"2019-01-23","purchased_purges":0,"victory":false,"max_hp_per_floor":[80,80,80,80,80,80,80,80,80,80,80,80,80,80,80,80,80,80,80,80,80,80,80],"card_choices":[{"not_picked":["Ghostly Armor","True Grit"],"picked":"Metallicize","floor":1},{"not_picked":["Power Through","Searing Blow"],"picked":"Seeing Red","floor":4},{"not_picked":["Cleave","Twin Strike"],"picked":"Armaments","floor":7},{"not_picked":["Sword Boomerang","Thunderclap"],"picked":"Battle Trance","floor":8},{"not_picked":["Pommel Strike","Armaments"],"picked":"Infernal Blade","floor":10},{"not_picked":["Warcry","Havoc"],"picked":"Iron Wave","floor":12},{"not_picked":["Dark Embrace","Evolve"],"picked":"Rampage","floor":13},{"not_picked":["Brutality","Feed"],"picked":"Reaper","floor":16},{"not_picked":["Twin Strike+1","Headbutt"],"picked":"Rupture","floor":18},{"not_picked":["Warcry+1","Havoc+1"],"picked":"Body Slam","floor":20}],"player_experience":140976,"relics_obtained":[{"floor":10,"key":"Darkstone Periapt"},{"floor":11,"key":"Smiling Mask"}],"event_choices":[{"cards_removed":["Strike_R"],"damage_healed":0,"gold_gain":0,"player_choice":"Card Removal","damage_taken":0,"max_hp_gain":0,"max_hp_loss":0,"event_name":"The Cleric","floor":2,"gold_loss":50},{"damage_healed":0,"gold_gain":0,"player_choice":"Ignored","damage_taken":0,"max_hp_gain":0,"max_hp_loss":0,"event_name":"Liars Game","floor":3,"gold_loss":0},{"damage_healed":0,"gold_gain":0,"player_choice":"Upgraded","damage_taken":0,"max_hp_gain":0,"max_hp_loss":0,"event_name":"Upgrade Shrine","floor":14,"gold_loss":0,"cards_upgraded":["Metallicize"]},{"cards_removed":["Seeing Red"],"damage_healed":0,"gold_gain":0,"player_choice":"Purged","damage_taken":0,"max_hp_gain":0,"max_hp_loss":0,"event_name":"Purifier","floor":19,"gold_loss":0},{"damage_healed":0,"gold_gain":0,"player_choice":"Ignored","damage_taken":0,"max_hp_gain":0,"max_hp_loss":0,"event_name":"Cursed Tome","floor":21,"gold_loss":0}],"is_beta":false,"boss_relics":[{"not_picked":["Orrery","Runic Dome"],"picked":"Fusion Hammer"}],"items_purged_floors":[],"is_endless":false,"potions_floor_spawned":[1,8,10],"killed_by":"Slavers","ascension_level":0}