{"path_per_floor":["M","T","?","$","M","?","R","E","T","R","M","?","R","M","R","B",null,"M","?","?","M","$","M","R","E","T","?","R","M","R","E","R"],"character_chosen":"DEFECT","items_purchased":["Glacier","Axe Kick","Anchor"],"gold_per_floor":[115,115,115,32,57,57,57,96,96,96,110,110,110,134,134,257,257,280,280,280,299,70,93,93,131,131,131,131,147,147,180,180,180],"floor_reached":33,"campfire_rested":3,"playtime":1630,"current_hp_per_floor":[74,74,56,56,53,53,53,47,47,47,46,46,46,46,46,30,75,68,68,68,61,61,61,61,34,34,34,56,41,63,30,52,0],"items_purged":["Strike_B"],"gold":180,"score":281,"play_id":"27d59a10-39e2-466b-8b3f-086a8f1ea706","local_time":"20180427172251","is_prod":false,"is_daily":false,"chose_seed":false,"is_ascension_mode":false,"campfire_upgraded":5,"timestamp":1524864171,"path_taken":["M","?","?","$","?","?","R","E","T","R","M","?","R","M","R","BOSS","M","?","?","M","$","M","R","E","T","?","R","M","R","E","R","BOSS"],"build_version":"2018-04-26v2","seed_source_timestamp":0,"purchased_purges":1,"victory":false,"master_deck":["Strike_B","Strike_B","Strike_B","Defend_B","Defend_B","Defend_B","Defend_B","Zap","Dualcast+1","Capacitor+1","Glacier","Axe Kick+1","Doom and Gloom","Tempest+1","Buffer","Prime+1","Zap","Axe Kick","Static Discharge+1","Loop","Biased Cognition"],"max_hp_per_floor":[75,75,75,75,75,75,75,75,75,75,75,75,75,75,75,75,75,75,75,75,75,75,75,75,75,75,75,75,75,75,75,75,75],"relics":["Cracked Core","Bottled Lightning","Golden Idol","Meat on the Bone","Centennial Puzzle","Snecko Eye","Anchor","Toolbox","Molten Egg 2","Darkstone Periapt"],"card_choices":[{"not_picked":["Barrage","Sweeping Beam"],"picked":"Capacitor","floor":1.0},{"not_picked":["Rebound","Skim"],"picked":"Doom and Gloom","floor":8.0},{"not_picked":["White Noise","Streamline"],"picked":"Tempest","floor":11.0},{"not_picked":["Chill","Leap"],"picked":"Buffer","floor":14.0},{"not_picked":["Rainbow","Reboot"],"picked":"Prime","floor":16.0},{"not_picked":["Defragment","Impulse"],"picked":"Static Discharge","floor":21.0},{"not_picked":["Heatsinks","Stack"],"picked":"Loop","floor":25.0},{"not_picked":["Rebound","Capacitor"],"picked":"Biased Cognition","floor":31.0}],"player_experience":5205,"potions_floor_usage":[],"damage_taken":[{"damage":1.0,"enemies":"Cultist","floor":1.0,"turns":3.0},{"damage":3.0,"enemies":"Small Slimes","floor":5.0,"turns":3.0},{"damage":6.0,"enemies":"Gremlin Nob","floor":8.0,"turns":5.0},{"damage":1.0,"enemies":"2 Louse","floor":11.0,"turns":2.0},{"damage":0.0,"enemies":"Blue Slaver","floor":14.0,"turns":4.0},{"damage":28.0,"enemies":"Hexaghost","floor":16.0,"turns":13.0},{"damage":7.0,"enemies":"3 Byrds","floor":18.0,"turns":5.0},{"damage":7.0,"enemies":"Spheric Guardian","floor":21.0,"turns":4.0},{"damage":0.0,"enemies":"3 Cultists","floor":23.0,"turns":5.0},{"damage":39.0,"enemies":"Slavers","floor":25.0,"turns":6.0},{"damage":15.0,"enemies":"Sentry and Sphere","floor":29.0,"turns":5.0},{"damage":45.0,"enemies":"Gremlin Leader","floor":31.0,"turns":6.0},{"damage":78,"enemies":"Collector","floor":33,"turns":6}],"event_choices":[{"event_name":"Golden Idol","player_choice":"Take Damage","floor":3.0,"damage_taken":0.0},{"event_name":"The Lab","player_choice":"Got Potions","floor":6.0,"damage_taken":0.0},{"event_name":"Shining Light","player_choice":"Ignored","floor":12.0,"damage_taken":0.0},{"event_name":"Match and Keep!","player_choice":"2 cards matched","floor":19.0,"damage_taken":0.0},{"event_name":"The Woman in Blue","player_choice":"Bought 0 Potions","floor":20.0,"damage_taken":0.0},{"event_name":"Upgrade Shrine","player_choice":"Upgraded","floor":27.0,"damage_taken":0.0}],"boss_relics":[],"potions_floor_spawned":[14,23,25],"seed_played":"276292398013243273","killed_by":"Collector","ascension_level":0,"is_trial":false}