{"path_per_floor":["M","M","$","M","M","E","R","M","T","?","M","?","?","E","R","B",null,"M","?","$","?","?","R"],"character_chosen":"DEFECT","items_purchased":["Steam","Go for the Eyes"],"gold_per_floor":[113,127,52,67,81,109,109,123,146,221,239,189,189,220,220,320,320,330,330,126,126,226,226,226],"floor_reached":24,"campfire_rested":1,"playtime":723,"item_purchase_floors":[20,20],"current_hp_per_floor":[69,64,64,54,47,32,32,26,26,15,15,15,8,1,23,10,75,32,32,32,32,32,32,0],"items_purged":["Strike_B","Zap"],"gold":226,"score":245,"play_id":"90baa65a-0352-47ae-99ed-43e64edd767c","local_time":"20180617201235","is_prod":false,"is_daily":false,"chose_seed":false,"is_ascension_mode":true,"campfire_upgraded":2,"win_rate":0,"timestamp":1529237555,"campfire_choices":[{"data":"Darkness","floor":7,"key":"SMITH"},{"floor":15,"key":"REST"},{"data":"Loop","floor":23,"key":"SMITH"}],"path_taken":["M","M","$","M","M","E","R","M","T","?","M","?","?","E","R","BOSS","M","?","$","?","?","R","E"],"build_version":"2018-06-14v2","seed_source_timestamp":103744715950536,"purchased_purges":2,"victory":false,"master_deck":["Defend_B","Defend_B","Defend_B+1","Dualcast","FTL","Darkness+1","Loop","Heatsinks","Hologram","Storm","Rebound","Core Surge","Loop+1","Steam","Go for the Eyes","Dramatic Entrance"],"max_hp_per_floor":[75,75,75,75,75,75,75,75,75,75,75,75,75,75,75,75,75,75,75,75,75,75,75,75],"relics":["Cracked Core","Dream Catcher","DataDisk","Blood Vial","Empty Cage"],"card_choices":[{"not_picked":["Stack","Fusion"],"picked":"FTL","floor":1},{"not_picked":["Ball Lightning","Doom and Gloom"],"picked":"Darkness","floor":2},{"not_picked":["Ball Lightning","Go for the Eyes","Biased Cognition"],"picked":"SKIP","floor":4},{"not_picked":["Rip and Tear","Turbo"],"picked":"Loop","floor":5},{"not_picked":["Consume","Coolheaded"],"picked":"Heatsinks","floor":6},{"not_picked":["Beam Cell","Static Discharge"],"picked":"Hologram","floor":8},{"not_picked":["Recycle","Turbo"],"picked":"Storm","floor":11},{"not_picked":["Steam Power","Barrage","Coolheaded"],"picked":"SKIP","floor":14},{"not_picked":["Genetic Algorithm","Go for the Eyes"],"picked":"Rebound","floor":15},{"not_picked":["Seek","Echo Form"],"picked":"Core Surge","floor":16},{"not_picked":["Steam","Ball Lightning"],"picked":"Loop","floor":18}],"player_experience":263088,"potions_floor_usage":[6,14,16,16,24],"damage_taken":[{"damage":6,"enemies":"Cultist","floor":1,"turns":3},{"damage":5,"enemies":"Small Slimes","floor":2,"turns":2},{"damage":10,"enemies":"2 Louse","floor":4,"turns":3},{"damage":7,"enemies":"Looter","floor":5,"turns":3},{"damage":15,"enemies":"3 Sentries","floor":6,"turns":6},{"damage":6,"enemies":"Blue Slaver","floor":8,"turns":3},{"damage":0,"enemies":"Large Slime","floor":11,"turns":4},{"damage":7,"enemies":"Lagavulin","floor":14,"turns":4},{"damage":15,"enemies":"Hexaghost","floor":16,"turns":7},{"damage":43,"enemies":"Shell Parasite","floor":18,"turns":5},{"damage":34,"enemies":"Slavers","floor":24,"turns":2}],"relics_obtained":[{"floor":6,"key":"Dream Catcher"},{"floor":9,"key":"DataDisk"},{"floor":14,"key":"Blood Vial"}],"event_choices":[{"event_name":"World of Goop","player_choice":"Gather Gold","floor":10,"damage_taken":0},{"event_name":"The Cleric","player_choice":"Card Removal","floor":12,"damage_taken":0},{"event_name":"Golden Wing","player_choice":"Card Removal","floor":13,"damage_taken":0},{"event_name":"Accursed Blacksmith","player_choice":"Forge","floor":19,"damage_taken":0},{"event_name":"Match and Keep!","player_choice":"1 cards matched","floor":21,"damage_taken":0},{"event_name":"Golden Shrine","player_choice":"Pray","floor":22,"damage_taken":0}],"boss_relics":[{"not_picked":["Runic Dome","Inserter"],"picked":"Empty Cage"}],"items_purged_floors":[3,20],"is_endless":false,"potions_floor_spawned":[1,4,5,6,11,18],"seed_played":"3534456846132701324","killed_by":"Slavers","ascension_level":4,"potions_obtained":[{"floor":1,"key":"SteroidPotion"},{"floor":4,"key":"Fire Potion"},{"floor":5,"key":"Strength Potion"},{"floor":6,"key":"SteroidPotion"},{"floor":11,"key":"Energy Potion"},{"floor":18,"key":"FocusPotion"}],"is_trial":false}