{"gold_per_floor":[118,118,43,63,75,104,104,55,55,65,75,92,92,123,123,221,221,232,247,247,147,147,147,147,147],"floor_reached":25,"playtime":801,"items_purged":["Normality","Strike_B"],"score":243,"play_id":"476e80a2-cd26-470a-bda8-eaaad30ea129","local_time":"20180714195111","is_ascension_mode":true,"campfire_choices":[{"data":"Turbo","floor":7,"key":"SMITH"},{"floor":15,"key":"REST"},{"floor":23,"key":"REST"}],"neow_cost":"CURSE","seed_source_timestamp":222677865025810,"circlet_count":0,"master_deck":["Strike_B","Strike_B","Defend_B","Defend_B","Defend_B","Defend_B","Zap","Dualcast","Multi-Cast","Reinforced Body","Loop","Turbo+1","Defragment","Conserve Battery","Tempest","Fusion","Lockon","Fission","Darkness+1","BootSequence","Decay"],"relics":["Cracked Core","Bottled Lightning","Regal Pillow","Blood Vial","Lizard Tail"],"potions_floor_usage":[6,19,19],"damage_taken":[{"damage":1,"enemies":"Cultist","floor":1,"turns":3},{"damage":4,"enemies":"Small Slimes","floor":4,"turns":4},{"damage":7,"enemies":"Jaw Worm","floor":5,"turns":2},{"damage":24,"enemies":"3 Sentries","floor":6,"turns":7},{"damage":1,"enemies":"Exordium Wildlife","floor":10,"turns":2},{"damage":18,"enemies":"Lots of Slimes","floor":11,"turns":3},{"damage":7,"enemies":"Exordium Thugs","floor":12,"turns":3},{"damage":23,"enemies":"Lagavulin","floor":14,"turns":7},{"damage":40,"enemies":"The Guardian","floor":16,"turns":12},{"damage":58,"enemies":"Shell Parasite","floor":18,"turns":11},{"damage":42,"enemies":"2 Thieves","floor":19,"turns":5},{"damage":50,"enemies":"Slavers","floor":25,"turns":3}],"seed_played":"-246161276405154108","potions_obtained":[{"floor":1,"key":"Regen Potion"},{"floor":4,"key":"Energy Potion"},{"floor":16,"key":"Block Potion"}],"is_trial":false,"path_per_floor":["M","?","$","M","M","E","R","$","T","M","M","M","?","E","R","B",null,"M","M","?","$","?","R","?"],"character_chosen":"DEFECT","items_purchased":["Conserve Battery"],"campfire_rested":2,"item_purchase_floors":[8],"current_hp_per_floor":[74,74,74,70,63,54,54,54,54,53,35,28,53,30,67,29,75,17,19,5,5,5,44,44,0],"gold":147,"neow_bonus":"THREE_RARE_CARDS","is_prod":false,"is_daily":false,"chose_seed":false,"campfire_upgraded":1,"win_rate":0,"timestamp":1531590671,"path_taken":["M","?","$","M","?","E","R","$","T","M","M","M","?","E","R","BOSS","M","M","?","?","?","R","?","E"],"build_version":"2018-07-13","purchased_purges":2,"victory":false,"max_hp_per_floor":[75,75,75,75,75,75,75,75,75,75,75,75,75,75,75,75,75,75,75,80,80,80,80,80,80],"card_choices":[{"not_picked":["All For One","Hyperbeam"],"picked":"Multi-Cast","floor":0},{"not_picked":["Cold Snap","Recycle"],"picked":"Reinforced Body","floor":1},{"not_picked":["Tempest","Rip and Tear"],"picked":"Turbo","floor":4},{"not_picked":["Hologram","Compile Driver"],"picked":"Defragment","floor":5},{"not_picked":["FTL","Compile Driver","Stack"],"picked":"SKIP","floor":6},{"not_picked":["Sweeping Beam","Coolheaded"],"picked":"Tempest","floor":10},{"not_picked":["Hologram","Redo"],"picked":"Fusion","floor":11},{"not_picked":["Cold Snap","Ball Lightning"],"picked":"Lockon","floor":12},{"not_picked":["Chill","Auto Shields","Reprogram"],"picked":"SKIP","floor":14},{"not_picked":["Multi-Cast","Core Surge"],"picked":"Fission","floor":16},{"not_picked":["Cold Snap+1","Go for the Eyes+1"],"picked":"Darkness+1","floor":18},{"not_picked":["Gash+1","Leap"],"picked":"BootSequence","floor":19}],"player_experience":59704,"relics_obtained":[{"floor":6,"key":"Bottled Lightning"},{"floor":9,"key":"Regal Pillow"},{"floor":14,"key":"Blood Vial"}],"event_choices":[{"event_name":"Transmorgrifier","player_choice":"Transform","floor":2,"damage_taken":0},{"event_name":"Big Fish","player_choice":"Banana","floor":13,"damage_taken":0},{"event_name":"Forgotten Altar","player_choice":"Shed Blood","floor":20,"damage_taken":0},{"event_name":"Wheel of Change","player_choice":"Curse","floor":22,"damage_taken":0},{"event_name":"Ghosts","player_choice":"Ignored","floor":24,"damage_taken":0}],"boss_relics":[{"not_picked":["Orrery","Coffee Dripper"],"picked":"Lizard Tail"}],"items_purged_floors":[3,21],"is_endless":false,"potions_floor_spawned":[1,4,16],"killed_by":"Slavers","ascension_level":3}