{"gold_per_floor":[117,8,27,27,44,44,62,62,62,72,72,72,72,85,85,85],"floor_reached":16,"playtime":379,"items_purged":[],"score":92,"play_id":"81e0162a-8163-42ab-8ed6-e99f51cd0ade","local_time":"20190309085600","is_ascension_mode":false,"campfire_choices":[{"data":"Riddle With Holes","floor":6,"key":"SMITH"},{"data":"Dagger Spray","floor":12,"key":"SMITH"},{"data":"Blur","floor":15,"key":"SMITH"}],"neow_cost":"NONE","seed_source_timestamp":659862307077778,"circlet_count":0,"master_deck":["Defend_G","Defend_G","Defend_G","Defend_G","Defend_G","Strike_G","Strike_G","Strike_G","Strike_G","Strike_G","Survivor","Neutralize+1","Catalyst","Riddle With Holes+1","Dagger Spray+1","Well Laid Plans","Blur+1"],"relics":["Cursed Key"],"potions_floor_usage":[16],"damage_taken":[{"damage":0,"enemies":"Jaw Worm","floor":1,"turns":5},{"damage":2,"enemies":"Small Slimes","floor":3,"turns":3},{"damage":0,"enemies":"2 Louse","floor":5,"turns":2},{"damage":4,"enemies":"2 Fungi Beasts","floor":7,"turns":3},{"damage":2,"enemies":"Exordium Thugs","floor":10,"turns":5},{"damage":12,"enemies":"3 Louse","floor":14,"turns":3},{"damage":53,"enemies":"Hexaghost","floor":16,"turns":16}],"seed_played":"-3331519872964886885","potions_obtained":[{"floor":1,"key":"Energy Potion"},{"floor":10,"key":"Block Potion"}],"is_trial":false,"path_per_floor":["M","$","M","?","M","R","M","$","T","M","?","R","?","M","R","B"],"character_chosen":"THE_SILENT","items_purchased":["Catalyst","Riddle With Holes"],"campfire_rested":0,"item_purchase_floors":[2,2],"current_hp_per_floor":[70,70,68,68,68,68,64,64,64,62,62,62,62,50,50,0],"gold":85,"neow_bonus":"BOSS_RELIC","is_prod":false,"is_daily":false,"chose_seed":false,"campfire_upgraded":3,"win_rate":0,"timestamp":1552139760,"path_taken":["M","$","M","?","M","R","M","$","T","M","?","R","?","M","R","BOSS"],"build_version":"2019-01-23","purchased_purges":0,"victory":false,"max_hp_per_floor":[70,70,70,70,70,70,70,70,70,70,70,70,70,70,70,70],"card_choices":[{"not_picked":["Endless Agony","Sucker Punch","Poisoned Stab"],"picked":"SKIP","floor":1},{"not_picked":["Backflip","Acrobatics"],"picked":"Dagger Spray","floor":3},{"not_picked":["Dagger Throw","Quick Slash"],"picked":"Well Laid Plans","floor":5},{"not_picked":["Dagger Spray","Prepared","Outmaneuver"],"picked":"SKIP","floor":7},{"not_picked":["Acrobatics","Dagger Throw","Deadly Poison"],"picked":"SKIP","floor":10},{"not_picked":["Backflip","Blade Dance"],"picked":"Blur","floor":14}],"player_experience":861495,"relics_obtained":[],"event_choices":[{"damage_healed":0,"gold_gain":0,"player_choice":"Fled","damage_taken":0,"max_hp_gain":0,"max_hp_loss":0,"event_name":"Scrap Ooze","floor":4,"gold_loss":0},{"damage_healed":0,"gold_gain":0,"player_choice":"Grow","damage_taken":0,"max_hp_gain":0,"max_hp_loss":0,"event_name":"Living Wall","floor":11,"gold_loss":0,"cards_upgraded":["Neutralize"]},{"damage_healed":0,"gold_gain":0,"player_choice":"Ignored","damage_taken":0,"max_hp_gain":0,"max_hp_loss":0,"event_name":"Golden Idol","floor":13,"gold_loss":0}],"is_beta":false,"boss_relics":[],"items_purged_floors":[],"is_endless":false,"potions_floor_spawned":[1,10],"killed_by":"Hexaghost","ascension_level":0}