{"gold_per_floor":[117,117,117,20,95,128,50,88,115,138,174,174,197,222,222,350,350,363,378,293,293,316,316,330,330,330,330,366,382,17,142,142,142],"floor_reached":33,"playtime":1521,"items_purged":["Injury"],"score":433,"play_id":"1352c3cd-6327-4ca7-b2de-7d389a694457","local_time":"20190322235031","is_ascension_mode":true,"campfire_choices":[{"data":"Noxious Fumes","floor":12,"key":"SMITH"},{"floor":15,"key":"REST"},{"floor":23,"key":"REST"},{"floor":27,"key":"REST"},{"floor":32,"key":"REST"}],"neow_cost":"NONE","seed_source_timestamp":830952548916395,"circlet_count":0,"master_deck":["Defend_G","Defend_G","Defend_G","Defend_G","Defend_G","Strike_G","Strike_G","Strike_G","Strike_G+1","Strike_G+1","Survivor","Neutralize","Poisoned Stab+1","Noxious Fumes+1","Bane","Terror","Catalyst","Poisoned Stab","Outmaneuver","Heel Hook","Concentrate","Flying Knee","Tools of the Trade","Riddle With Holes","Riddle With Holes","Prepared+1","PiercingWail","Dagger Spray","Setup+1","Blade Dance"],"relics":["Ring of the Snake","NeowsBlessing","Golden Idol","Whetstone","PreservedInsect","Bronze Scales","Happy Flower","Busted Crown","Meat on the Bone","Tough Bandages","Shuriken","Peace Pipe","The Courier"],"potions_floor_usage":[11,16,16,18,22,22,24,29,31,31,33,33],"damage_taken":[{"damage":0,"enemies":"Small Slimes","floor":1,"turns":1},{"damage":0,"enemies":"3 Sentries","floor":6,"turns":2},{"damage":0,"enemies":"Gremlin Nob","floor":8,"turns":1},{"damage":9,"enemies":"Jaw Worm","floor":10,"turns":2},{"damage":10,"enemies":"3 Sentries","floor":11,"turns":5},{"damage":2,"enemies":"2 Louse","floor":13,"turns":2},{"damage":1,"enemies":"Blue Slaver","floor":14,"turns":3},{"damage":31,"enemies":"Slime Boss","floor":16,"turns":7},{"damage":0,"enemies":"Spheric Guardian","floor":18,"turns":3},{"damage":11,"enemies":"Chosen","floor":19,"turns":4},{"damage":25,"enemies":"Centurion and Healer","floor":22,"turns":6},{"damage":21,"enemies":"Shelled Parasite and Fungi","floor":24,"turns":3},{"damage":42,"enemies":"Book of Stabbing","floor":28,"turns":5},{"damage":15,"enemies":"3 Cultists","floor":29,"turns":4},{"damage":4,"enemies":"Colosseum Slavers","floor":31,"turns":4},{"damage":18,"enemies":"Colosseum Nobs","floor":31,"turns":3},{"damage":66,"enemies":"Champ","floor":33,"turns":7}],"seed_played":"-4697466959238477544","potions_obtained":[{"floor":6,"key":"LiquidBronze"},{"floor":8,"key":"Swift Potion"},{"floor":10,"key":"AttackPotion"},{"floor":16,"key":"Ancient Potion"},{"floor":19,"key":"Swift Potion"},{"floor":21,"key":"PowerPotion"},{"floor":21,"key":"Strength Potion"},{"floor":21,"key":"AttackPotion"},{"floor":24,"key":"Fire Potion"},{"floor":28,"key":"SkillPotion"},{"floor":29,"key":"EssenceOfSteel"},{"floor":31,"key":"EssenceOfSteel"}],"is_trial":false,"path_per_floor":["M","?","?","$","?","E","$","E","T","M","E","R","M","M","R","B",null,"M","M","?","?","M","R","M","?","T","R","E","M","$","?","R","B"],"character_chosen":"THE_SILENT","items_purchased":["Noxious Fumes","Bane","Catalyst","Shuriken","PowerPotion"],"campfire_rested":4,"item_purchase_floors":[4,4,7,30,30],"current_hp_per_floor":[63,63,63,63,52,52,52,52,52,43,33,33,31,30,51,20,58,58,47,47,47,34,55,46,46,46,67,37,34,34,36,57,0],"gold":142,"neow_bonus":"THREE_ENEMY_KILL","is_prod":false,"is_daily":false,"chose_seed":false,"campfire_upgraded":1,"win_rate":0,"timestamp":1553323831,"path_taken":["M","?","?","$","?","E","?","E","T","M","E","R","?","M","R","BOSS","M","M","?","?","?","R","M","?","T","R","E","M","$","?","R","BOSS"],"build_version":"2019-01-23","purchased_purges":1,"victory":false,"max_hp_per_floor":[70,70,70,70,70,70,70,70,70,70,70,70,70,70,70,70,70,70,70,70,70,70,70,70,70,70,70,70,70,70,70,70,70],"card_choices":[{"not_picked":["Flying Knee","Finisher"],"picked":"Poisoned Stab","floor":1},{"not_picked":["Deflect","Predator"],"picked":"Terror","floor":6},{"not_picked":["Underhanded Strike","Distraction"],"picked":"Poisoned Stab","floor":8},{"not_picked":["Bane","Blade Dance"],"picked":"Outmaneuver","floor":10},{"not_picked":["Wraith Form v2","Accuracy"],"picked":"Heel Hook","floor":11},{"not_picked":["Flying Knee","Bane"],"picked":"Concentrate","floor":13},{"not_picked":["Acrobatics","Infinite Blades"],"picked":"Flying Knee","floor":14},{"not_picked":["Wraith Form v2","Adrenaline"],"picked":"Tools of the Trade","floor":16},{"not_picked":[],"picked":"Riddle With Holes","floor":18},{"not_picked":[],"picked":"Riddle With Holes","floor":19},{"not_picked":[],"picked":"Prepared+1","floor":22},{"not_picked":[],"picked":"PiercingWail","floor":24},{"not_picked":[],"picked":"Dagger Spray","floor":28},{"not_picked":[],"picked":"Setup+1","floor":29},{"not_picked":[],"picked":"Blade Dance","floor":31}],"player_experience":388204,"relics_obtained":[{"floor":6,"key":"Whetstone"},{"floor":8,"key":"PreservedInsect"},{"floor":9,"key":"Bronze Scales"},{"floor":11,"key":"Happy Flower"},{"floor":28,"key":"Tough Bandages"},{"floor":31,"key":"Peace Pipe"},{"floor":31,"key":"The Courier"}],"event_choices":[{"damage_healed":0,"gold_gain":0,"player_choice":"Grow","damage_taken":0,"max_hp_gain":0,"max_hp_loss":0,"event_name":"Living Wall","floor":2,"gold_loss":0,"cards_upgraded":["Poisoned Stab"]},{"damage_healed":0,"gold_gain":0,"player_choice":"Take Wound","damage_taken":0,"relics_obtained":["Golden Idol"],"max_hp_gain":0,"max_hp_loss":0,"event_name":"Golden Idol","floor":3,"gold_loss":0,"cards_obtained":["Injury"]},{"damage_healed":0,"gold_gain":75,"player_choice":"Gather Gold","damage_taken":11,"max_hp_gain":0,"max_hp_loss":0,"event_name":"World of Goop","floor":5,"gold_loss":0},{"damage_healed":0,"gold_gain":0,"player_choice":"Obtained Relic","damage_taken":0,"relics_obtained":["Meat on the Bone"],"max_hp_gain":0,"max_hp_loss":0,"event_name":"Addict","floor":20,"gold_loss":85},{"damage_healed":0,"gold_gain":0,"player_choice":"Got Potions","damage_taken":0,"max_hp_gain":0,"max_hp_loss":0,"event_name":"Lab","floor":21,"gold_loss":0},{"damage_healed":0,"gold_gain":0,"player_choice":"Ignored","damage_taken":0,"max_hp_gain":0,"max_hp_loss":0,"event_name":"Ghosts","floor":25,"gold_loss":0},{"damage_healed":0,"gold_gain":0,"player_choice":"Fight","damage_taken":0,"max_hp_gain":0,"max_hp_loss":0,"event_name":"Colosseum","floor":31,"gold_loss":0},{"damage_healed":0,"gold_gain":0,"player_choice":"Fought Nobs","damage_taken":0,"max_hp_gain":0,"max_hp_loss":0,"event_name":"Colosseum","floor":31,"gold_loss":0}],"is_beta":false,"boss_relics":[{"not_picked":["Runic Pyramid","Eternal Feather"],"picked":"Busted Crown"}],"items_purged_floors":[30],"is_endless":false,"potions_floor_spawned":[6,8,10,16,19,24,28,29,31],"killed_by":"Champ","ascension_level":6}