{"gold_per_floor":[113,126,126,201,217,217,230,242,266,286,298,298,74,87,87,182,182,202,202,213,138,138,138,150,150,150,185,202,202,202,301,301,397,397,416,416,471,483,499,499,514,514,541,541,557,557,569,589,589,589],"floor_reached":51,"playtime":4970,"items_purged":["Reprogram"],"score":828,"play_id":"94a97cb1-07c2-44c6-a7c6-3cbd0211270f","local_time":"20180813181403","is_ascension_mode":true,"campfire_choices":[{"data":"Steam","floor":6,"key":"SMITH"},{"floor":12,"key":"REST"},{"floor":15,"key":"REST"},{"data":"Zap","floor":23,"key":"SMITH"},{"data":"Blizzard","floor":25,"key":"SMITH"},{"floor":29,"key":"REST"},{"data":"Hologram","floor":32,"key":"SMITH"},{"floor":40,"key":"REST"},{"data":"Bandage Up","floor":42,"key":"SMITH"},{"floor":44,"key":"REST"},{"floor":46,"key":"REST"},{"data":"Defragment","floor":49,"key":"SMITH"}],"neow_cost":"NONE","seed_source_timestamp":228565825657104,"circlet_count":0,"master_deck":["Zap+1","Dualcast","Chill+1","Gash","Hologram+1","Compile Driver","Blizzard+1","Steam+1","Cold Snap","Gash","Coolheaded+1","Coolheaded+1","Cold Snap","Core Surge+1","Static Discharge+1","Biased Cognition+1","Rebound+1","Bandage Up+1","Hologram+1","Defragment+1","Gash"],"relics":["Pandora\u0027s Box","Orichalcum","Lantern","DataDisk","Lizard Tail","Enchiridion","War Paint","Centennial Puzzle","Astrolabe","Mango","Oddly Smooth Stone"],"potions_floor_usage":[20,20,50,50,50],"damage_taken":[{"damage":12,"enemies":"Jaw Worm","floor":1,"turns":4},{"damage":2,"enemies":"Cultist","floor":2,"turns":3},{"damage":9,"enemies":"Small Slimes","floor":5,"turns":3},{"damage":4,"enemies":"Blue Slaver","floor":7,"turns":4},{"damage":7,"enemies":"Exordium Wildlife","floor":8,"turns":4},{"damage":7,"enemies":"3 Louse","floor":10,"turns":3},{"damage":0,"enemies":"Blue Slaver","floor":11,"turns":3},{"damage":2,"enemies":"Looter","floor":14,"turns":3},{"damage":32,"enemies":"The Guardian","floor":16,"turns":9},{"damage":3,"enemies":"Shell Parasite","floor":18,"turns":6},{"damage":24,"enemies":"2 Thieves","floor":20,"turns":4},{"damage":5,"enemies":"Snake Plant","floor":24,"turns":6},{"damage":9,"enemies":"Gremlin Leader","floor":27,"turns":5},{"damage":0,"enemies":"Centurion and Healer","floor":28,"turns":5},{"damage":57,"enemies":"Automaton","floor":33,"turns":9},{"damage":11,"enemies":"Flame Bruiser 1 Orb","floor":35,"turns":7},{"damage":25,"floor":37,"turns":4},{"damage":6,"enemies":"3 Shapes","floor":38,"turns":4},{"damage":16,"enemies":"Maw","floor":39,"turns":8},{"damage":17,"enemies":"Spire Growth","floor":41,"turns":6},{"damage":0,"enemies":"3 Darklings","floor":45,"turns":6},{"damage":5,"enemies":"Sphere and 2 Shapes","floor":47,"turns":5},{"damage":16,"enemies":"4 Shapes","floor":48,"turns":6},{"damage":63,"enemies":"Donu and Deca","floor":50,"turns":8}],"seed_played":"-6710041042569919608","potions_obtained":[{"floor":1,"key":"SteroidPotion"},{"floor":2,"key":"Block Potion"},{"floor":8,"key":"PowerPotion"},{"floor":11,"key":"FocusPotion"},{"floor":18,"key":"PowerPotion"},{"floor":33,"key":"SpeedPotion"},{"floor":37,"key":"Fire Potion"},{"floor":41,"key":"EssenceOfSteel"}],"is_trial":false,"path_per_floor":["M","M","?","?","M","R","M","M","T","M","M","R","$","M","R","B",null,"M","?","M","?","?","R","M","R","T","E","M","R","?","?","R","B",null,"M","?","?","M","M","R","M","R","T","R","M","R","M","M","R","B"],"character_chosen":"DEFECT","items_purchased":["DataDisk"],"campfire_rested":6,"item_purchase_floors":[13],"current_hp_per_floor":[56,54,54,43,34,34,30,23,23,16,16,38,38,36,58,26,63,60,44,34,34,59,59,54,54,54,45,45,67,67,67,67,10,59,48,38,31,29,17,43,30,30,30,56,62,88,89,77,77,20],"gold":589,"neow_bonus":"BOSS_RELIC","is_prod":false,"is_daily":false,"chose_seed":false,"campfire_upgraded":6,"win_rate":0,"timestamp":1534176843,"path_taken":["M","M","?","?","M","R","M","M","T","M","M","R","?","?","R","BOSS","M","?","M","?","?","R","M","R","T","E","?","R","?","?","R","BOSS","M","?","?","M","?","R","M","R","T","R","M","R","M","M","R","BOSS"],"build_version":"2018-08-09","purchased_purges":1,"victory":true,"max_hp_per_floor":[75,75,75,75,75,75,75,75,75,75,75,75,75,75,75,75,75,75,75,75,75,75,75,75,75,75,75,75,75,75,75,75,75,75,75,75,89,89,89,89,89,89,89,89,89,89,89,89,89,89],"card_choices":[{"not_picked":["Stack","Ball Lightning","Tempest"],"picked":"SKIP","floor":1},{"not_picked":["Consume","Static Discharge"],"picked":"Steam","floor":2},{"not_picked":["Reprogram","Stack","Compile Driver"],"picked":"SKIP","floor":5},{"not_picked":["Fusion","Sweeping Beam","Redo"],"picked":"SKIP","floor":7},{"not_picked":["Beam Cell","Sunder"],"picked":"Cold Snap","floor":8},{"not_picked":["Chaos","Cold Snap"],"picked":"Gash","floor":10},{"not_picked":["Sunder","Go for the Eyes"],"picked":"Coolheaded","floor":11},{"not_picked":["Streamline","FTL"],"picked":"Conserve Battery","floor":14},{"not_picked":["Seek","Buffer"],"picked":"Creative AI","floor":16},{"not_picked":["Cold Snap","Barrage+1","Leap"],"picked":"SKIP","floor":18},{"not_picked":["Cold Snap","Sweeping Beam"],"picked":"Coolheaded+1","floor":20},{"not_picked":["Ball Lightning","Leap"],"picked":"Cold Snap","floor":24},{"not_picked":["Cold Snap","Static Discharge","Ball Lightning+1"],"picked":"SKIP","floor":27},{"not_picked":["Chill","Steam","Double Energy+1"],"picked":"SKIP","floor":28},{"not_picked":["Hologram","Leap+1"],"picked":"Rebound+1","floor":35},{"not_picked":["Panache","Purity"],"picked":"Bandage Up","floor":36},{"not_picked":["Beam Cell","Turbo+1","Sweeping Beam"],"picked":"SKIP","floor":38},{"not_picked":["Fusion","Recycle"],"picked":"Hologram+1","floor":39},{"not_picked":["Reinforced Body","Sweeping Beam","Streamline+1"],"picked":"SKIP","floor":41},{"not_picked":["Chaos","Compile Driver","Stack+1"],"picked":"SKIP","floor":45},{"not_picked":["Machine Learning","Leap+1"],"picked":"Defragment","floor":47},{"not_picked":["Lockon","Cold Snap+1"],"picked":"Gash","floor":48}],"player_experience":438218,"relics_obtained":[{"floor":9,"key":"Lantern"},{"floor":19,"key":"Enchiridion"},{"floor":26,"key":"War Paint"},{"floor":27,"key":"Centennial Puzzle"},{"floor":37,"key":"Mango"},{"floor":43,"key":"Oddly Smooth Stone"}],"event_choices":[{"event_name":"WeMeetAgain","player_choice":"Potion","floor":3,"damage_taken":0},{"event_name":"World of Goop","player_choice":"Gather Gold","floor":4,"damage_taken":0},{"event_name":"Cursed Tome","player_choice":"Obtained Book","floor":19,"damage_taken":0},{"event_name":"Beggar","player_choice":"Gave Gold","floor":21,"damage_taken":0},{"event_name":"The Library","player_choice":"Heal","floor":22,"damage_taken":0},{"event_name":"The Mausoleum","player_choice":"No","floor":30,"damage_taken":0},{"event_name":"Nest","player_choice":"Stole From Cult","floor":31,"damage_taken":0},{"event_name":"SensoryStone","player_choice":"Memory 3","floor":36,"damage_taken":0},{"event_name":"Mysterious Sphere","player_choice":"Fight","floor":37,"damage_taken":0}],"is_beta":false,"boss_relics":[{"not_picked":["Black Star","Orrery"],"picked":"Lizard Tail"},{"not_picked":["White Beast Statue","Runic Dome"],"picked":"Astrolabe"}],"items_purged_floors":[13],"is_endless":false,"potions_floor_spawned":[1,2,8,11,16,18,33,37,41,47,48],"ascension_level":7}