{"gold_per_floor":[119,37,37,37,55,80,80,137,137,151,162,8,31,44,44,121,121,132,132,57,57,68,68,68,68,115,115,130,3,20,20,20,20],"floor_reached":33,"playtime":966,"items_purged":["Strike_R"],"score":536,"play_id":"be6982c3-0287-4c27-a252-7de85b610556","local_time":"20190403213535","is_ascension_mode":true,"campfire_choices":[{"data":"True Grit","floor":7.0,"key":"SMITH"},{"data":"Discovery","floor":15.0,"key":"SMITH"},{"data":"Armaments","floor":23.0,"key":"SMITH"},{"data":"Offering","floor":25.0,"key":"SMITH"},{"data":"Body Slam","floor":27.0,"key":"SMITH"},{"data":"Feel No Pain","floor":32.0,"key":"SMITH"}],"neow_cost":"NONE","seed_source_timestamp":0,"circlet_count":0,"master_deck":["AscendersBane","Strike_R","Defend_R","Defend_R","Defend_R","Defend_R","Bash","Inflame","True Grit+1","Armaments+1","Clash","Body Slam+1","Feel No Pain+1","Power Through","Discovery+1","Offering+1","Barricade","Bloodletting","RitualDagger","Pain","Second Wind","Evolve"],"special_seed":0,"relics":["Burning Blood","NeowsBlessing","Blue Candle","Thread and Needle","Bag of Preparation","Cursed Key","Happy Flower"],"potions_floor_usage":[],"damage_taken":[{"damage":0.0,"enemies":"Small Slimes","floor":1.0,"turns":1.0},{"damage":0.0,"enemies":"2 Louse","floor":5.0,"turns":2.0},{"damage":0.0,"enemies":"3 Sentries","floor":6.0,"turns":2.0},{"damage":36.0,"enemies":"Lagavulin Event","floor":8.0,"turns":5.0},{"damage":1.0,"enemies":"Jaw Worm","floor":10.0,"turns":4.0},{"damage":0.0,"enemies":"2 Fungi Beasts","floor":11.0,"turns":3.0},{"damage":22.0,"enemies":"Exordium Wildlife","floor":14.0,"turns":7.0},{"damage":11.0,"enemies":"Hexaghost","floor":16.0,"turns":16.0},{"damage":17.0,"enemies":"Spheric Guardian","floor":18.0,"turns":4.0},{"damage":6.0,"enemies":"Shell Parasite","floor":22.0,"turns":5.0},{"damage":10.0,"enemies":"Cultist and Chosen","floor":28.0,"turns":6.0},{"damage":21.0,"enemies":"Snake Plant","floor":30.0,"turns":6.0},{"damage":24,"enemies":"Collector","floor":33,"turns":3}],"seed_played":"6089132722996618931","potions_obtained":[{"floor":1.0,"key":"PowerPotion"},{"floor":10.0,"key":"SpeedPotion"},{"floor":11.0,"key":"BloodPotion"},{"floor":16.0,"key":"GamblersBrew"},{"floor":18.0,"key":"Strength Potion"},{"floor":22.0,"key":"AttackPotion"}],"is_trial":false,"path_per_floor":["M","$","?","?","M","E","R","?","T","M","M","$","T","M","R","B",null,"M","?","$","?","M","R","?","R","T","R","M","$","M","?","R","B"],"character_chosen":"IRONCLAD","items_purchased":["True Grit","Armaments","Discovery","PowerPotion","Second Wind","Evolve"],"campfire_rested":0,"item_purchase_floors":[2,2,12,12,29,29],"current_hp_per_floor":[74,74,74,74,75,75,75,45,45,50,56,56,56,40,40,35,65,61,40,40,40,40,40,34,34,34,34,30,30,15,15,15,0],"gold":20,"neow_bonus":"THREE_ENEMY_KILL","is_prod":false,"is_daily":false,"chose_seed":false,"campfire_upgraded":6,"win_rate":0,"timestamp":1554298535,"path_taken":["M","$","?","?","M","E","R","?","T","M","M","$","?","M","R","BOSS","M","?","$","?","?","R","?","R","T","R","M","?","?","?","R","BOSS"],"build_version":"2019-01-23","purchased_purges":1,"victory":false,"max_hp_per_floor":[75,75,75,75,75,75,75,75,75,75,75,75,75,75,75,75,75,75,80,80,80,80,80,80,80,80,80,80,80,80,80,80,80],"card_choices":[{"not_picked":["Ghostly Armor","Thunderclap"],"picked":"Inflame","floor":1.0},{"not_picked":["Spot Weakness","Seeing Red"],"picked":"Body Slam","floor":5.0},{"not_picked":["Clash","Headbutt"],"picked":"Feel No Pain","floor":6.0},{"not_picked":["Armaments","Cleave"],"picked":"Power Through","floor":10.0},{"not_picked":["Reckless Charge","True Grit","Wild Strike"],"picked":"SKIP","floor":11.0},{"not_picked":["Twin Strike","Armaments","Rupture"],"picked":"SKIP","floor":14.0},{"not_picked":["Impervious","Bludgeon"],"picked":"Offering","floor":16.0},{"not_picked":["Shockwave","Searing Blow","Warcry"],"picked":"SKIP","floor":18.0},{"not_picked":["Havoc","Ghostly Armor"],"picked":"Bloodletting","floor":22.0},{"not_picked":["Fire Breathing","Flex","Wild Strike"],"picked":"SKIP","floor":28.0},{"not_picked":["Sword Boomerang","Corruption","Heavy Blade"],"picked":"SKIP","floor":30.0}],"player_experience":1315877,"relics_obtained":[{"floor":6.0,"key":"Blue Candle"},{"floor":8.0,"key":"Thread and Needle"},{"floor":13.0,"key":"Bag of Preparation"},{"floor":26.0,"key":"Happy Flower"}],"event_choices":[{"damage_healed":0.0,"max_hp_gain":0.0,"max_hp_loss":0.0,"gold_gain":0.0,"event_name":"Liars Game","player_choice":"Ignored","floor":3.0,"gold_loss":0.0,"damage_taken":0.0},{"damage_healed":0.0,"max_hp_gain":0.0,"max_hp_loss":0.0,"gold_gain":0.0,"cards_transformed":["Strike_R"],"event_name":"Living Wall","player_choice":"Change","floor":4.0,"gold_loss":0.0,"damage_taken":0.0,"cards_obtained":["Clash"]},{"damage_healed":0.0,"max_hp_gain":0.0,"max_hp_loss":0.0,"gold_gain":0.0,"event_name":"Dead Adventurer","player_choice":"Searched \u00271\u0027 times","floor":8.0,"gold_loss":0.0,"damage_taken":0.0},{"damage_healed":0.0,"max_hp_gain":5.0,"max_hp_loss":0.0,"gold_gain":0.0,"event_name":"Forgotten Altar","player_choice":"Shed Blood","floor":19.0,"gold_loss":0.0,"damage_taken":26.0},{"damage_healed":0.0,"max_hp_gain":0.0,"max_hp_loss":0.0,"gold_gain":0.0,"cards_transformed":["Strike_R"],"event_name":"Transmorgrifier","player_choice":"Transformed","floor":21.0,"gold_loss":0.0,"damage_taken":0.0,"cards_obtained":["Barricade"]},{"damage_healed":0.0,"max_hp_gain":0.0,"max_hp_loss":0.0,"gold_gain":0.0,"event_name":"Nest","player_choice":"Joined the Cult","floor":24.0,"gold_loss":0.0,"damage_taken":6.0,"cards_obtained":["RitualDagger"]},{"cards_removed":["Strike_R"],"damage_healed":0.0,"max_hp_gain":0.0,"max_hp_loss":0.0,"gold_gain":0.0,"event_name":"Back to Basics","player_choice":"Elegance","floor":31.0,"gold_loss":0.0,"damage_taken":0.0}],"is_beta":false,"boss_relics":[{"not_picked":["Philosopher\u0027s Stone","Orrery"],"picked":"Cursed Key"}],"items_purged_floors":[20],"is_endless":false,"potions_floor_spawned":[1,10,11,16,18,22],"killed_by":"Collector","ascension_level":20}