{"gold_per_floor":[117,117,117,135,150,182,182,208,234,234,261,272,286,302,302,398,398,414,414,414,339,254,254,271,271,271,451,486,486,506,585,585,585],"floor_reached":33,"playtime":1316,"items_purged":[],"score":358,"play_id":"b6f6c262-bfc9-4609-ae12-7508b814ad9b","local_time":"20190405151934","is_ascension_mode":false,"campfire_choices":[{"floor":7,"key":"REST"},{"floor":10,"key":"REST"},{"floor":15,"key":"REST"},{"floor":23,"key":"REST"},{"floor":25,"key":"RECALL"},{"floor":29,"key":"REST"},{"floor":32,"key":"REST"}],"neow_cost":"NONE","seed_source_timestamp":165297042897212,"circlet_count":0,"master_deck":["Strike_B","Strike_B","Strike_B","Strike_B","Defend_B","Defend_B","Defend_B","Defend_B","Zap","Dualcast","Sunder","Regret","Tempest","Turbo","Blizzard","Darkness","Defragment","Meteor Strike","Lockon","Hello World","Hyperbeam","Storm","Undo","Double Energy+1","Forethought","Storm","Melter","Chaos","Thunder Strike"],"relics":["Velvet Choker","Smiling Mask","WarpedTongs","Happy Flower","DataDisk","Sundial","Nuclear Battery","Enchiridion","MutagenicStrength","Dream Catcher","Turnip","Lantern","Ornamental Fan"],"potions_floor_usage":[24,33],"damage_taken":[{"damage":1,"enemies":"Small Slimes","floor":1,"turns":3},{"damage":2,"enemies":"Cultist","floor":4,"turns":3},{"damage":7,"enemies":"Jaw Worm","floor":5,"turns":4},{"damage":34,"enemies":"3 Sentries","floor":6,"turns":6},{"damage":29,"enemies":"Lagavulin","floor":8,"turns":4},{"damage":4,"enemies":"Gremlin Nob","floor":11,"turns":3},{"damage":7,"enemies":"Looter","floor":12,"turns":2},{"damage":13,"enemies":"2 Fungi Beasts","floor":13,"turns":3},{"damage":0,"enemies":"Large Slime","floor":14,"turns":2},{"damage":4,"enemies":"Slime Boss","floor":16,"turns":4},{"damage":9,"enemies":"Chosen","floor":18,"turns":4},{"damage":2,"enemies":"Shell Parasite","floor":24,"turns":3},{"damage":0,"enemies":"Gremlin Leader","floor":28,"turns":4},{"damage":42,"enemies":"Shelled Parasite and Fungi","floor":30,"turns":5},{"damage":50,"enemies":"Automaton","floor":33,"turns":4}],"seed_played":"8335421096573270173","potions_obtained":[{"floor":5,"key":"FocusPotion"},{"floor":6,"key":"Strength Potion"},{"floor":8,"key":"Weak Potion"},{"floor":12,"key":"LiquidBronze"},{"floor":18,"key":"PowerPotion"}],"is_trial":false,"path_per_floor":["M","?","?","M","M","E","R","E","T","R","E","M","M","M","R","B",null,"M","?","?","?","?","R","M","R","T","?","E","R","M","T","R","B"],"character_chosen":"DEFECT","items_purchased":[],"campfire_rested":6,"item_purchase_floors":[],"current_hp_per_floor":[74,74,74,72,65,31,53,24,24,46,42,35,22,22,44,40,75,66,50,50,50,50,72,70,70,70,42,42,64,22,22,44,0],"gold":585,"neow_bonus":"BOSS_RELIC","is_prod":false,"is_daily":false,"chose_seed":false,"campfire_upgraded":0,"win_rate":0,"timestamp":1554502774,"path_taken":["M","?","?","?","M","E","R","E","T","R","E","M","M","?","R","BOSS","M","?","?","?","?","R","?","R","T","?","E","R","?","?","R","BOSS"],"build_version":"2019-01-23","purchased_purges":0,"victory":false,"max_hp_per_floor":[75,75,75,75,75,75,75,75,75,75,75,75,75,75,75,75,75,75,75,75,75,75,75,75,75,75,75,75,75,75,75,75,75],"card_choices":[{"not_picked":["Leap","Go for the Eyes"],"picked":"Sunder","floor":1},{"not_picked":["Cold Snap","FTL"],"picked":"Tempest","floor":4},{"not_picked":["Coolheaded","Rebound"],"picked":"Turbo","floor":5},{"not_picked":["Heatsinks","Hologram"],"picked":"Blizzard","floor":6},{"not_picked":["Heatsinks","Sunder"],"picked":"Darkness","floor":8},{"not_picked":["Conserve Battery","Reprogram"],"picked":"Defragment","floor":11},{"not_picked":["Tempest","Beam Cell"],"picked":"Meteor Strike","floor":12},{"not_picked":["Gash","Coolheaded"],"picked":"Lockon","floor":13},{"not_picked":["Ball Lightning","Conserve Battery"],"picked":"Hello World","floor":14},{"not_picked":["Core Surge","Biased Cognition"],"picked":"Hyperbeam","floor":16},{"not_picked":["Rip and Tear","Ball Lightning"],"picked":"Storm","floor":18},{"not_picked":["Blizzard","Stack"],"picked":"Undo","floor":23},{"not_picked":["Compile Driver","Cold Snap"],"picked":"Double Energy+1","floor":24},{"not_picked":["Coolheaded","Gash+1"],"picked":"Storm","floor":28},{"not_picked":["Coolheaded","Turbo+1"],"picked":"Melter","floor":29},{"not_picked":["Reinforced Body","Rip and Tear"],"picked":"Chaos","floor":30},{"not_picked":["Steam","Blizzard+1"],"picked":"Thunder Strike","floor":32}],"player_experience":486353,"relics_obtained":[{"floor":6,"key":"Happy Flower"},{"floor":8,"key":"DataDisk"},{"floor":11,"key":"Sundial"},{"floor":19,"key":"Enchiridion"},{"floor":26,"key":"Turnip"},{"floor":28,"key":"Lantern"},{"floor":31,"key":"Ornamental Fan"}],"event_choices":[{"damage_healed":0,"gold_gain":0,"player_choice":"Box","damage_taken":0,"relics_obtained":["Smiling Mask"],"max_hp_gain":0,"max_hp_loss":0,"event_name":"Big Fish","floor":2,"gold_loss":0,"cards_obtained":["Regret"]},{"damage_healed":0,"gold_gain":0,"player_choice":"Rummage","damage_taken":0,"relics_obtained":["WarpedTongs"],"max_hp_gain":0,"max_hp_loss":0,"event_name":"Accursed Blacksmith","floor":3,"gold_loss":0,"cards_obtained":["Pain"]},{"damage_healed":0,"gold_gain":0,"player_choice":"Obtained Book","damage_taken":16,"max_hp_gain":0,"max_hp_loss":0,"event_name":"Cursed Tome","floor":19,"gold_loss":0},{"damage_healed":0,"gold_gain":0,"player_choice":"Inject Mutagens","damage_taken":0,"relics_obtained":["MutagenicStrength"],"max_hp_gain":0,"max_hp_loss":0,"event_name":"Drug Dealer","floor":20,"gold_loss":0},{"cards_removed":["Pain"],"damage_healed":0,"gold_gain":0,"player_choice":"Gave Gold","damage_taken":0,"max_hp_gain":0,"max_hp_loss":0,"event_name":"Beggar","floor":21,"gold_loss":75},{"damage_healed":0,"gold_gain":0,"player_choice":"Obtained Relic","damage_taken":0,"relics_obtained":["Dream Catcher"],"max_hp_gain":0,"max_hp_loss":0,"event_name":"Addict","floor":22,"gold_loss":85},{"damage_healed":0,"gold_gain":180,"player_choice":"GOLD CARD GOLD ","damage_taken":28,"max_hp_gain":0,"max_hp_loss":0,"event_name":"Knowing Skull","floor":27,"potions_obtained":[],"gold_loss":0,"cards_obtained":["Forethought"]}],"is_beta":false,"boss_relics":[{"not_picked":["Philosopher\u0027s Stone","Sozu"],"picked":"Nuclear Battery"}],"items_purged_floors":[],"is_endless":false,"potions_floor_spawned":[5,6,8,12,16,18],"killed_by":"Automaton","ascension_level":0}