{"gold_per_floor":[114,184,184,184,194,229,229,229,304,52,52,52,52,62,62,159,159,171,171,182,197,226,226,238,238,294,312,328,328,328,140,140,241,241,261,361,373,23,23,23,23],"floor_reached":41,"playtime":2420,"items_purged":[],"score":387,"play_id":"9dbfd8e1-c234-4fee-91af-d2bf26340ad9","local_time":"20190429193923","is_ascension_mode":false,"campfire_choices":[{"floor":7.0,"key":"REST"},{"floor":11.0,"key":"REST"},{"data":"Infinite Blades","floor":13.0,"key":"SMITH"},{"data":"All Out Attack","floor":15.0,"key":"SMITH"},{"floor":23,"key":"REST"},{"floor":29,"key":"REST"},{"floor":32,"key":"REST"},{"floor":40,"key":"REST"}],"neow_cost":"NONE","seed_source_timestamp":0,"circlet_count":0,"master_deck":["Defend_G+1","Defend_G+1","Defend_G+1","Defend_G+1","Defend_G+1","Strike_G+1","Strike_G+1","Strike_G+1","Strike_G+1","Strike_G+1","Survivor","Neutralize+1","All Out Attack","All Out Attack+1","Underhanded Strike","All Out Attack+1","Infinite Blades+1","Underhanded Strike","Glass Knife","Underhanded Strike","Predator","Choke","Riddle With Holes","Die Die Die","Noxious Fumes+1","Terror","Escape Plan","Burst","Deadly Poison+1","PiercingWail+1","Dagger Spray+1","Footwork","Magnetism"],"special_seed":0,"relics":["Ring of the Snake","Kunai","Paper Crane","Lantern","Runic Pyramid","Gremlin Horn","Red Mask","Tiny Chest","Ancient Tea Set","Happy Flower","Lizard Tail","Nunchaku","Mango"],"potions_floor_usage":[24,27,27,28,33,33,33,36],"damage_taken":[{"damage":1.0,"enemies":"Jaw Worm","floor":1.0,"turns":7.0},{"damage":0.0,"enemies":"2 Louse","floor":5.0,"turns":2.0},{"damage":22.0,"enemies":"Lagavulin","floor":6.0,"turns":7.0},{"damage":0.0,"enemies":"Small Slimes","floor":14.0,"turns":2.0},{"damage":30.0,"enemies":"Slime Boss","floor":16.0,"turns":10.0},{"damage":6.0,"enemies":"3 Byrds","floor":18.0,"turns":3.0},{"damage":0.0,"enemies":"Chosen","floor":20.0,"turns":4.0},{"damage":27.0,"enemies":"3 Cultists","floor":21.0,"turns":4.0},{"damage":0.0,"enemies":"Masked Bandits","floor":22.0,"turns":2.0},{"damage":25,"enemies":"Snake Plant","floor":24,"turns":6},{"damage":21,"enemies":"Cultist and Chosen","floor":27,"turns":5},{"damage":0,"enemies":"Centurion and Healer","floor":28,"turns":4},{"damage":40,"enemies":"Champ","floor":33,"turns":12},{"damage":29,"enemies":"3 Shapes","floor":35,"turns":2},{"damage":37,"enemies":"Mind Bloom Boss Battle","floor":36,"turns":6},{"damage":22,"enemies":"3 Darklings","floor":37,"turns":5},{"damage":64,"enemies":"Maw","floor":41,"turns":7}],"seed_played":"-6227737447356460789","potions_obtained":[{"floor":5.0,"key":"Fire Potion"},{"floor":14.0,"key":"Energy Potion"},{"floor":16.0,"key":"Fire Potion"},{"floor":22.0,"key":"EntropicBrew"},{"floor":24,"key":"EntropicBrew"},{"floor":33,"key":"Block Potion"}],"is_trial":false,"path_per_floor":["M","?","?","?","M","E","R","?","T","$","R","?","R","M","R","B",null,"M","T","M","M","?","R","M","?","T","M","M","R","T","$","R","B",null,"M","?","M","$","?","R","M"],"character_chosen":"THE_SILENT","items_purchased":["Lantern","All Out Attack","Infinite Blades","Happy Flower","Escape Plan","Mango","Footwork"],"campfire_rested":6,"item_purchase_floors":[10,10,10,31,31,38,38],"current_hp_per_floor":[69,69,55,48,48,26,47,47,47,47,68,68,68,68,68,38,70,64,64,64,37,37,58,33,33,33,26,26,47,47,47,68,28,70,41,4,17,31,31,56,0],"gold":23,"neow_bonus":"UPGRADE_CARD","is_prod":false,"is_daily":false,"chose_seed":false,"campfire_upgraded":2,"win_rate":0.0,"timestamp":1556581163,"path_taken":["M","?","?","?","?","E","R","?","T","$","R","?","R","M","R","BOSS","M","?","M","M","?","R","M","?","T","M","M","R","?","$","R","BOSS","M","?","M","$","?","R","M"],"build_version":"2019-01-23","purchased_purges":0,"victory":false,"max_hp_per_floor":[70,70,70,70,70,70,70,70,70,70,70,70,70,70,70,70,70,70,70,70,70,70,70,70,70,70,70,70,70,70,70,70,70,70,70,70,70,84,84,84,84],"card_choices":[{"not_picked":["Deflect","Blade Dance"],"picked":"All Out Attack","floor":1.0},{"not_picked":["Finisher","Skewer"],"picked":"All Out Attack","floor":5.0},{"not_picked":["PiercingWail","Quick Slash"],"picked":"Underhanded Strike","floor":6.0},{"not_picked":["Crippling Poison","Backflip"],"picked":"Underhanded Strike","floor":14.0},{"not_picked":["Unload","A Thousand Cuts"],"picked":"Glass Knife","floor":16.0},{"not_picked":["PiercingWail+1","Flying Knee"],"picked":"Underhanded Strike","floor":18.0},{"not_picked":["Skewer","Cloak And Dagger"],"picked":"Predator","floor":20.0},{"not_picked":["Expertise","Dagger Spray+1"],"picked":"Choke","floor":21.0},{"not_picked":["Well Laid Plans+1","Dodge and Roll"],"picked":"Riddle With Holes","floor":22.0},{"not_picked":["Crippling Poison","Sucker Punch"],"picked":"Die Die Die","floor":24},{"not_picked":["Well Laid Plans+1","Dodge and Roll"],"picked":"Noxious Fumes+1","floor":27},{"not_picked":["Prepared","PiercingWail"],"picked":"Terror","floor":28},{"not_picked":["Tools of the Trade","Wraith Form v2"],"picked":"Burst","floor":33},{"not_picked":["Flying Knee+1","Choke"],"picked":"Deadly Poison+1","floor":35},{"not_picked":["Outmaneuver","Dagger Throw+1"],"picked":"PiercingWail+1","floor":36},{"not_picked":["Slice","Flying Knee+1"],"picked":"Dagger Spray+1","floor":37},{"not_picked":["Jack Of All Trades","Secret Weapon"],"picked":"Magnetism","floor":39}],"player_experience":31349,"relics_obtained":[{"floor":6.0,"key":"Kunai"},{"floor":9.0,"key":"Paper Crane"},{"floor":19.0,"key":"Gremlin Horn"},{"floor":22.0,"key":"Red Mask"},{"floor":26,"key":"Tiny Chest"},{"floor":30,"key":"Ancient Tea Set"},{"floor":36,"key":"Nunchaku"}],"event_choices":[{"damage_healed":0.0,"max_hp_gain":0.0,"max_hp_loss":0.0,"gold_gain":70.0,"event_name":"Golden Wing","player_choice":"Gained Gold","floor":2.0,"gold_loss":0.0,"damage_taken":0.0},{"damage_healed":0.0,"max_hp_gain":0.0,"max_hp_loss":0.0,"gold_gain":0.0,"event_name":"Shining Light","player_choice":"Entered Light","floor":3.0,"gold_loss":0.0,"damage_taken":14.0,"cards_upgraded":["Defend_G","Defend_G"]},{"damage_healed":0.0,"max_hp_gain":0.0,"max_hp_loss":0.0,"gold_gain":0.0,"event_name":"Wheel of Change","player_choice":"Damaged","floor":4.0,"gold_loss":0.0,"damage_taken":7.0},{"damage_healed":0.0,"max_hp_gain":0.0,"max_hp_loss":0.0,"gold_gain":0.0,"event_name":"Living Wall","player_choice":"Grow","floor":8.0,"gold_loss":0.0,"damage_taken":0.0,"cards_upgraded":["All Out Attack"]},{"cards_removed":["Strike_R"],"damage_healed":0.0,"max_hp_gain":0.0,"max_hp_loss":0.0,"gold_gain":0.0,"event_name":"NoteForYourself","player_choice":"Took Card","floor":12.0,"gold_loss":0.0,"damage_taken":0.0,"cards_obtained":["Strike_R"]},{"damage_healed":0.0,"max_hp_gain":0.0,"max_hp_loss":0.0,"gold_gain":0.0,"event_name":"Masked Bandits","player_choice":"Fought Bandits","floor":22.0,"gold_loss":0.0,"damage_taken":0.0},{"damage_healed":0,"gold_gain":0,"player_choice":"Simplicity","damage_taken":0,"max_hp_gain":0,"max_hp_loss":0,"event_name":"Back to Basics","floor":25,"gold_loss":0,"cards_upgraded":["Defend_G","Defend_G","Defend_G","Strike_G","Strike_G","Strike_G","Strike_G","Strike_G"]},{"damage_healed":0,"gold_gain":0,"player_choice":"Fight","damage_taken":0,"max_hp_gain":0,"max_hp_loss":0,"event_name":"MindBloom","floor":36,"gold_loss":0},{"damage_healed":0,"gold_gain":0,"player_choice":"Memory 1","damage_taken":0,"max_hp_gain":0,"max_hp_loss":0,"event_name":"SensoryStone","floor":39,"gold_loss":0}],"is_beta":false,"boss_relics":[{"not_picked":["Sozu","HoveringKite"],"picked":"Runic Pyramid"},{"not_picked":["Coffee Dripper","Orrery"],"picked":"Lizard Tail"}],"items_purged_floors":[],"is_endless":false,"potions_floor_spawned":[5,14,16,22,24,28,33],"killed_by":"Maw","ascension_level":0}