{"gold_per_floor":[116,126,139,159,159,170,204,82,106,126,154,154,171,184,184,287,287,320,333,346,346,11,11,42,58,85,120,136,171,189,209,209,209],"floor_reached":33,"playtime":2561,"items_purged":["Strike_R"],"score":394,"play_id":"85e0173c-67a8-4ef2-99d0-6e9139d36ca6","local_time":"20190124210011","is_ascension_mode":true,"campfire_choices":[{"data":"Demon Form","floor":15,"key":"SMITH"},{"data":"Heavy Blade","floor":23,"key":"SMITH"},{"floor":32,"key":"REST"}],"neow_cost":"NONE","seed_source_timestamp":30259007987100,"circlet_count":0,"master_deck":["Strike_R","Strike_R","Strike_R","Defend_R","Defend_R","Defend_R","Defend_R","Bash","Twin Strike","Pummel","Shrug It Off","Clothesline+1","Heavy Blade+1","Anger","Warcry","Twin Strike","Bash","Jack Of All Trades","Twin Strike","Demon Form+1","Reaper","Flex","Flex","Flex","Shrug It Off+1","Pummel","Thunderclap","Clothesline+1","Clothesline+1","Battle Trance+1"],"relics":["Burning Blood","Lantern","Oddly Smooth Stone","Tiny Chest","Strawberry","Smiling Mask","Sozu","Incense Burner","Omamori","Self Forming Clay","Dream Catcher"],"potions_floor_usage":[27,30,31],"damage_taken":[{"damage":8,"enemies":"Jaw Worm","floor":1,"turns":3},{"damage":7,"enemies":"2 Louse","floor":2,"turns":2},{"damage":1,"enemies":"Cultist","floor":3,"turns":3},{"damage":4,"enemies":"2 Fungi Beasts","floor":4,"turns":3},{"damage":8,"enemies":"Red Slaver","floor":6,"turns":3},{"damage":31,"enemies":"3 Sentries","floor":7,"turns":9},{"damage":11,"enemies":"Large Slime","floor":10,"turns":6},{"damage":13,"enemies":"Lagavulin","floor":11,"turns":5},{"damage":10,"enemies":"Looter","floor":13,"turns":2},{"damage":0,"enemies":"Exordium Wildlife","floor":14,"turns":3},{"damage":0,"enemies":"Slime Boss","floor":16,"turns":7},{"damage":10,"enemies":"3 Byrds","floor":18,"turns":5},{"damage":0,"enemies":"Chosen","floor":19,"turns":4},{"damage":24,"enemies":"Snecko","floor":20,"turns":5},{"damage":23,"enemies":"Book of Stabbing","floor":24,"turns":4},{"damage":20,"enemies":"Centurion and Healer","floor":25,"turns":5},{"damage":21,"enemies":"Slavers","floor":27,"turns":5},{"damage":15,"enemies":"Snake Plant","floor":28,"turns":3},{"damage":28,"enemies":"Book of Stabbing","floor":29,"turns":5},{"damage":1,"enemies":"Snecko","floor":30,"turns":3},{"damage":17,"enemies":"Cultist and Chosen","floor":31,"turns":7},{"damage":46,"enemies":"Champ","floor":33,"turns":8}],"seed_played":"7112234071553099417","potions_obtained":[{"floor":6,"key":"Block Potion"},{"floor":7,"key":"SteroidPotion"},{"floor":13,"key":"EssenceOfSteel"}],"is_trial":false,"path_per_floor":["M","M","M","M","?","M","E","$","T","M","E","?","M","M","R","B",null,"M","M","M","?","$","R","E","M","T","E","M","E","M","M","R","B"],"character_chosen":"IRONCLAD","items_purchased":["Tiny Chest","Incense Burner"],"campfire_rested":1,"item_purchase_floors":[8,22],"current_hp_per_floor":[78,77,80,80,80,78,53,53,60,55,48,48,44,50,50,56,87,83,87,69,69,69,69,52,46,46,31,22,15,20,9,35,0],"gold":209,"neow_bonus":"RANDOM_COMMON_RELIC","is_prod":false,"is_daily":false,"chose_seed":false,"campfire_upgraded":2,"win_rate":0,"timestamp":1548381611,"path_taken":["M","M","M","M","?","M","E","$","T","M","E","?","?","M","R","BOSS","M","M","M","?","$","R","E","M","T","E","M","E","M","M","R","BOSS"],"build_version":"2019-01-23","purchased_purges":1,"victory":false,"max_hp_per_floor":[80,80,80,80,80,80,80,80,87,87,87,87,87,87,87,87,87,87,87,87,87,87,87,87,87,87,87,87,87,87,87,87,87],"card_choices":[{"not_picked":["Wild Strike","Havoc"],"picked":"Twin Strike","floor":1},{"not_picked":["Cleave","Clothesline"],"picked":"Pummel","floor":2},{"not_picked":["Fire Breathing","Thunderclap"],"picked":"Shrug It Off","floor":3},{"not_picked":["Armaments","Searing Blow"],"picked":"Clothesline","floor":4},{"not_picked":["Rampage","Second Wind"],"picked":"Heavy Blade","floor":6},{"not_picked":["Shockwave","Dark Embrace"],"picked":"Anger","floor":7},{"not_picked":["Battle Trance","Power Through"],"picked":"Warcry","floor":10},{"not_picked":["Rupture","Armaments"],"picked":"Twin Strike","floor":11},{"not_picked":["Flame Barrier","Disarm"],"picked":"Twin Strike","floor":13},{"not_picked":["Evolve","Clothesline"],"picked":"Demon Form","floor":14},{"not_picked":["Exhume","Feed"],"picked":"Reaper","floor":16},{"not_picked":["Anger","Sword Boomerang"],"picked":"Flex","floor":18},{"not_picked":["Shockwave","Flame Barrier"],"picked":"Flex","floor":19},{"not_picked":["Headbutt","Cleave+1","Burning Pact"],"picked":"SKIP","floor":20},{"not_picked":["Dark Embrace","Evolve+1"],"picked":"Flex","floor":24},{"not_picked":["Rage","Thunderclap"],"picked":"Shrug It Off+1","floor":25},{"not_picked":["True Grit","Wild Strike"],"picked":"Pummel","floor":27},{"not_picked":["Body Slam+1","Second Wind+1","Headbutt"],"picked":"SKIP","floor":28},{"not_picked":["Sword Boomerang","Feel No Pain+1"],"picked":"Thunderclap","floor":29},{"not_picked":["Fire Breathing","Iron Wave"],"picked":"Clothesline+1","floor":30},{"not_picked":["Wild Strike+1","Headbutt"],"picked":"Clothesline+1","floor":31},{"not_picked":["Headbutt","Armaments"],"picked":"Battle Trance+1","floor":32}],"player_experience":148707,"relics_obtained":[{"floor":7,"key":"Oddly Smooth Stone"},{"floor":9,"key":"Strawberry"},{"floor":11,"key":"Smiling Mask"},{"floor":24,"key":"Omamori"},{"floor":27,"key":"Self Forming Clay"},{"floor":29,"key":"Dream Catcher"}],"event_choices":[{"damage_healed":0,"gold_gain":0,"player_choice":"Grow","damage_taken":0,"max_hp_gain":0,"max_hp_loss":0,"event_name":"Living Wall","floor":5,"gold_loss":0,"cards_upgraded":["Clothesline"]},{"damage_healed":0,"gold_gain":0,"player_choice":"2 cards matched","damage_taken":0,"max_hp_gain":0,"max_hp_loss":0,"event_name":"Match and Keep!","floor":12,"gold_loss":0,"cards_obtained":["Bash","Jack Of All Trades"]},{"cards_removed":["Strike_R"],"damage_healed":0,"gold_gain":0,"player_choice":"Offered Basic","damage_taken":0,"max_hp_gain":0,"max_hp_loss":0,"event_name":"Bonfire Elementals","floor":21,"gold_loss":0}],"is_beta":false,"boss_relics":[{"not_picked":["Calling Bell","Empty Cage"],"picked":"Sozu"}],"items_purged_floors":[22],"is_endless":false,"potions_floor_spawned":[6,7,13,14,16,25,27,29,30,31],"killed_by":"Champ","ascension_level":1}