{"gold_per_floor":[367,367,11,23,40,40,74,74,97,97,132,151,185,195,195,296,296,312,69,87,187,187,213,213,225,225,280,292,303,303,64,64,160,160,172,189,214,229,29,29,42,53,80,107,119,149,161,188,200,212],"floor_reached":50,"playtime":4294,"items_purged":[],"score":733,"play_id":"6e7912f9-1717-407e-a185-794e9b99d83f","local_time":"20190119004724","is_ascension_mode":true,"campfire_choices":[{"floor":6.0,"key":"DIG"},{"floor":8.0,"key":"DIG"},{"floor":15.0,"key":"REST"},{"floor":24.0,"key":"REST"},{"floor":30.0,"key":"DIG"},{"floor":32.0,"key":"REST"},{"floor":40.0,"key":"DIG"},{"floor":45,"key":"REST"},{"floor":47,"key":"REST"},{"floor":49,"key":"REST"}],"neow_cost":"CURSE","seed_source_timestamp":0,"circlet_count":0,"master_deck":["Strike_R","Strike_R","Strike_R","Strike_R","Strike_R+1","Defend_R","Defend_R","Defend_R","Defend_R","Bash+1","True Grit","Pommel Strike","Clothesline","Armaments","Bludgeon","Pummel","Ghostly Armor","Immolate","Flex","Flex+1","Iron Wave","Reaper","Sentinel","Headbutt+1","Sword Boomerang+1","Cleave+1","Demon Form","Exhume","Seeing Red+1","Battle Trance","Flame Barrier+1","Inflame","Double Tap","Flame Barrier","Body Slam+1","Impervious","Pummel+1","Armaments+1","Spot Weakness+1"],"special_seed":0,"relics":["Black Blood","Shovel","Whetstone","Vajra","Bronze Scales","Lantern","Strawberry","Shuriken","Black Star","Lee\u0027s Waffle","Ice Cream","Blue Candle","Matryoshka","Meat on the Bone","Regal Pillow","Molten Egg 2","Potion Belt","Tiny Chest","Darkstone Periapt","Sundial","Dream Catcher","FossilizedHelix","MawBank"],"potions_floor_usage":[42,50,50,50],"damage_taken":[{"damage":15.0,"enemies":"Cultist","floor":1.0,"turns":5.0},{"damage":2.0,"enemies":"Jaw Worm","floor":4.0,"turns":5.0},{"damage":11.0,"enemies":"Small Slimes","floor":5.0,"turns":4.0},{"damage":28.0,"enemies":"3 Sentries","floor":7.0,"turns":8.0},{"damage":15.0,"enemies":"Lagavulin","floor":11.0,"turns":5.0},{"damage":0.0,"enemies":"Looter","floor":12.0,"turns":1.0},{"damage":12.0,"enemies":"Gremlin Nob","floor":13.0,"turns":3.0},{"damage":5.0,"enemies":"Lots of Slimes","floor":14.0,"turns":3.0},{"damage":19.0,"enemies":"The Guardian","floor":16.0,"turns":12.0},{"damage":23.0,"enemies":"Shell Parasite","floor":18.0,"turns":6.0},{"damage":0.0,"enemies":"3 Byrds","floor":20.0,"turns":3.0},{"damage":18.0,"enemies":"Colosseum Slavers","floor":21.0,"turns":3.0},{"damage":7.0,"enemies":"Colosseum Nobs","floor":21.0,"turns":5.0},{"damage":44.0,"enemies":"Slavers","floor":23.0,"turns":5.0},{"damage":13.0,"enemies":"3 Cultists","floor":25.0,"turns":3.0},{"damage":20.0,"enemies":"Gremlin Leader","floor":27.0,"turns":7.0},{"damage":42.0,"enemies":"Centurion and Healer","floor":28.0,"turns":7.0},{"damage":10.0,"enemies":"Cultist and Chosen","floor":29.0,"turns":5.0},{"damage":86.0,"enemies":"Automaton","floor":33.0,"turns":10.0},{"damage":27.0,"enemies":"3 Shapes","floor":35.0,"turns":7.0},{"damage":15.0,"enemies":"Orb Walker","floor":36.0,"turns":4.0},{"damage":27.0,"enemies":"Maw","floor":38.0,"turns":7.0},{"damage":34.0,"enemies":"Sphere and 2 Shapes","floor":41.0,"turns":8.0},{"damage":57,"enemies":"Writhing Mass","floor":42,"turns":6},{"damage":24,"enemies":"3 Darklings","floor":44,"turns":6},{"damage":56,"enemies":"Jaw Worm Horde","floor":46,"turns":6},{"damage":67,"enemies":"Spire Growth","floor":48,"turns":7},{"damage":99,"enemies":"Donu and Deca","floor":50,"turns":5}],"seed_played":"4724249474417634914","potions_obtained":[{"floor":1.0,"key":"Regen Potion"},{"floor":5.0,"key":"SteroidPotion"},{"floor":10.0,"key":"SpeedPotion"},{"floor":10.0,"key":"Strength Potion"},{"floor":10.0,"key":"SneckoOil"},{"floor":13.0,"key":"Fire Potion"},{"floor":16.0,"key":"Block Potion"},{"floor":20.0,"key":"FearPotion"},{"floor":23.0,"key":"Poison Potion"},{"floor":29.0,"key":"Weak Potion"},{"floor":33.0,"key":"Dexterity Potion"},{"floor":35.0,"key":"Fire Potion"},{"floor":38.0,"key":"SteroidPotion"},{"floor":41.0,"key":"Ancient Potion"},{"floor":46,"key":"Weak Potion"},{"floor":48,"key":"GamblersBrew"}],"is_trial":false,"path_per_floor":["M","?","$","M","M","R","E","R","T","?","E","M","E","M","R","B",null,"M","$","M","?","?","E","R","M","T","E","M","M","R","$","R","B",null,"M","M","T","M","$","R","M","M","T","M","R","M","R","M","R","B"],"character_chosen":"IRONCLAD","items_purchased":["Shovel","Weak Potion","Lee\u0027s Waffle","AttackPotion","Demon Form","Strength Potion","Dexterity Potion","Inflame","Dexterity Potion","Double Tap"],"campfire_rested":6,"item_purchase_floors":[3,3,19,19,31,31,31,39,39,39],"current_hp_per_floor":[63,63,63,80,75,75,53,53,53,53,51,57,51,52,78,65,82,65,94,94,81,81,43,71,85,85,89,67,69,69,69,94,42,81,79,82,82,65,65,65,61,26,26,40,83,49,92,53,94,0],"gold":212,"neow_bonus":"TWO_FIFTY_GOLD","is_prod":false,"is_daily":false,"chose_seed":false,"campfire_upgraded":0,"win_rate":0,"timestamp":1547855244,"path_taken":["M","?","$","M","M","R","E","R","T","?","E","M","E","?","R","BOSS","M","$","M","?","?","E","R","M","T","E","?","M","R","$","R","BOSS","M","M","?","M","$","R","M","?","T","?","R","?","R","M","R","BOSS"],"build_version":"2019-01-17v2","purchased_purges":0,"victory":false,"max_hp_per_floor":[80,80,80,80,80,80,80,80,80,80,87,87,87,87,87,87,87,87,94,94,94,94,94,94,94,94,94,94,94,94,94,94,94,94,94,94,94,94,94,94,94,94,94,94,94,94,94,94,94,94],"card_choices":[{"not_picked":["Flex","Carnage"],"picked":"True Grit","floor":1.0},{"not_picked":["Dual Wield","Evolve"],"picked":"Pommel Strike","floor":4.0},{"not_picked":["Clash","Havoc"],"picked":"Clothesline","floor":5.0},{"not_picked":["Power Through","Pummel"],"picked":"Armaments","floor":7.0},{"not_picked":["Metallicize","Battle Trance"],"picked":"Bludgeon","floor":11.0},{"not_picked":["Rupture","Clash"],"picked":"Pummel","floor":12.0},{"not_picked":["Brutality","Clash","Thunderclap"],"picked":"SKIP","floor":13.0},{"not_picked":["Bloodletting","Wild Strike"],"picked":"Ghostly Armor","floor":14.0},{"not_picked":["Offering","Barricade"],"picked":"Immolate","floor":16.0},{"not_picked":["Dropkick+1","Entrench"],"picked":"Flex","floor":18.0},{"not_picked":["Burning Pact","Combust"],"picked":"Flex+1","floor":20.0},{"not_picked":["Heavy Blade+1","Twin Strike"],"picked":"Iron Wave","floor":21.0},{"not_picked":["Infernal Blade","Blood for Blood+1"],"picked":"Reaper","floor":23.0},{"not_picked":["Thunderclap","Second Wind"],"picked":"Sentinel","floor":25.0},{"not_picked":["Anger+1","Dual Wield"],"picked":"Headbutt+1","floor":27.0},{"not_picked":["Thunderclap+1","Twin Strike+1"],"picked":"Sword Boomerang+1","floor":28.0},{"not_picked":["Combust","Wild Strike+1"],"picked":"Cleave+1","floor":29.0},{"not_picked":["Fiend Fire+1","Dark Embrace"],"picked":"Exhume","floor":33.0},{"not_picked":["Perfected Strike+1","Cleave+1"],"picked":"Seeing Red+1","floor":35.0},{"not_picked":["Rage","Havoc+1"],"picked":"Battle Trance","floor":36.0},{"not_picked":["Shockwave","Clash+1"],"picked":"Flame Barrier+1","floor":38.0},{"not_picked":["Demon Form","Pummel+1"],"picked":"Flame Barrier","floor":41.0},{"not_picked":["Twin Strike+1","Armaments","Perfected Strike+1"],"picked":"SKIP","floor":42},{"not_picked":["Corruption+1","Cleave+1"],"picked":"Body Slam+1","floor":44},{"not_picked":["Clothesline+1","Whirlwind+1"],"picked":"Impervious","floor":45},{"not_picked":["Flex","Clash+1"],"picked":"Pummel+1","floor":46},{"not_picked":["Second Wind+1","Twin Strike+1"],"picked":"Armaments+1","floor":48},{"not_picked":["Sever Soul+1","Sentinel+1"],"picked":"Spot Weakness+1","floor":49}],"player_experience":325609,"relics_obtained":[{"floor":6.0,"key":"Whetstone"},{"floor":7.0,"key":"Vajra"},{"floor":8.0,"key":"Bronze Scales"},{"floor":9.0,"key":"Lantern"},{"floor":11.0,"key":"Strawberry"},{"floor":13.0,"key":"Shuriken"},{"floor":21.0,"key":"Ice Cream"},{"floor":21.0,"key":"Blue Candle"},{"floor":23.0,"key":"Matryoshka"},{"floor":23.0,"key":"Meat on the Bone"},{"floor":26.0,"key":"Regal Pillow"},{"floor":26.0,"key":"Molten Egg 2"},{"floor":27.0,"key":"Potion Belt"},{"floor":27.0,"key":"Tiny Chest"},{"floor":30.0,"key":"Darkstone Periapt"},{"floor":37.0,"key":"Sundial"},{"floor":37.0,"key":"Dream Catcher"},{"floor":40.0,"key":"FossilizedHelix"},{"floor":43,"key":"MawBank"}],"event_choices":[{"cards_removed":["Doubt"],"damage_healed":0.0,"max_hp_gain":0.0,"max_hp_loss":0.0,"gold_gain":0.0,"event_name":"Living Wall","player_choice":"Forget","floor":2.0,"gold_loss":0.0,"damage_taken":0.0},{"damage_healed":0.0,"max_hp_gain":0.0,"max_hp_loss":0.0,"gold_gain":0.0,"event_name":"Lab","player_choice":"Got Potions","floor":10.0,"gold_loss":0.0,"damage_taken":0.0},{"damage_healed":0.0,"max_hp_gain":0.0,"max_hp_loss":0.0,"gold_gain":0.0,"event_name":"Colosseum","player_choice":"Fight","floor":21.0,"gold_loss":0.0,"damage_taken":0.0},{"damage_healed":0.0,"max_hp_gain":0.0,"max_hp_loss":0.0,"gold_gain":0.0,"event_name":"Colosseum","player_choice":"Fought Nobs","floor":21.0,"gold_loss":0.0,"damage_taken":0.0},{"damage_healed":0.0,"max_hp_gain":0.0,"max_hp_loss":0.0,"gold_gain":0.0,"event_name":"FaceTrader","player_choice":"Leave","floor":22.0,"gold_loss":0.0,"damage_taken":0.0}],"is_beta":false,"boss_relics":[{"not_picked":["Lizard Tail","Calling Bell"],"picked":"Black Star"},{"not_picked":["Astrolabe","Runic Pyramid"],"picked":"Black Blood"}],"items_purged_floors":[],"is_endless":false,"potions_floor_spawned":[1,5,13,16,20,21,23,29,33,35,38,41,46,48],"killed_by":"Donu and Deca","ascension_level":7}