{"gold_per_floor":[118,129,10,10,33,33,57,80,80,116,116,86,86,11,11,109,109,129,54,70,70,85,85,85,85,162,176,176,190,90,113,113,211,211,230,105,123,137,137,171,91,91,91,126,459,349,349,382,382,382,382,382,59,86,86],"floor_reached":55,"playtime":2012,"items_purged":["Strike_R","Strike_R","Bash","Whirlwind+1"],"score":1387,"play_id":"a08c0754-26d0-474c-b0e8-a63cb2a94b2e","local_time":"20190315202159","is_ascension_mode":true,"campfire_choices":[{"data":"Armaments","floor":11,"key":"SMITH"},{"data":"Flex","floor":13,"key":"SMITH"},{"data":"Whirlwind","floor":15,"key":"SMITH"},{"data":"Battle Trance","floor":23,"key":"SMITH"},{"data":"Body Slam","floor":25,"key":"SMITH"},{"data":"Sword Boomerang","floor":32,"key":"SMITH"},{"data":"Barricade","floor":42,"key":"SMITH"},{"data":"Flame Barrier","floor":47,"key":"SMITH"},{"floor":49,"key":"RECALL"},{"data":"Inflame","floor":52,"key":"SMITH"}],"neow_cost":"NONE","seed_source_timestamp":0,"circlet_count":0,"master_deck":["AscendersBane","Defend_R","Defend_R+1","Defend_R","Defend_R","Body Slam+1","Armaments+1","Flex+1","Flame Barrier+1","Battle Trance+1","Shrug It Off+1","Inflame+1","Feed","Second Wind+1","Barricade+1","Power Through+1","True Grit+1","Evolve"],"relics":["Burning Blood","Toxic Egg 2","Kunai","Velvet Choker","Shuriken","Coffee Dripper","Darkstone Periapt","Gremlin Horn","Potion Belt","Mummified Hand"],"potions_floor_usage":[10,10,33,33,40,44,54,54,55],"damage_taken":[{"damage":3,"enemies":"2 Louse","floor":1,"turns":3},{"damage":2,"enemies":"Jaw Worm","floor":2,"turns":6},{"damage":1,"enemies":"Cultist","floor":5,"turns":3},{"damage":9,"enemies":"3 Louse","floor":7,"turns":3},{"damage":12,"enemies":"Exordium Wildlife","floor":8,"turns":4},{"damage":25,"enemies":"Gremlin Nob","floor":10,"turns":4},{"damage":1,"enemies":"Looter","floor":12,"turns":4},{"damage":22,"enemies":"Slime Boss","floor":16,"turns":9},{"damage":0,"enemies":"3 Byrds","floor":18,"turns":4},{"damage":0,"enemies":"Spheric Guardian","floor":20,"turns":3},{"damage":14,"enemies":"Centurion and Healer","floor":22,"turns":4},{"damage":16,"enemies":"Snake Plant","floor":27,"turns":4},{"damage":11,"enemies":"Snecko","floor":29,"turns":5},{"damage":0,"enemies":"Sentry and Sphere","floor":31,"turns":5},{"damage":42,"enemies":"Automaton","floor":33,"turns":11},{"damage":1,"enemies":"3 Shapes","floor":35,"turns":5},{"damage":1,"enemies":"Orb Walker","floor":37,"turns":5},{"damage":0,"enemies":"Spire Growth","floor":38,"turns":5},{"damage":69,"enemies":"Reptomancer","floor":40,"turns":9},{"damage":0,"enemies":"Giant Head","floor":44,"turns":7},{"damage":0,"enemies":"Nemesis","floor":48,"turns":7},{"damage":27,"enemies":"Time Eater","floor":50,"turns":12},{"damage":60,"enemies":"Shield and Spear","floor":54,"turns":8},{"damage":48,"enemies":"The Heart","floor":55,"turns":2}],"seed_played":"4867423057033471762","potions_obtained":[{"floor":6,"key":"SteroidPotion"},{"floor":6,"key":"Regen Potion"},{"floor":22,"key":"Strength Potion"},{"floor":29,"key":"LiquidBronze"},{"floor":31,"key":"SkillPotion"},{"floor":33,"key":"SpeedPotion"},{"floor":35,"key":"AttackPotion"},{"floor":40,"key":"Swift Potion"}],"is_trial":false,"path_per_floor":["M","M","$","?","M","?","M","M","T","E","R","M","R","?","R","B",null,"M","$","M","?","M","R","?","R","T","M","?","M","$","M","R","B",null,"M","$","M","M","?","E","$","R","T","E","?","?","R","E","R","B",null,"R","$","E","B"],"character_chosen":"IRONCLAD","items_purchased":["Whirlwind","Flex","Power Through+1","Evolve","SkillPotion","Poison Potion"],"campfire_rested":0,"item_purchase_floors":[3,3,41,53,53,53],"current_hp_per_floor":[71,75,75,49,54,54,51,45,45,38,38,43,43,43,43,27,63,73,73,79,79,71,71,71,71,71,61,61,56,56,65,65,29,69,77,77,82,89,85,22,22,22,22,28,28,28,28,34,34,13,67,67,67,13,0],"gold":86,"neow_bonus":"REMOVE_CARD","is_prod":false,"is_daily":false,"chose_seed":true,"campfire_upgraded":9,"win_rate":0,"timestamp":1552652519,"path_taken":["M","M","$","?","M","?","M","?","T","E","R","M","R","?","R","BOSS","M","$","M","?","M","R","?","R","T","M","?","M","$","M","R","BOSS","M","$","M","?","?","E","$","R","T","E","?","?","R","E","R","BOSS","R","$","E","BOSS"],"build_version":"2019-01-23","purchased_purges":4,"victory":false,"max_hp_per_floor":[75,75,75,75,75,75,75,75,75,75,75,75,75,75,75,75,75,79,79,79,79,79,79,79,79,79,79,79,79,79,82,82,82,82,85,85,85,89,85,85,85,85,85,85,85,85,85,85,85,85,85,85,85,85,85],"card_choices":[{"not_picked":["Sever Soul","Combust"],"picked":"Body Slam","floor":1},{"not_picked":["Clash","Heavy Blade"],"picked":"Armaments","floor":2},{"not_picked":["Havoc","Ghostly Armor"],"picked":"Flame Barrier","floor":5},{"not_picked":["Headbutt","Pummel"],"picked":"Sword Boomerang","floor":7},{"not_picked":["Impervious","Infernal Blade"],"picked":"Battle Trance","floor":8},{"not_picked":["Sword Boomerang","Armaments+1"],"picked":"Shrug It Off+1","floor":10},{"not_picked":["Cleave","Corruption"],"picked":"Inflame","floor":12},{"not_picked":["Brutality","Exhume+1"],"picked":"Feed","floor":16},{"not_picked":["Rage+1","Sever Soul","Combust"],"picked":"SKIP","floor":18},{"not_picked":["Flex+1","Anger","Iron Wave"],"picked":"SKIP","floor":20},{"not_picked":["Fire Breathing","Rage+1","Dual Wield+1"],"picked":"SKIP","floor":22},{"not_picked":["Wild Strike","Intimidate+1","Body Slam"],"picked":"SKIP","floor":27},{"not_picked":["Clothesline","Rage+1","Inflame"],"picked":"SKIP","floor":29},{"not_picked":["Havoc+1","Sever Soul","Body Slam+1"],"picked":"SKIP","floor":31},{"not_picked":["Bludgeon","Impervious+1"],"picked":"Barricade","floor":33},{"not_picked":["Headbutt","Havoc+1","Wild Strike"],"picked":"SKIP","floor":35},{"not_picked":["Metallicize","Twin Strike","Heavy Blade"],"picked":"SKIP","floor":37},{"not_picked":["Blood for Blood","Juggernaut","Clothesline+1"],"picked":"SKIP","floor":38},{"not_picked":["Flex+1","Body Slam","Sever Soul"],"picked":"SKIP","floor":40},{"not_picked":["Clash","Flex+1"],"picked":"True Grit+1","floor":44},{"not_picked":["Reaper","Searing Blow+1","True Grit+1"],"picked":"SKIP","floor":48},{"not_picked":["Body Slam+1","Ghostly Armor+1","Havoc+1"],"picked":"SKIP","floor":54}],"player_experience":1197430,"relics_obtained":[{"floor":9,"key":"Toxic Egg 2"},{"floor":10,"key":"Kunai"},{"floor":26,"key":"Shuriken"},{"floor":40,"key":"Darkstone Periapt"},{"floor":44,"key":"Gremlin Horn"},{"floor":48,"key":"Potion Belt"},{"floor":54,"key":"Mummified Hand"}],"event_choices":[{"damage_healed":0,"gold_gain":0,"player_choice":"Take Damage","damage_taken":26,"relics_obtained":["Golden Idol"],"max_hp_gain":0,"max_hp_loss":0,"event_name":"Golden Idol","floor":4,"gold_loss":0},{"damage_healed":0,"gold_gain":0,"player_choice":"Got Potions","damage_taken":0,"max_hp_gain":0,"max_hp_loss":0,"event_name":"Lab","floor":6,"gold_loss":0},{"cards_removed":["Strike_R"],"damage_healed":0,"gold_gain":0,"player_choice":"Card Removal","damage_taken":0,"max_hp_gain":0,"max_hp_loss":0,"event_name":"The Cleric","floor":14,"gold_loss":75},{"damage_healed":0,"gold_gain":0,"player_choice":"Ignored","damage_taken":0,"max_hp_gain":0,"max_hp_loss":0,"event_name":"The Mausoleum","floor":21,"gold_loss":0},{"damage_healed":0,"gold_gain":0,"player_choice":"Read","damage_taken":0,"max_hp_gain":0,"max_hp_loss":0,"event_name":"The Library","floor":24,"gold_loss":0,"cards_obtained":["Second Wind"]},{"cards_removed":["Strike_R"],"damage_healed":0,"gold_gain":0,"player_choice":"Purged","damage_taken":0,"max_hp_gain":0,"max_hp_loss":0,"event_name":"Purifier","floor":28,"gold_loss":0},{"damage_healed":0,"gold_gain":0,"player_choice":"Max HP","damage_taken":0,"max_hp_gain":0,"max_hp_loss":4,"event_name":"Winding Halls","floor":39,"gold_loss":0},{"damage_healed":0,"gold_gain":333,"player_choice":"Gave Idol","damage_taken":0,"max_hp_gain":0,"max_hp_loss":0,"event_name":"The Moai Head","floor":45,"relics_lost":["Golden Idol"],"gold_loss":0},{"cards_removed":["Sword Boomerang"],"damage_healed":0,"gold_gain":0,"player_choice":"Upgrade and Remove","damage_taken":0,"max_hp_gain":0,"max_hp_loss":0,"event_name":"Designer","floor":46,"gold_loss":110,"cards_upgraded":["Defend_R"]}],"is_beta":false,"boss_relics":[{"not_picked":["Orrery","Busted Crown"],"picked":"Velvet Choker"},{"not_picked":["Lizard Tail","Tiny House"],"picked":"Coffee Dripper"}],"items_purged_floors":[19,30,36,53],"is_endless":false,"potions_floor_spawned":[8,22,29,31,33,35,38,40],"killed_by":"The Heart","ascension_level":15}