{"gold_per_floor":[362,378,378,224,242,276,276,451,475,475,505,145,163,179,179,276,276,292,60,71,71,90,119,119,144,144,164,164,79,79,94,94,197,197,210,222,2,13,13,25,56,56,56,76,76,36,90,90],"floor_reached":48,"playtime":2083,"items_purged":["Pain"],"score":586,"play_id":"224b1a0e-d77a-40ad-a580-87272b054575","local_time":"20190410211716","is_ascension_mode":true,"campfire_choices":[{"data":"Combust","floor":7,"key":"SMITH"},{"floor":15,"key":"REST"},{"floor":24,"key":"REST"},{"floor":28,"key":"REST"},{"floor":30,"key":"REST"},{"data":"Limit Break","floor":32,"key":"SMITH"},{"floor":42,"key":"REST"}],"neow_cost":"TEN_PERCENT_HP_LOSS","seed_source_timestamp":1482980841661,"circlet_count":0,"master_deck":["Strike_R","Strike_R","Strike_R","Strike_R","Defend_R","Defend_R","Defend_R","Defend_R","Bash","Rupture","Infernal Blade","Combust+1","Bloodletting","Limit Break+1","Apotheosis","Flex","Blood for Blood","Bludgeon","Flex","Havoc","RitualDagger","Intimidate+1","Headbutt","Cleave","Anger","Sword Boomerang","Brutality+1","Headbutt","Heavy Blade+1","Feel No Pain+1","Wild Strike+1","Decay","Blood for Blood","Madness","Madness","Metallicize+1","Flex+1"],"relics":["Burning Blood","Red Skull","Boot","Orichalcum","Lantern","Cursed Key","HandDrill","Bronze Scales","Shuriken","Frozen Egg 2","PreservedInsect","Busted Crown","Centennial Puzzle","Anchor","Self Forming Clay","Ice Cream"],"potions_floor_usage":[16,16,18,23,25,40,41,44,44,44,47,47],"damage_taken":[{"damage":1,"enemies":"Cultist","floor":1,"turns":4},{"damage":0,"enemies":"Small Slimes","floor":2,"turns":4},{"damage":11,"enemies":"Jaw Worm","floor":5,"turns":2},{"damage":41,"enemies":"Lagavulin","floor":6,"turns":8},{"damage":8,"enemies":"Gremlin Nob","floor":11,"turns":3},{"damage":5,"enemies":"Exordium Wildlife","floor":13,"turns":2},{"damage":0,"enemies":"3 Louse","floor":14,"turns":2},{"damage":23,"enemies":"The Guardian","floor":16,"turns":8},{"damage":13,"enemies":"3 Byrds","floor":18,"turns":4},{"damage":21,"enemies":"Spheric Guardian","floor":20,"turns":4},{"damage":14,"enemies":"Centurion and Healer","floor":22,"turns":4},{"damage":35,"enemies":"Slavers","floor":23,"turns":4},{"damage":6,"enemies":"Book of Stabbing","floor":25,"turns":3},{"damage":12,"enemies":"Shelled Parasite and Fungi","floor":27,"turns":4},{"damage":19,"enemies":"Snake Plant","floor":31,"turns":3},{"damage":15,"enemies":"Champ","floor":33,"turns":8},{"damage":16,"enemies":"3 Shapes","floor":35,"turns":4},{"damage":7,"enemies":"Orb Walker","floor":36,"turns":2},{"damage":19,"enemies":"3 Darklings","floor":38,"turns":3},{"damage":13,"enemies":"Jaw Worm Horde","floor":40,"turns":2},{"damage":8,"enemies":"Giant Head","floor":41,"turns":5},{"damage":29,"enemies":"Sphere and 2 Shapes","floor":44,"turns":4},{"damage":30,"enemies":"2 Orb Walkers","floor":47,"turns":3},{"damage":27,"enemies":"3 Darklings","floor":48,"turns":4}],"seed_played":"-6110489133561219133","potions_obtained":[{"floor":6,"key":"AttackPotion"},{"floor":13,"key":"FairyPotion"},{"floor":14,"key":"LiquidBronze"},{"floor":16,"key":"Fruit Juice"},{"floor":20,"key":"Energy Potion"},{"floor":23,"key":"SkillPotion"},{"floor":31,"key":"FairyPotion"},{"floor":33,"key":"EntropicBrew"},{"floor":35,"key":"Fire Potion"},{"floor":36,"key":"SkillPotion"},{"floor":40,"key":"Regen Potion"},{"floor":44,"key":"Weak Potion"}],"is_trial":false,"path_per_floor":["M","M","?","$","M","E","R","?","T","?","E","$","M","M","R","B",null,"M","$","M","?","M","E","R","E","T","M","R","?","R","M","R","B",null,"M","M","$","M","?","M","E","R","T","M","?","$","?","M"],"character_chosen":"IRONCLAD","items_purchased":["Red Skull","Lantern","Apotheosis","Flex","HandDrill","Flex","Centennial Puzzle","Metallicize+1"],"campfire_rested":5,"item_purchase_floors":[4,12,12,12,19,19,37,46],"current_hp_per_floor":[72,72,72,72,67,32,32,32,32,32,30,30,31,37,58,41,72,70,70,55,49,41,12,35,35,35,29,52,52,75,62,62,53,77,67,66,66,53,53,46,56,77,77,61,51,51,27,0],"gold":90,"neow_bonus":"TWO_FIFTY_GOLD","is_prod":false,"is_daily":false,"chose_seed":false,"campfire_upgraded":2,"win_rate":0,"timestamp":1554956236,"path_taken":["M","?","?","?","M","E","R","?","T","?","E","$","M","?","R","BOSS","M","$","M","?","M","E","R","E","T","M","R","?","R","?","R","BOSS","M","M","$","M","?","M","E","R","T","M","?","$","?","M"],"build_version":"2019-01-23","purchased_purges":1,"victory":false,"max_hp_per_floor":[72,72,72,72,72,72,72,72,72,72,72,72,72,72,72,72,72,77,77,77,77,77,77,77,77,77,77,77,77,77,77,77,77,77,77,77,77,77,77,77,77,77,77,77,77,77,77,77],"card_choices":[{"not_picked":["Pommel Strike","Blood for Blood"],"picked":"Rupture","floor":1},{"not_picked":["Sword Boomerang","True Grit"],"picked":"Infernal Blade","floor":2},{"not_picked":["Evolve","Burning Pact"],"picked":"Combust","floor":5},{"not_picked":["Clothesline","Ghostly Armor"],"picked":"Bloodletting","floor":6},{"not_picked":["Flex","Twin Strike"],"picked":"Limit Break","floor":11},{"not_picked":["Entrench","Body Slam","Second Wind"],"picked":"SKIP","floor":13},{"not_picked":["True Grit","Shockwave"],"picked":"Blood for Blood","floor":14},{"not_picked":["Double Tap","Brutality"],"picked":"Bludgeon","floor":16},{"not_picked":["Second Wind","Corruption"],"picked":"Dropkick","floor":18},{"not_picked":["Sword Boomerang","Wild Strike"],"picked":"Havoc","floor":20},{"not_picked":["Clothesline","Twin Strike"],"picked":"Intimidate+1","floor":22},{"not_picked":["Feel No Pain","Thunderclap"],"picked":"Headbutt","floor":23},{"not_picked":["Armaments+1","Fiend Fire"],"picked":"Cleave","floor":25},{"not_picked":["Body Slam","Seeing Red"],"picked":"Anger","floor":27},{"not_picked":["Twin Strike","Second Wind+1"],"picked":"Sword Boomerang","floor":31},{"not_picked":["Immolate","Fiend Fire"],"picked":"Brutality+1","floor":33},{"not_picked":[],"picked":"Headbutt","floor":35},{"not_picked":[],"picked":"Heavy Blade+1","floor":36},{"not_picked":[],"picked":"Feel No Pain+1","floor":38},{"not_picked":[],"picked":"Wild Strike+1","floor":40},{"not_picked":["Wild Strike"],"picked":"SKIP","floor":41},{"not_picked":[],"picked":"Blood for Blood","floor":44},{"not_picked":[],"picked":"Flex+1","floor":47}],"player_experience":548853,"relics_obtained":[{"floor":6,"key":"Boot"},{"floor":11,"key":"Orichalcum"},{"floor":23,"key":"Bronze Scales"},{"floor":25,"key":"Shuriken"},{"floor":26,"key":"Frozen Egg 2"},{"floor":41,"key":"Anchor"},{"floor":43,"key":"Self Forming Clay"},{"floor":47,"key":"Ice Cream"}],"event_choices":[{"cards_removed":["Strike_R"],"damage_healed":0,"gold_gain":0,"player_choice":"Offered Basic","damage_taken":0,"max_hp_gain":0,"max_hp_loss":0,"event_name":"Bonfire Elementals","floor":3,"gold_loss":0},{"damage_healed":0,"gold_gain":175,"player_choice":"AGREE","damage_taken":0,"max_hp_gain":0,"max_hp_loss":0,"event_name":"Liars Game","floor":8,"gold_loss":0,"cards_obtained":["Doubt"]},{"cards_removed":["Doubt"],"damage_healed":0,"gold_gain":0,"player_choice":"Forget","damage_taken":0,"max_hp_gain":0,"max_hp_loss":0,"event_name":"Living Wall","floor":10,"gold_loss":0},{"damage_healed":0,"gold_gain":0,"player_choice":"Joined the Cult","damage_taken":6,"max_hp_gain":0,"max_hp_loss":0,"event_name":"Nest","floor":21,"gold_loss":0,"cards_obtained":["RitualDagger"]},{"damage_healed":0,"gold_gain":0,"player_choice":"Obtained Relic","damage_taken":0,"relics_obtained":["PreservedInsect"],"max_hp_gain":0,"max_hp_loss":0,"event_name":"Addict","floor":29,"gold_loss":85},{"cards_removed":["Dropkick"],"damage_healed":0,"gold_gain":0,"player_choice":"Removed Attack","damage_taken":0,"max_hp_gain":0,"max_hp_loss":0,"event_name":"Falling","floor":39,"gold_loss":0},{"damage_healed":0,"gold_gain":0,"player_choice":"Embrace Madness","damage_taken":10,"max_hp_gain":0,"max_hp_loss":0,"event_name":"Winding Halls","floor":45,"gold_loss":0,"cards_obtained":["Madness","Madness"]},{"damage_healed":0,"gold_gain":0,"player_choice":"Fight","damage_taken":0,"max_hp_gain":0,"max_hp_loss":0,"event_name":"Mysterious Sphere","floor":47,"gold_loss":0}],"is_beta":false,"boss_relics":[{"not_picked":["Snecko Eye","Tiny House"],"picked":"Cursed Key"},{"not_picked":["Lizard Tail","Philosopher\u0027s Stone"],"picked":"Busted Crown"}],"items_purged_floors":[37],"is_endless":false,"potions_floor_spawned":[6,13,14,16,20,23,31,33,35,36,40,44],"killed_by":"3 Darklings","ascension_level":1}