{"gold_per_floor":[119,131,143,143,159,159,174,174,250,10,10,40,40,60,60,138,138,152,172,185,19,32,32,32],"floor_reached":24,"playtime":1245,"items_purged":["Unload"],"score":390,"play_id":"d494e3c1-5f78-488b-8479-62d8ecf1aa0b","local_time":"20190508133320","is_ascension_mode":true,"campfire_choices":[{"data":"Bouncing Flask","floor":6.0,"key":"SMITH"},{"data":"Footwork","floor":8.0,"key":"SMITH"},{"data":"Well Laid Plans","floor":13.0,"key":"SMITH"},{"data":"Concentrate","floor":15.0,"key":"SMITH"},{"floor":23,"key":"REST"}],"neow_cost":"PERCENT_DAMAGE","seed_source_timestamp":12077757161028,"circlet_count":0,"master_deck":["AscendersBane","Survivor","Neutralize","Bouncing Flask+1","Acrobatics","Footwork+1","Dash","Well Laid Plans+1","Pain","Deadly Poison","Concentrate+1","Grand Finale","Caltrops","Leg Sweep","Escape Plan","Tools of the Trade","Phantasmal Killer","After Image","Eviscerate","Catalyst","Crippling Poison","Tools of the Trade","Finesse"],"special_seed":0,"relics":["Ring of the Snake","Blue Candle","Snake Skull","WarpedTongs","Turnip","Pandora\u0027s Box"],"potions_floor_usage":[22,24],"damage_taken":[{"damage":6.0,"enemies":"2 Louse","floor":1.0,"turns":6.0},{"damage":7.0,"enemies":"Small Slimes","floor":2.0,"turns":5.0},{"damage":3.0,"enemies":"Cultist","floor":3.0,"turns":4.0},{"damage":0.0,"enemies":"2 Fungi Beasts","floor":5.0,"turns":4.0},{"damage":3.0,"enemies":"Looter","floor":7.0,"turns":3.0},{"damage":4.0,"enemies":"Lagavulin","floor":12.0,"turns":5.0},{"damage":3.0,"enemies":"Large Slime","floor":14.0,"turns":8.0},{"damage":8.0,"enemies":"Hexaghost","floor":16.0,"turns":7.0},{"damage":0.0,"enemies":"Shell Parasite","floor":18.0,"turns":3.0},{"damage":16.0,"enemies":"2 Thieves","floor":19.0,"turns":5.0},{"damage":29.0,"enemies":"Snake Plant","floor":20.0,"turns":4.0},{"damage":1,"enemies":"Sentry and Sphere","floor":22,"turns":4},{"damage":54,"enemies":"Slavers","floor":24,"turns":5}],"seed_played":"-3402348913267495939","potions_obtained":[{"floor":1.0,"key":"PowerPotion"},{"floor":2.0,"key":"Poison Potion"},{"floor":14.0,"key":"Energy Potion"}],"is_trial":false,"path_per_floor":["M","M","M","?","M","R","M","R","T","$","?","E","R","M","R","B",null,"M","M","M","$","M","R","E"],"character_chosen":"THE_SILENT","items_purchased":["Snake Skull","Well Laid Plans","Finesse"],"campfire_rested":1,"item_purchase_floors":[10,10,21],"current_hp_per_floor":[50,43,40,40,40,40,37,37,37,37,37,33,33,30,30,22,64,64,48,19,19,18,41,0],"gold":32,"neow_bonus":"TWENTY_PERCENT_HP_BONUS","is_prod":false,"is_daily":false,"chose_seed":false,"campfire_upgraded":4,"win_rate":0,"timestamp":1557290000,"path_taken":["M","M","M","?","M","R","M","R","T","$","?","E","R","M","R","BOSS","M","M","?","$","M","R","E"],"build_version":"2019-01-23","purchased_purges":1,"victory":false,"max_hp_per_floor":[78,78,78,78,78,78,78,78,78,78,78,78,78,78,78,78,78,78,78,78,78,78,78,78],"card_choices":[{"not_picked":["Accuracy","Deflect"],"picked":"Bouncing Flask","floor":1.0},{"not_picked":["Slice","Quick Slash","Deflect"],"picked":"SKIP","floor":2.0},{"not_picked":["Backflip","Distraction"],"picked":"Acrobatics","floor":3.0},{"not_picked":["Backflip","Catalyst"],"picked":"Footwork","floor":5.0},{"not_picked":["Poisoned Stab","PiercingWail"],"picked":"Dash","floor":7.0},{"not_picked":["Acrobatics","Sucker Punch"],"picked":"Deadly Poison","floor":12.0},{"not_picked":["Deflect","Blade Dance"],"picked":"Concentrate","floor":14.0},{"not_picked":["Unload","Die Die Die"],"picked":"Grand Finale","floor":16.0},{"not_picked":["Deadly Poison","Poisoned Stab+1","Infinite Blades"],"picked":"SKIP","floor":18.0},{"not_picked":["Cloak And Dagger","Dagger Spray","Distraction"],"picked":"SKIP","floor":19.0},{"not_picked":["Quick Slash+1","Dagger Throw"],"picked":"Tools of the Trade","floor":20.0},{"not_picked":["Choke","Riddle With Holes","Outmaneuver"],"picked":"SKIP","floor":22}],"player_experience":765840,"relics_obtained":[{"floor":9.0,"key":"Blue Candle"},{"floor":12.0,"key":"Turnip"}],"event_choices":[{"damage_healed":0.0,"max_hp_gain":0.0,"max_hp_loss":0.0,"gold_gain":0.0,"event_name":"Liars Game","player_choice":"Ignored","floor":4.0,"gold_loss":0.0,"damage_taken":0.0},{"damage_healed":0.0,"max_hp_gain":0.0,"max_hp_loss":0.0,"gold_gain":0.0,"event_name":"Accursed Blacksmith","player_choice":"Rummage","floor":11.0,"gold_loss":0.0,"damage_taken":0.0,"relics_obtained":["WarpedTongs"],"cards_obtained":["Pain"]}],"is_beta":false,"boss_relics":[{"not_picked":["Runic Pyramid","Astrolabe"],"picked":"Pandora\u0027s Box"}],"items_purged_floors":[21],"is_endless":false,"potions_floor_spawned":[1,2,14,18],"killed_by":"Slavers","ascension_level":19}