{"gold_per_floor":[109,109,109,184,77,77,103,103,103,103,121,121,121,134,134,213,213,213,213,213],"floor_reached":20,"playtime":563,"items_purged":[],"score":380,"play_id":"7ce6204e-eec9-424d-8562-994872ec3387","local_time":"20181225081910","is_ascension_mode":true,"campfire_choices":[{"data":"Poisoned Stab","floor":6.0,"key":"SMITH"},{"data":"Bane","floor":10.0,"key":"SMITH"},{"data":"Finisher","floor":13.0,"key":"SMITH"},{"data":"Neutralize","floor":15.0,"key":"SMITH"}],"neow_cost":"NONE","seed_source_timestamp":0,"circlet_count":0,"master_deck":["AscendersBane","Defend_G","Defend_G+1","Defend_G","Defend_G","Defend_G","Strike_G","Strike_G","Strike_G","Strike_G","Survivor+1","Neutralize+1","Bane+1","Poisoned Stab+1","Bane+1","Finisher+1","Blur","Envenom","Poisoned Stab+1","Dodge and Roll+1"],"special_seed":0,"relics":["Ring of the Snake","NeowsBlessing","War Paint","Letter Opener","Ectoplasm"],"potions_floor_usage":[20],"damage_taken":[{"damage":0.0,"enemies":"Jaw Worm","floor":1.0,"turns":1.0},{"damage":0.0,"enemies":"3 Sentries","floor":7.0,"turns":1.0},{"damage":0.0,"enemies":"2 Louse","floor":11.0,"turns":1.0},{"damage":0.0,"enemies":"Small Slimes","floor":14.0,"turns":3.0},{"damage":60.0,"enemies":"Hexaghost","floor":16.0,"turns":11.0},{"damage":19,"enemies":"Spheric Guardian","floor":18,"turns":4},{"damage":19,"enemies":"3 Byrds","floor":19,"turns":5},{"damage":19,"enemies":"Sentry and Sphere","floor":20,"turns":5}],"seed_played":"-3530887756955969850","potions_obtained":[{"floor":7.0,"key":"Fire Potion"},{"floor":19,"key":"Energy Potion"}],"is_trial":false,"path_per_floor":["M","$","?","?","$","R","E","?","T","R","M","?","R","M","R","B",null,"M","M","M"],"character_chosen":"THE_SILENT","items_purchased":["Poisoned Stab","Bane"],"campfire_rested":0,"item_purchase_floors":[5,5],"current_hp_per_floor":[59,59,59,48,48,48,48,66,66,66,66,66,66,66,66,6,51,32,13,0],"gold":213,"neow_bonus":"THREE_ENEMY_KILL","is_prod":false,"is_daily":false,"chose_seed":false,"campfire_upgraded":4,"win_rate":0,"timestamp":1545743950,"path_taken":["M","$","?","?","$","R","E","?","T","R","M","?","R","?","R","BOSS","M","?","M"],"build_version":"2018-12-20","purchased_purges":0,"victory":false,"max_hp_per_floor":[66,66,66,66,66,66,66,66,66,66,66,66,66,66,66,66,66,66,66,66],"card_choices":[{"not_picked":["Slice","Tactician"],"picked":"Bane","floor":1.0},{"not_picked":["Slice","Blade Dance"],"picked":"Finisher","floor":7.0},{"not_picked":["Outmaneuver","Quick Slash"],"picked":"Blur","floor":11.0},{"not_picked":["Acrobatics","PiercingWail","Malaise"],"picked":"SKIP","floor":14.0},{"not_picked":["Phantasmal Killer","Wraith Form v2"],"picked":"Envenom","floor":16.0},{"not_picked":["Bouncing Flask","Calculated Gamble"],"picked":"Poisoned Stab+1","floor":18},{"not_picked":["PiercingWail","Caltrops"],"picked":"Dodge and Roll+1","floor":19}],"player_experience":798123,"relics_obtained":[{"floor":7.0,"key":"War Paint"},{"floor":9.0,"key":"Letter Opener"}],"event_choices":[{"damage_healed":0.0,"max_hp_gain":0.0,"max_hp_loss":0.0,"gold_gain":0.0,"event_name":"Living Wall","player_choice":"Grow","floor":3.0,"gold_loss":0.0,"damage_taken":0.0,"cards_upgraded":["Bane"]},{"damage_healed":0.0,"max_hp_gain":0.0,"max_hp_loss":0.0,"gold_gain":75.0,"event_name":"World of Goop","player_choice":"Gather Gold","floor":4.0,"gold_loss":0.0,"damage_taken":11.0},{"damage_healed":22.0,"max_hp_gain":0.0,"max_hp_loss":0.0,"gold_gain":0.0,"event_name":"Big Fish","player_choice":"Banana","floor":8.0,"gold_loss":0.0,"damage_taken":0.0},{"cards_removed":["Strike_G"],"damage_healed":0.0,"max_hp_gain":0.0,"max_hp_loss":0.0,"gold_gain":0.0,"event_name":"Purifier","player_choice":"Purged","floor":12.0,"gold_loss":0.0,"damage_taken":0.0}],"is_beta":false,"boss_relics":[{"not_picked":["Runic Pyramid","Fusion Hammer"],"picked":"Ectoplasm"}],"items_purged_floors":[],"is_endless":false,"potions_floor_spawned":[7,19],"killed_by":"Sentry and Sphere","ascension_level":19}