{"gold_per_floor":[114,132,60,135,60,60,60,60,84,96,96,106,117,137,137,137],"floor_reached":16,"playtime":587,"items_purged":["Strike_B"],"score":138,"play_id":"20b5b83e-36e3-40d4-885d-5fcd61f8ab0a","local_time":"20180901042444","is_ascension_mode":true,"campfire_choices":[{"data":"Zap","floor":6,"key":"SMITH"},{"data":"Tempest","floor":8,"key":"SMITH"},{"data":"Dualcast","floor":11,"key":"SMITH"},{"floor":15,"key":"REST"}],"neow_cost":"NONE","seed_source_timestamp":103408656278347,"circlet_count":0,"master_deck":["Strike_B","Strike_B","Strike_B","Defend_B","Defend_B","Defend_B","Defend_B","Zap+1","Dualcast+1","AscendersBane","Tempest+1","Capacitor","Steam"],"relics":["Busted Crown","Boot"],"potions_floor_usage":[12],"damage_taken":[{"damage":0,"enemies":"Small Slimes","floor":1,"turns":3},{"damage":9,"enemies":"2 Louse","floor":2,"turns":3},{"damage":12,"enemies":"Jaw Worm","floor":10,"turns":2},{"damage":11,"enemies":"Exordium Wildlife","floor":12,"turns":5},{"damage":5,"enemies":"2 Fungi Beasts","floor":13,"turns":4},{"damage":15,"enemies":"Lots of Slimes","floor":14,"turns":3},{"damage":55,"enemies":"Hexaghost","floor":16,"turns":9}],"seed_played":"-4480668953165737587","potions_obtained":[{"floor":1,"key":"SteroidPotion"},{"floor":10,"key":"Block Potion"}],"is_trial":false,"path_per_floor":["M","M","$","?","$","R","?","R","T","M","R","M","M","M","R"],"character_chosen":"DEFECT","items_purchased":["Capacitor"],"campfire_rested":1,"item_purchase_floors":[3],"current_hp_per_floor":[68,59,59,48,48,48,73,73,73,61,61,50,45,30,52,0],"gold":137,"neow_bonus":"BOSS_RELIC","is_prod":false,"is_daily":false,"chose_seed":false,"campfire_upgraded":3,"win_rate":0,"timestamp":1535768684,"path_taken":["M","M","$","?","$","R","?","R","T","M","R","?","?","M","R","BOSS"],"build_version":"2018-08-30","purchased_purges":1,"victory":false,"max_hp_per_floor":[75,75,75,75,75,75,75,75,75,75,75,75,75,75,75,75],"card_choices":[{"not_picked":[],"picked":"Tempest","floor":1},{"not_picked":["Cold Snap"],"picked":"SKIP","floor":2},{"not_picked":[],"picked":"Steam","floor":10},{"not_picked":["Coolheaded"],"picked":"SKIP","floor":12},{"not_picked":["Compile Driver"],"picked":"SKIP","floor":13},{"not_picked":["Compile Driver"],"picked":"SKIP","floor":14}],"player_experience":568773,"relics_obtained":[{"floor":9,"key":"Boot"}],"event_choices":[{"event_name":"World of Goop","player_choice":"Gather Gold","floor":4,"damage_taken":0},{"event_name":"Big Fish","player_choice":"Banana","floor":7,"damage_taken":0}],"is_beta":false,"boss_relics":[],"items_purged_floors":[5],"is_endless":false,"potions_floor_spawned":[1,10],"killed_by":"Hexaghost","ascension_level":10}