{"path_per_floor":["M","?","M","M","$","R","M","E","T","M","R","M","R","M","R","B",null,"M","M","?","M","$","E","M","?","T","M","M","M","R","$","R","B",null,"M","?","M","$","M","M","M","M","T","M","$","M","M","M","R"],"character_chosen":"IRONCLAD","items_purchased":["Battle Trance","Pen Nib"],"gold_per_floor":[119,119,132,148,39,39,59,90,116,132,132,142,142,158,158,260,260,270,284,284,297,45,75,88,88,88,108,123,135,135,10,10,105,105,117,117,128,128,146,158,169,186,186,196,46,64,77,90,90],"floor_reached":50,"campfire_rested":1,"playtime":4508,"current_hp_per_floor":[80,80,67,68,68,68,73,43,43,49,49,54,54,52,52,58,80,80,80,80,54,54,39,43,27,27,29,22,20,20,20,44,54,80,74,80,73,73,66,34,43,56,56,68,68,74,81,68,68],"items_purged":["Defend_R","Defend_R","Strike_R","Writhe"],"gold":90,"play_id":"60bdbfb1-086a-4106-bfe0-e696f83461e3","is_prod":false,"is_daily":false,"campfire_rituals":0,"campfire_upgraded":6,"is_hardmode":false,"path_taken":["M","?","M","M","$","R","M","E","T","M","R","M","R","?","R","BOSS","M","M","?","M","$","E","M","?","T","?","M","M","R","$","R","BOSS","M","?","?","$","M","M","M","M","T","M","$","M","M","M","R","BOSS"],"build_version":"2018-01-11-PROD2","purchased_purges":5,"victory":false,"master_deck":["Strike_R","Strike_R","Strike_R","Defend_R","Bash","Shrug It Off","Clash","Dual Wield","Battle Trance","True Grit","Reaper","Headbutt","Clash","Feed","Headbutt","Thunderclap","Warcry","Rage"],"max_hp_per_floor":[80,80,80,80,80,80,80,80,80,80,80,80,80,80,80,80,80,80,80,80,80,80,80,80,80,80,80,80,80,80,80,80,80,80,80,80,80,80,80,83,83,86,86,86,86,89,89,89,89],"relics":["Burning Blood","Bag of Marbles","Bag of Preparation","Pen Nib","War Paint","Enchiridion","Whetstone","Black Star","Ancient Tea Set"],"campfire_meditates":0,"card_choices":[{"not_picked":["Pummel","Wild Strike"],"picked":"Shrug It Off"},{"not_picked":["Clothesline","True Grit"],"picked":"Clash"},{"not_picked":["Flame Barrier","Double Tap"],"picked":"Dual Wield"},{"not_picked":["Flame Barrier","Feel No Pain"],"picked":"True Grit"},{"not_picked":["Juggernaut","Bludgeon"],"picked":"Reaper"},{"not_picked":["Twin Strike","Whirlwind"],"picked":"Headbutt"},{"not_picked":["Flex","Intimidate"],"picked":"Clash"},{"not_picked":["Juggernaut","Bludgeon"],"picked":"Feed"},{"not_picked":["Flame Barrier","Dark Embrace"],"picked":"Headbutt"},{"not_picked":["Flex","Heavy Blade"],"picked":"Thunderclap"},{"not_picked":["Exhume","Anger"],"picked":"Warcry"},{"not_picked":["Bloodletting","Combust"],"picked":"Rage"}],"player_experience":65403,"potions_floor_usage":[16,21,28,33,37,40,40,42,46,50],"damage_taken":[{"damage":0,"enemies":"2 Louse","floor":1,"turns":3},{"damage":19,"enemies":"Blue Slaver","floor":3,"turns":4},{"damage":5,"enemies":"Small Slimes","floor":4,"turns":3},{"damage":1,"enemies":"Exordium Wildlife","floor":7,"turns":3},{"damage":36,"enemies":"3 Sentries","floor":8,"turns":10},{"damage":0,"enemies":"Looter","floor":10,"turns":3},{"damage":1,"enemies":"Large Slime","floor":12,"turns":3},{"damage":8,"enemies":"3 Louse","floor":14,"turns":3},{"damage":0,"enemies":"Slime Boss","floor":16,"turns":5},{"damage":3,"enemies":"Shell Parasite","floor":18,"turns":3},{"damage":3,"enemies":"2 Thieves","floor":19,"turns":3},{"damage":38,"enemies":"Snecko","floor":21,"turns":7},{"damage":21,"enemies":"Book of Stabbing","floor":23,"turns":3},{"damage":2,"enemies":"Snake Plant","floor":24,"turns":3},{"damage":4,"enemies":"Centurion and Healer","floor":27,"turns":5},{"damage":28,"enemies":"Snecko","floor":28,"turns":5},{"damage":8,"enemies":"Snake Plant","floor":29,"turns":4},{"damage":0,"enemies":"Automaton","floor":33,"turns":6},{"damage":12,"enemies":"Orb Walker","floor":35,"turns":4},{"damage":13,"enemies":"3 Shapes","floor":37,"turns":6},{"damage":17,"enemies":"3 Darklings","floor":39,"turns":6},{"damage":41,"enemies":"4 Shapes","floor":40,"turns":5},{"damage":0,"enemies":"Maw","floor":41,"turns":6},{"damage":0,"enemies":"Sphere and 2 Shapes","floor":42,"turns":3},{"damage":4,"enemies":"3 Darklings","floor":44,"turns":5},{"damage":3,"enemies":"4 Shapes","floor":46,"turns":4},{"damage":8,"enemies":"Maw","floor":47,"turns":6},{"damage":19,"enemies":"3 Darklings","floor":48,"turns":6},{"damage":71,"enemies":"Time Eater","floor":50,"turns":4}],"event_choices":[{"event_name":"Purifier","player_choice":"One Purge","floor":2,"damage_taken":0},{"event_name":"Back to Basics","player_choice":"Elegance","floor":20,"damage_taken":0},{"event_name":"Cursed Tome","player_choice":"Obtained Book","floor":25,"damage_taken":0},{"event_name":"Winding Halls","player_choice":"Writhe","floor":36,"damage_taken":0}],"boss_relics":[{"not_picked":["Eternal Feather","Cursed Key","Snecko Eye"]},{"not_picked":["Philosopher\u0027s Stone","Orrery"],"picked":"Black Star"}],"potions_floor_spawned":[1,7,16,24,27,28,29,35,39,42,48],"seed_played":"1084938585070469902","killed_by":"Time Eater","is_trial":false}