{"gold_per_floor":[109,109,109,109,119,154,154,174,252,252,281,456,474,55,55,150,150,169,169],"floor_reached":19,"playtime":709,"items_purged":["Doubt"],"score":270,"play_id":"2e983fe5-d8d7-4845-adee-662827371819","local_time":"20190409173350","is_ascension_mode":true,"campfire_choices":[{"data":"Redo","floor":7.0,"key":"SMITH"},{"floor":10.0,"key":"REST"},{"data":"Lockon","floor":15.0,"key":"SMITH"}],"neow_cost":"NONE","seed_source_timestamp":0,"circlet_count":0,"master_deck":["Strike_B","Strike_B","Strike_B","Strike_B+1","Defend_B","Defend_B","Defend_B","Defend_B+1","Zap+1","Dualcast","Recycle","Rebound","Redo+1","Doom and Gloom","Compile Driver","Lockon+1","Storm+1","Stack+1","Biased Cognition+1","Redo+1"],"special_seed":0,"relics":["Cracked Core","NeowsBlessing","Strawberry","Frozen Egg 2","Question Card","Symbiotic Virus","Toxic Egg 2","Busted Crown"],"potions_floor_usage":[18,19],"damage_taken":[{"damage":0.0,"enemies":"2 Louse","floor":1.0,"turns":1.0},{"damage":0.0,"enemies":"Small Slimes","floor":5.0,"turns":1.0},{"damage":0.0,"enemies":"3 Sentries","floor":6.0,"turns":1.0},{"damage":2.0,"enemies":"Jaw Worm","floor":8.0,"turns":3.0},{"damage":16.0,"enemies":"Gremlin Nob","floor":11.0,"turns":3.0},{"damage":0.0,"enemies":"2 Fungi Beasts","floor":13.0,"turns":2.0},{"damage":19.0,"enemies":"The Guardian","floor":16.0,"turns":7.0},{"damage":11,"enemies":"2 Thieves","floor":18,"turns":3},{"damage":31,"enemies":"Colosseum Slavers","floor":19,"turns":4},{"damage":41,"enemies":"Colosseum Nobs","floor":19,"turns":3}],"seed_played":"-4838500196213753948","potions_obtained":[{"floor":5.0,"key":"Dexterity Potion"},{"floor":8.0,"key":"FocusPotion"},{"floor":13.0,"key":"Fire Potion"},{"floor":16.0,"key":"Block Potion"},{"floor":18,"key":"Fire Potion"}],"is_trial":false,"path_per_floor":["M","?","?","?","M","E","R","M","T","R","E","?","M","$","R","B",null,"M","?"],"character_chosen":"DEFECT","items_purchased":["Toxic Egg 2","Storm+1","Stack+1"],"campfire_rested":1,"item_purchase_floors":[14,14,14],"current_hp_per_floor":[68,68,68,52,52,52,52,50,50,74,58,58,58,58,58,39,71,60,0],"gold":169,"neow_bonus":"THREE_ENEMY_KILL","is_prod":false,"is_daily":false,"chose_seed":false,"campfire_upgraded":2,"win_rate":0,"timestamp":1554856430,"path_taken":["M","?","?","?","M","E","R","M","T","R","E","?","M","$","R","BOSS","M","?"],"build_version":"2019-01-23","purchased_purges":1,"victory":false,"max_hp_per_floor":[75,75,82,82,82,82,82,82,82,82,82,82,82,82,82,82,82,82,82],"card_choices":[{"not_picked":["Compile Driver","Turbo"],"picked":"Recycle","floor":1.0},{"not_picked":["Stack","Hologram"],"picked":"Rebound","floor":5.0},{"not_picked":["Barrage","Hologram"],"picked":"Redo","floor":6.0},{"not_picked":["Tempest","Gash"],"picked":"Doom and Gloom","floor":8.0},{"not_picked":["Aggregate","Double Energy","Chill"],"picked":"Compile Driver","floor":11.0},{"not_picked":["Chill","Streamline","Go for the Eyes"],"picked":"Lockon","floor":13.0},{"not_picked":["Hyperbeam","Buffer+1","Core Surge"],"picked":"Biased Cognition+1","floor":16.0},{"not_picked":["Ball Lightning"],"picked":"Redo+1","floor":18}],"player_experience":520503,"relics_obtained":[{"floor":6.0,"key":"Frozen Egg 2"},{"floor":9.0,"key":"Question Card"},{"floor":11.0,"key":"Symbiotic Virus"}],"event_choices":[{"damage_healed":0.0,"max_hp_gain":0.0,"max_hp_loss":0.0,"gold_gain":0.0,"event_name":"Living Wall","player_choice":"Grow","floor":2.0,"gold_loss":0.0,"damage_taken":0.0,"cards_upgraded":["Zap"]},{"damage_healed":0.0,"max_hp_gain":0.0,"max_hp_loss":0.0,"gold_gain":0.0,"event_name":"Scrap Ooze","player_choice":"Success","floor":3.0,"gold_loss":0.0,"damage_taken":7.0,"relics_obtained":["Strawberry"]},{"damage_healed":0.0,"max_hp_gain":0.0,"max_hp_loss":0.0,"gold_gain":0.0,"event_name":"Shining Light","player_choice":"Entered Light","floor":4.0,"gold_loss":0.0,"damage_taken":16.0,"cards_upgraded":["Defend_B","Strike_B"]},{"damage_healed":0.0,"max_hp_gain":0.0,"max_hp_loss":0.0,"gold_gain":175.0,"event_name":"Liars Game","player_choice":"AGREE","floor":12.0,"gold_loss":0.0,"damage_taken":0.0,"cards_obtained":["Doubt"]},{"damage_healed":0,"gold_gain":0,"player_choice":"Fight","damage_taken":0,"max_hp_gain":0,"max_hp_loss":0,"event_name":"Colosseum","floor":19,"gold_loss":0},{"damage_healed":0,"gold_gain":0,"player_choice":"Fought Nobs","damage_taken":0,"max_hp_gain":0,"max_hp_loss":0,"event_name":"Colosseum","floor":19,"gold_loss":0}],"is_beta":false,"boss_relics":[{"not_picked":["Astrolabe","Nuclear Battery"],"picked":"Busted Crown"}],"items_purged_floors":[14],"is_endless":false,"potions_floor_spawned":[5,8,13,16,18],"killed_by":"Colosseum Nobs","ascension_level":7}