{"gold_per_floor":[113,129,129,129,143,143,176,176,206,206,221,237,237,300,300,371,371,391,491,258,272,297,297,307,307,332,332,344,359,392,221,221,296,296,306,320,320,120,120,120,134,148,148,148,148,197,197,125,125,125],"floor_reached":51,"playtime":1636,"items_purged":[],"score":1173,"play_id":"2118a06c-76b0-471b-aabf-9d2f3edaf86f","local_time":"20181118204514","is_ascension_mode":true,"campfire_choices":[{"data":"Flex","floor":6.0,"key":"SMITH"},{"data":"Flex","floor":13.0,"key":"SMITH"},{"data":"Iron Wave","floor":15.0,"key":"SMITH"},{"data":"Double Tap","floor":23.0,"key":"SMITH"},{"data":"Flex","floor":25.0,"key":"SMITH"},{"data":"Pummel","floor":27.0,"key":"SMITH"},{"data":"Bash","floor":32,"key":"SMITH"},{"data":"Seeing Red","floor":40,"key":"SMITH"},{"data":"Reaper","floor":45,"key":"SMITH"},{"data":"Pummel","floor":49,"key":"SMITH"}],"neow_cost":"CURSE","seed_source_timestamp":0,"circlet_count":0,"master_deck":["AscendersBane","Strike_R","Strike_R","Strike_R","Strike_R","Defend_R","Defend_R","Defend_R","Bash+1","Regret","Reaper+1","Iron Wave+1","Headbutt","Limit Break+1","Flex+1","Pummel+1","Parasite","Flex+1","Double Tap+1","Battle Trance","Sword Boomerang+1","Flash of Steel","Cleave","Flex+1","Thunderclap+1","Whirlwind+1","Shrug It Off+1","Armaments+1","Flash of Steel","Flame Barrier+1","Seeing Red+1","Limit Break+1","Pommel Strike+1","Flex+1","Parasite","Pummel+1","Ghostly Armor"],"special_seed":0,"relics":["Burning Blood","Mummified Hand","Tiny Chest","Du-Vu Doll","Philosopher\u0027s Stone","Prayer Wheel","Shuriken","Anchor","Orichalcum","Red Skull","Bag of Marbles","Cursed Key","DollysMirror","Bottled Lightning","Ginger"],"potions_floor_usage":[33,42,50,50],"damage_taken":[{"damage":24.0,"enemies":"Small Slimes","floor":1.0,"turns":4.0},{"damage":14.0,"enemies":"Cultist","floor":2.0,"turns":4.0},{"damage":13.0,"enemies":"2 Louse","floor":5.0,"turns":4.0},{"damage":52.0,"enemies":"Gremlin Nob","floor":7.0,"turns":5.0},{"damage":23.0,"enemies":"Exordium Thugs","floor":11.0,"turns":5.0},{"damage":0.0,"enemies":"Large Slime","floor":12.0,"turns":2.0},{"damage":32.0,"enemies":"Lagavulin Event","floor":14.0,"turns":5.0},{"damage":35.0,"enemies":"The Guardian","floor":16.0,"turns":7.0},{"damage":12.0,"enemies":"2 Thieves","floor":18.0,"turns":2.0},{"damage":40.0,"enemies":"Colosseum Slavers","floor":19.0,"turns":4.0},{"damage":47.0,"enemies":"Colosseum Nobs","floor":19.0,"turns":5.0},{"damage":0.0,"enemies":"Spheric Guardian","floor":21.0,"turns":2.0},{"damage":2.0,"enemies":"3 Cultists","floor":24.0,"turns":3.0},{"damage":2.0,"enemies":"Sentry and Sphere","floor":28.0,"turns":3.0},{"damage":0,"enemies":"Centurion and Healer","floor":29,"turns":2},{"damage":6,"enemies":"Slavers","floor":30,"turns":4},{"damage":21,"enemies":"Automaton","floor":33,"turns":6},{"damage":2,"enemies":"3 Darklings","floor":35,"turns":2},{"damage":24,"enemies":"Orb Walker","floor":36,"turns":4},{"damage":2,"enemies":"Jaw Worm Horde","floor":41,"turns":2},{"damage":0,"enemies":"Transient","floor":42,"turns":5},{"damage":0,"enemies":"2 Orb Walkers","floor":46,"turns":3},{"damage":58,"enemies":"Time Eater","floor":50,"turns":5}],"seed_played":"-4897057344540515830","potions_obtained":[{"floor":1.0,"key":"Dexterity Potion"},{"floor":7.0,"key":"Dexterity Potion"},{"floor":16.0,"key":"EssenceOfSteel"},{"floor":18.0,"key":"PowerPotion"},{"floor":19.0,"key":"Strength Potion"},{"floor":28.0,"key":"Fire Potion"},{"floor":30,"key":"EssenceOfSteel"},{"floor":39,"key":"AttackPotion"},{"floor":42,"key":"Dexterity Potion"}],"is_trial":false,"path_per_floor":["M","M","$","?","M","R","E","?","T","?","M","M","R","?","R","B",null,"M","?","$","M","T","R","M","R","T","R","M","M","E","$","R","B",null,"M","M","?","$","?","R","M","M","T","$","R","?","?","$","R","B",null],"character_chosen":"IRONCLAD","items_purchased":["Anchor","Flash of Steel","Flash of Steel","Regen Potion","DollysMirror","Ghostly Armor"],"campfire_rested":0,"item_purchase_floors":[20,20,31,31,38,48],"current_hp_per_floor":[57,55,55,55,56,56,28,46,46,46,37,58,58,41,41,28,63,67,27,27,33,33,33,37,37,37,37,41,47,75,75,75,60,71,75,75,75,75,75,75,75,75,75,75,75,75,75,75,75,28],"gold":125,"neow_bonus":"THREE_RARE_CARDS","is_prod":false,"is_daily":false,"chose_seed":false,"campfire_upgraded":10,"win_rate":0,"timestamp":1542591914,"path_taken":["M","M","$","?","?","R","E","?","T","?","?","M","R","?","R","BOSS","M","?","$","M","?","R","M","R","T","R","M","M","E","$","R","BOSS","M","M","?","?","?","R","?","M","T","$","R","?","?","$","R","BOSS"],"build_version":"2018-11-15","purchased_purges":0,"victory":true,"max_hp_per_floor":[75,75,75,75,75,75,75,75,75,75,75,75,75,75,75,75,75,75,75,75,75,75,75,75,75,75,75,75,75,75,75,75,75,75,75,75,75,75,75,75,75,75,75,75,75,75,75,75,75,75],"card_choices":[{"not_picked":["Bludgeon","Demon Form"],"picked":"Reaper","floor":0.0},{"not_picked":["Uppercut","Armaments"],"picked":"Iron Wave","floor":1.0},{"not_picked":["Evolve","Ghostly Armor"],"picked":"Headbutt","floor":2.0},{"not_picked":["Havoc","Twin Strike"],"picked":"Flex","floor":5.0},{"not_picked":["Double Tap","Bludgeon"],"picked":"Pummel","floor":7.0},{"not_picked":["True Grit","Anger"],"picked":"Flex","floor":11.0},{"not_picked":["Searing Blow","Pommel Strike","Rupture"],"picked":"SKIP","floor":12.0},{"not_picked":["Brutality","Demon Form"],"picked":"Double Tap","floor":16.0},{"not_picked":["True Grit","Shrug It Off"],"picked":"Battle Trance","floor":18.0},{"not_picked":["Anger","Clothesline"],"picked":"Sword Boomerang+1","floor":19.0},{"not_picked":["Hemokinesis","Uppercut"],"picked":"Cleave","floor":21.0},{"not_picked":["Metallicize","Twin Strike"],"picked":"Corruption","floor":21.0},{"not_picked":["Barricade","Twin Strike"],"picked":"Flex","floor":24.0},{"not_picked":["Shrug It Off","Disarm"],"picked":"Thunderclap+1","floor":24.0},{"not_picked":["Flex","Havoc"],"picked":"Whirlwind+1","floor":28.0},{"not_picked":["Clash","Flex"],"picked":"Shrug It Off+1","floor":28.0},{"not_picked":["Twin Strike","Body Slam"],"picked":"Armaments+1","floor":29},{"not_picked":["Clash+1","Rage","Burning Pact"],"picked":"SKIP","floor":29},{"not_picked":["Disarm","Combust","Sever Soul"],"picked":"SKIP","floor":30},{"not_picked":["Iron Wave","Thunderclap","Shrug It Off"],"picked":"SKIP","floor":35},{"not_picked":["Perfected Strike","Clothesline","Anger"],"picked":"SKIP","floor":35},{"not_picked":["Combust","Ghostly Armor+1"],"picked":"Flame Barrier+1","floor":36},{"not_picked":["True Grit+1","Warcry+1","Clothesline"],"picked":"SKIP","floor":36},{"not_picked":["Cleave","Iron Wave"],"picked":"Pommel Strike+1","floor":41},{"not_picked":["True Grit","Carnage+1","Headbutt"],"picked":"SKIP","floor":41},{"not_picked":["Clothesline","Havoc"],"picked":"Flex+1","floor":42},{"not_picked":["Blood for Blood+1","Wild Strike","Searing Blow+1"],"picked":"SKIP","floor":42},{"not_picked":["Barricade","Flex"],"picked":"Pummel","floor":46}],"player_experience":740280,"relics_obtained":[{"floor":7.0,"key":"Mummified Hand"},{"floor":9.0,"key":"Tiny Chest"},{"floor":19.0,"key":"Prayer Wheel"},{"floor":19.0,"key":"Shuriken"},{"floor":22.0,"key":"Orichalcum"},{"floor":26.0,"key":"Red Skull"},{"floor":30,"key":"Bag of Marbles"},{"floor":43,"key":"Bottled Lightning"},{"floor":46,"key":"Ginger"}],"event_choices":[{"damage_healed":0.0,"max_hp_gain":0.0,"max_hp_loss":0.0,"gold_gain":0.0,"cards_transformed":["Strike_R"],"event_name":"Transmorgrifier","player_choice":"Transformed","floor":4.0,"gold_loss":0.0,"damage_taken":0.0,"cards_obtained":["Limit Break"]},{"damage_healed":18.0,"max_hp_gain":0.0,"max_hp_loss":0.0,"gold_gain":0.0,"event_name":"Mushrooms","player_choice":"Healed and dodged fight","floor":8.0,"gold_loss":0.0,"damage_taken":0.0,"cards_obtained":["Parasite"]},{"damage_healed":0.0,"max_hp_gain":0.0,"max_hp_loss":0.0,"gold_gain":0.0,"event_name":"Living Wall","player_choice":"Grow","floor":10.0,"gold_loss":0.0,"damage_taken":0.0,"cards_upgraded":["Limit Break"]},{"damage_healed":0.0,"max_hp_gain":0.0,"max_hp_loss":0.0,"gold_gain":0.0,"event_name":"Dead Adventurer","player_choice":"Searched \u00272\u0027 times","floor":14.0,"gold_loss":0.0,"damage_taken":0.0,"relics_obtained":["Du-Vu Doll"]},{"damage_healed":0.0,"max_hp_gain":0.0,"max_hp_loss":0.0,"gold_gain":0.0,"event_name":"Colosseum","player_choice":"Fight","floor":19.0,"gold_loss":0.0,"damage_taken":0.0},{"damage_healed":0.0,"max_hp_gain":0.0,"max_hp_loss":0.0,"gold_gain":0.0,"event_name":"Colosseum","player_choice":"Fought Nobs","floor":19.0,"gold_loss":0.0,"damage_taken":0.0},{"damage_healed":0,"gold_gain":0,"cards_transformed":["Corruption"],"player_choice":"Transformed","damage_taken":0,"max_hp_gain":0,"max_hp_loss":0,"event_name":"Transmorgrifier","floor":37,"gold_loss":0,"cards_obtained":["Seeing Red"]},{"damage_healed":0,"gold_gain":0,"player_choice":"Got Potions","damage_taken":0,"max_hp_gain":0,"max_hp_loss":0,"event_name":"Lab","floor":39,"gold_loss":0},{"damage_healed":0,"gold_gain":0,"player_choice":"Fight","damage_taken":0,"max_hp_gain":0,"max_hp_loss":0,"event_name":"Mysterious Sphere","floor":46,"gold_loss":0},{"cards_removed":["Defend_R"],"damage_healed":0,"gold_gain":0,"player_choice":"Removed Skill","damage_taken":0,"max_hp_gain":0,"max_hp_loss":0,"event_name":"Falling","floor":47,"gold_loss":0}],"is_beta":false,"boss_relics":[{"not_picked":["Snecko Eye","Runic Dome"],"picked":"Philosopher\u0027s Stone"},{"not_picked":["Lizard Tail","Sozu"],"picked":"Cursed Key"}],"items_purged_floors":[],"is_endless":false,"potions_floor_spawned":[1,7,12,16,18,19,28,30,41,42],"ascension_level":15}