{"path_per_floor":["M","?","?","M","M","R","$","M","T","M","?","?","M","T","R","B",null,"M","?","M","M","$","R","M","$","T","M","M","M","M","?","R","B",null,"M","M","M"],"character_chosen":"IRONCLAD","items_purchased":["Champion Belt","Warcry"],"gold_per_floor":[109,109,109,129,140,140,65,82,160,170,245,308,326,351,351,447,447,465,380,395,412,17,17,30,4,4,22,33,51,61,61,61,157,157,167,186,201],"floor_reached":38,"campfire_rested":0,"playtime":3026,"current_hp_per_floor":[80,80,73,74,68,68,68,64,64,51,40,56,65,72,72,47,101,101,101,85,73,73,73,79,79,79,87,57,54,36,36,36,51,70,66,50,44],"items_purged":["Defend_R","Strike_R"],"gold":201,"play_id":"0598727a-6279-48e5-b674-5928b7da38f9","is_prod":false,"is_daily":false,"campfire_rituals":0,"campfire_upgraded":4,"is_hardmode":false,"path_taken":["M","?","?","M","M","R","$","M","T","M","?","?","M","?","R","BOSS","M","?","M","M","$","R","M","?","T","M","M","?","M","?","R","BOSS","M","M","M","M"],"build_version":"2018-01-11-PROD2","purchased_purges":2,"victory":false,"master_deck":["Defend_R","Defend_R","Bash","Thunderclap","Seeing Red","Headbutt","Dropkick","Havoc","Battle Trance","Reaper","Inflame","Dark Embrace","Armaments","Dropkick","Searing Blow","Warcry","Evolve","Seeing Red","Shrug It Off","Bite_R","Bite_R","Bite_R","Bite_R","Bite_R","Exhume","Havoc"],"max_hp_per_floor":[80,80,80,80,80,80,80,80,80,80,80,94,94,101,101,101,101,101,101,101,101,101,101,101,101,101,101,101,101,101,70,70,70,70,70,70,70],"relics":["Burning Blood","Meat on the Bone","Mango","Strawberry","Lizard Tail","Vajra","Champion Belt","Bird Faced Urn","Philosopher\u0027s Stone"],"campfire_meditates":0,"card_choices":[{"not_picked":["Rage","Clothesline"],"picked":"Thunderclap"},{"not_picked":["Corruption","Warcry"],"picked":"Headbutt"},{"not_picked":["Bloodletting","Iron Wave"],"picked":"Dropkick"},{"not_picked":["Wild Strike","Flex"],"picked":"Havoc"},{"not_picked":["Blood for Blood","Feel No Pain"],"picked":"Battle Trance"},{"not_picked":["Sword Boomerang","Heavy Blade"],"picked":"Reaper"},{"not_picked":["Cleave","Havoc"],"picked":"Inflame"},{"not_picked":["Demon Form","Juggernaut"],"picked":"Dark Embrace"},{"not_picked":["Battle Trance","Heavy Blade"],"picked":"Armaments"},{"not_picked":["True Grit","Armaments"],"picked":"Dropkick"},{"not_picked":["Impervious","Twin Strike"],"picked":"Searing Blow"},{"not_picked":["Reckless Charge","Wild Strike"],"picked":"Evolve"},{"not_picked":["Twin Strike","Warcry"],"picked":"Seeing Red"},{"not_picked":["Fire Breathing","Rage"],"picked":"Shrug It Off"},{"not_picked":["Barricade","Berserk"],"picked":"Exhume"},{"not_picked":["Demon Form","Intimidate"],"picked":"Havoc"}],"player_experience":34627,"potions_floor_usage":[10,16,18,21,27,27,28,33,33,38],"damage_taken":[{"damage":4,"enemies":"Small Slimes","floor":1,"turns":4},{"damage":5,"enemies":"2 Louse","floor":4,"turns":3},{"damage":12,"enemies":"Blue Slaver","floor":5,"turns":2},{"damage":10,"enemies":"Looter","floor":8,"turns":2},{"damage":19,"enemies":"Exordium Wildlife","floor":10,"turns":4},{"damage":16,"enemies":"Gremlin Nob","floor":12,"turns":3},{"damage":9,"enemies":"2 Fungi Beasts","floor":13,"turns":2},{"damage":55,"enemies":"Hexaghost","floor":16,"turns":6},{"damage":4,"enemies":"Chosen","floor":18,"turns":5},{"damage":22,"enemies":"Shell Parasite","floor":20,"turns":4},{"damage":26,"enemies":"Snecko","floor":21,"turns":4},{"damage":10,"enemies":"Snake Plant","floor":24,"turns":3},{"damage":7,"enemies":"Chosen and Byrds","floor":27,"turns":3},{"damage":52,"enemies":"Sentry and Sphere","floor":28,"turns":6},{"damage":34,"enemies":"Centurion and Healer","floor":29,"turns":4},{"damage":49,"enemies":"Snecko","floor":30,"turns":6},{"damage":72,"enemies":"Collector","floor":33,"turns":12},{"damage":34,"enemies":"3 Darklings","floor":35,"turns":5},{"damage":37,"enemies":"Orb Walker","floor":36,"turns":4},{"damage":63,"enemies":"4 Shapes","floor":37,"turns":4},{"damage":109,"enemies":"Sphere and 2 Shapes","floor":38,"turns":6}],"event_choices":[{"event_name":"Living Wall","player_choice":"Change","floor":2,"damage_taken":0},{"event_name":"Golden Wing","player_choice":"Card Removal","floor":3,"damage_taken":0},{"event_name":"World of Goop","player_choice":"Gather Gold","floor":11,"damage_taken":0},{"event_name":"Dead Adventurer","player_choice":"Searched \u00271\u0027 times","floor":12,"damage_taken":0},{"event_name":"Addict","player_choice":"Obtained Relic","floor":19,"damage_taken":0},{"event_name":"Vampires","player_choice":"Became a vampire","floor":31,"damage_taken":0}],"boss_relics":[{"not_picked":["Calling Bell","Sozu"],"picked":"Lizard Tail"},{"not_picked":["Tiny House","Orrery"],"picked":"Philosopher\u0027s Stone"}],"potions_floor_spawned":[4,5,12,13,16,20,21,27,28,30,35],"seed_played":"7967133493913993210","killed_by":"Sphere and 2 Shapes","is_trial":false}