{"gold_per_floor":[211,386,396,396,412,412,441,168,221,234,32,32,65,81,81,81],"floor_reached":16,"playtime":754,"items_purged":["Doubt"],"score":127,"play_id":"b5a89e1b-a853-47f2-ae6a-cf9f187f24a5","local_time":"20180806004608","is_ascension_mode":true,"campfire_choices":[{"data":"Dualcast","floor":6,"key":"SMITH"},{"floor":12,"key":"REST"},{"floor":15,"key":"REST"}],"neow_cost":"NONE","seed_source_timestamp":38685303559663,"circlet_count":0,"master_deck":["Strike_B","Strike_B","Strike_B","Strike_B","Defend_B","Defend_B","Defend_B","Defend_B","Zap+1","Dualcast+1","Fusion","Self Repair","Scrape","Steam","Gash","Gash","Self Repair"],"relics":["Cracked Core","Lantern","Tiny Chest","Anchor","Gambling Chip"],"potions_floor_usage":[13,16],"damage_taken":[{"damage":5,"enemies":"2 Louse","floor":1,"turns":2},{"damage":0,"enemies":"Small Slimes","floor":3,"turns":3},{"damage":7,"enemies":"Jaw Worm","floor":5,"turns":3},{"damage":30,"enemies":"3 Sentries","floor":7,"turns":9},{"damage":25,"enemies":"Lots of Slimes","floor":10,"turns":5},{"damage":14,"enemies":"Lagavulin","floor":13,"turns":6},{"damage":11,"enemies":"Gremlin Gang","floor":14,"turns":3},{"damage":44,"enemies":"Hexaghost","floor":16,"turns":9}],"seed_played":"8906402715679741315","potions_obtained":[{"floor":1,"key":"Swift Potion"},{"floor":13,"key":"Poison Potion"}],"is_trial":false,"path_per_floor":["M","?","M","?","M","R","E","$","T","M","$","R","E","M","R"],"character_chosen":"DEFECT","items_purchased":["Self Repair","Scrape","Steam","Gash","Anchor"],"campfire_rested":2,"item_purchase_floors":[8,8,8,11,11],"current_hp_per_floor":[70,70,70,70,63,63,33,33,33,15,15,37,30,19,41,0],"gold":81,"neow_bonus":"HUNDRED_GOLD","is_prod":false,"is_daily":false,"chose_seed":false,"campfire_upgraded":1,"win_rate":0,"timestamp":1533509168,"path_taken":["M","?","M","?","?","R","E","$","T","?","$","R","E","M","R","BOSS"],"build_version":"2018-08-02","purchased_purges":1,"victory":false,"max_hp_per_floor":[75,75,75,75,75,75,75,75,75,75,75,75,75,75,75,75],"card_choices":[{"not_picked":["Blizzard","White Noise","Sweeping Beam"],"picked":"SKIP","floor":1},{"not_picked":["Stack","Coolheaded","Undo"],"picked":"SKIP","floor":3},{"not_picked":["Leap","Hologram","Stack"],"picked":"SKIP","floor":5},{"not_picked":["Leap","Sunder"],"picked":"Fusion","floor":7},{"not_picked":["Chaos","Sweeping Beam"],"picked":"Gash","floor":10},{"not_picked":["Chaos","Capacitor","Reprogram"],"picked":"SKIP","floor":13},{"not_picked":["Stack","Auto Shields"],"picked":"Self Repair","floor":14}],"player_experience":356331,"relics_obtained":[{"floor":7,"key":"Lantern"},{"floor":9,"key":"Tiny Chest"},{"floor":13,"key":"Gambling Chip"}],"event_choices":[{"event_name":"Liars Game","player_choice":"agreed","floor":2,"damage_taken":0},{"event_name":"Living Wall","player_choice":"Grow","floor":4,"damage_taken":0}],"is_beta":false,"boss_relics":[],"items_purged_floors":[8],"is_endless":false,"potions_floor_spawned":[1,13],"killed_by":"Hexaghost","ascension_level":3}