{"gold_per_floor":[109,123,123,123,141,141,170,185,185,214,178,143,154,187,187,187],"floor_reached":16,"playtime":432,"items_purged":[],"score":240,"play_id":"ebccfb33-7683-4d39-ab2e-f588dc586cde","local_time":"20190428084957","is_ascension_mode":true,"campfire_choices":[{"data":"Bash","floor":6,"key":"SMITH"},{"floor":15,"key":"REST"}],"neow_cost":"NONE","seed_source_timestamp":414309083375999,"circlet_count":0,"master_deck":["AscendersBane","Strike_R","Strike_R","Strike_R","Strike_R","Strike_R","Defend_R","Defend_R","Defend_R","Defend_R","Bash+1","Twin Strike","Combust","Headbutt","Dropkick","Inflame","Pummel"],"relics":["Burning Blood","NeowsBlessing","Magic Flower","Bottled Lightning","Self Forming Clay","Question Card"],"potions_floor_usage":[7,8,10,13,14,16],"damage_taken":[{"damage":0,"enemies":"Jaw Worm","floor":1,"turns":1},{"damage":0,"enemies":"Cultist","floor":2,"turns":1},{"damage":1,"enemies":"Small Slimes","floor":5,"turns":2},{"damage":34,"enemies":"3 Sentries","floor":7,"turns":6},{"damage":25,"enemies":"Looter","floor":8,"turns":3},{"damage":32,"enemies":"Gremlin Nob","floor":10,"turns":4},{"damage":0,"enemies":"Exordium Wildlife","floor":13,"turns":2},{"damage":35,"enemies":"3 Sentries","floor":14,"turns":6},{"damage":52,"enemies":"The Guardian","floor":16,"turns":7}],"seed_played":"-3345862942506196598","potions_obtained":[{"floor":1,"key":"Fire Potion"},{"floor":4,"key":"Regen Potion"},{"floor":7,"key":"SneckoOil"},{"floor":10,"key":"Energy Potion"},{"floor":13,"key":"Energy Potion"},{"floor":14,"key":"SkillPotion"}],"is_trial":false,"path_per_floor":["M","M","$","?","M","R","E","M","T","E","?","?","M","E","R","B"],"character_chosen":"IRONCLAD","items_purchased":[],"campfire_rested":1,"item_purchase_floors":[],"current_hp_per_floor":[74,75,75,75,75,75,47,50,50,27,27,45,54,28,50,0],"gold":187,"neow_bonus":"THREE_ENEMY_KILL","is_prod":false,"is_daily":false,"chose_seed":false,"campfire_upgraded":1,"win_rate":0,"timestamp":1556455797,"path_taken":["M","M","$","?","?","R","E","M","T","E","?","?","M","E","R","BOSS"],"build_version":"2019-01-23","purchased_purges":0,"victory":false,"max_hp_per_floor":[75,75,75,75,75,75,75,75,75,75,75,75,75,75,75,75],"card_choices":[{"not_picked":["Flame Barrier","Body Slam"],"picked":"Twin Strike","floor":1},{"not_picked":["Havoc","Heavy Blade"],"picked":"Combust","floor":2},{"not_picked":["Twin Strike","Battle Trance"],"picked":"Headbutt","floor":5},{"not_picked":["Reckless Charge","Iron Wave"],"picked":"Dropkick","floor":7},{"not_picked":["Clothesline","Thunderclap","Evolve"],"picked":"SKIP","floor":8},{"not_picked":["Reckless Charge","Pommel Strike"],"picked":"Inflame","floor":10},{"not_picked":["Carnage","Flame Barrier"],"picked":"Pummel","floor":13},{"not_picked":["Sentinel","True Grit","Thunderclap"],"picked":"SKIP","floor":14}],"player_experience":932959,"relics_obtained":[{"floor":7,"key":"Magic Flower"},{"floor":9,"key":"Bottled Lightning"},{"floor":10,"key":"Self Forming Clay"},{"floor":14,"key":"Question Card"}],"event_choices":[{"damage_healed":0,"gold_gain":0,"player_choice":"Got Potions","damage_taken":0,"max_hp_gain":0,"max_hp_loss":0,"event_name":"Lab","floor":4,"gold_loss":0},{"damage_healed":0,"gold_gain":0,"player_choice":"Left Gold","damage_taken":0,"max_hp_gain":0,"max_hp_loss":0,"event_name":"World of Goop","floor":11,"gold_loss":36},{"damage_healed":18,"gold_gain":0,"player_choice":"Healed","damage_taken":0,"max_hp_gain":0,"max_hp_loss":0,"event_name":"The Cleric","floor":12,"gold_loss":35}],"is_beta":false,"boss_relics":[],"items_purged_floors":[],"is_endless":false,"potions_floor_spawned":[1,7,10,13,14],"killed_by":"The Guardian","ascension_level":20}