{"gold_per_floor":[115,115,115,115,140,151,151,76,102,180,210,220,32,48,48,120,120,135,147,147],"floor_reached":20,"playtime":626,"items_purged":["Strike_R","Strike_R"],"score":292,"play_id":"ffabd8f8-3388-4ff3-af40-9561d5a18f4a","local_time":"20190507170610","is_ascension_mode":true,"campfire_choices":[{"floor":7,"key":"REST"},{"floor":15,"key":"REST"}],"neow_cost":"PERCENT_DAMAGE","seed_source_timestamp":201277067555800,"circlet_count":0,"master_deck":["AscendersBane","Strike_R","Strike_R","Defend_R","Defend_R","Defend_R","Defend_R","Bash","Pummel","Whirlwind","Bloodletting","Blood for Blood","Rupture+1","Metallicize+1","Blood for Blood","Rage"],"relics":["Burning Blood","Thread and Needle","Dream Catcher","Oddly Smooth Stone","Potion Belt","Frozen Egg 2","Odd Mushroom","Runic Cube"],"potions_floor_usage":[11,16,16,18],"damage_taken":[{"damage":0,"enemies":"2 Louse","floor":1,"turns":3},{"damage":4,"enemies":"Jaw Worm","floor":6,"turns":6},{"damage":17,"enemies":"The Mushroom Lair","floor":11,"turns":4},{"damage":0,"enemies":"Small Slimes","floor":12,"turns":4},{"damage":6,"enemies":"Looter","floor":14,"turns":3},{"damage":30,"enemies":"The Guardian","floor":16,"turns":10},{"damage":18,"enemies":"2 Thieves","floor":18,"turns":4},{"damage":16,"enemies":"Shell Parasite","floor":19,"turns":10},{"damage":45,"enemies":"3 Cultists","floor":20,"turns":4}],"seed_played":"-3047568091018494601","potions_obtained":[{"floor":1,"key":"Dexterity Potion"},{"floor":6,"key":"AttackPotion"},{"floor":11,"key":"Dexterity Potion"},{"floor":16,"key":"FearPotion"}],"is_trial":false,"path_per_floor":["M","?","?","?","T","M","R","$","T","T","?","M","$","M","R","B",null,"M","M","M"],"character_chosen":"IRONCLAD","items_purchased":["Rupture+1"],"campfire_rested":2,"item_purchase_floors":[13],"current_hp_per_floor":[56,21,21,21,21,23,45,45,45,45,34,40,40,40,62,38,66,54,44,0],"gold":147,"neow_bonus":"ONE_RARE_RELIC","is_prod":false,"is_daily":false,"chose_seed":false,"campfire_upgraded":0,"win_rate":0,"timestamp":1557219970,"path_taken":["M","?","?","?","?","M","R","?","T","?","?","M","$","?","R","BOSS","M","M","M"],"build_version":"2019-01-23","purchased_purges":2,"victory":false,"max_hp_per_floor":[75,75,75,75,75,75,75,75,75,75,75,75,75,75,75,75,75,75,75,75],"card_choices":[{"not_picked":["Reckless Charge","Carnage"],"picked":"Pummel","floor":1},{"not_picked":["Thunderclap","Anger"],"picked":"Whirlwind","floor":6},{"not_picked":["Searing Blow","Body Slam"],"picked":"Bloodletting","floor":7},{"not_picked":["Sever Soul","Heavy Blade"],"picked":"Blood for Blood","floor":11},{"not_picked":["True Grit","Sword Boomerang","Thunderclap"],"picked":"SKIP","floor":12},{"not_picked":["Entrench","Body Slam"],"picked":"Metallicize+1","floor":14},{"not_picked":["Evolve+1","Clash"],"picked":"Blood for Blood","floor":15},{"not_picked":["Sever Soul","Headbutt+1","Clash"],"picked":"SKIP","floor":18},{"not_picked":["Headbutt","Seeing Red"],"picked":"Rage","floor":19}],"player_experience":577041,"relics_obtained":[{"floor":5,"key":"Oddly Smooth Stone"},{"floor":9,"key":"Potion Belt"},{"floor":10,"key":"Frozen Egg 2"},{"floor":11,"key":"Odd Mushroom"}],"event_choices":[{"damage_healed":0,"gold_gain":0,"player_choice":"Success","damage_taken":35,"relics_obtained":["Dream Catcher"],"max_hp_gain":0,"max_hp_loss":0,"event_name":"Scrap Ooze","floor":2,"gold_loss":0},{"damage_healed":0,"gold_gain":0,"player_choice":"Ignored","damage_taken":0,"max_hp_gain":0,"max_hp_loss":0,"event_name":"Golden Idol","floor":3,"gold_loss":0},{"cards_removed":["Strike_R"],"damage_healed":0,"gold_gain":0,"player_choice":"Forget","damage_taken":0,"max_hp_gain":0,"max_hp_loss":0,"event_name":"Living Wall","floor":4,"gold_loss":0},{"damage_healed":0,"gold_gain":0,"player_choice":"Fought Mushrooms","damage_taken":0,"max_hp_gain":0,"max_hp_loss":0,"event_name":"Mushrooms","floor":11,"gold_loss":0}],"is_beta":false,"boss_relics":[{"not_picked":["Orrery","Cursed Key"],"picked":"Runic Cube"}],"items_purged_floors":[8,13],"is_endless":false,"potions_floor_spawned":[1,6,11,16],"killed_by":"3 Cultists","ascension_level":16}