{"gold_per_floor":[109,109,119,85,95,95,128,128,128,146,176,189,189,137,137,234,234,245,143,153,166,23,23,23,23,133,133,145,157,172,172],"floor_reached":31,"playtime":2560,"items_purged":[],"score":456,"play_id":"2c3f6d0c-80e1-44e7-a9d6-ad127c810dcc","local_time":"20190126185355","is_ascension_mode":true,"campfire_choices":[{"data":"True Grit","floor":6,"key":"SMITH"},{"floor":8,"key":"REST"},{"floor":15,"key":"REST"},{"floor":23,"key":"REST"},{"floor":27,"key":"REST"}],"neow_cost":"NONE","seed_source_timestamp":185314179709714,"circlet_count":0,"master_deck":["Strike_R+1","Strike_R","Strike_R","Strike_R+1","Strike_R","Defend_R","Defend_R","Defend_R","Defend_R","Bash","Twin Strike","Evolve","Sever Soul","Inflame","True Grit+1","Infernal Blade","Armaments","Battle Trance","Heavy Blade","Feed","Body Slam+1","Flame Barrier","Pommel Strike","Body Slam+1","Double Tap","Seeing Red"],"relics":["Burning Blood","Matryoshka","Blood Vial","Pear","Gambling Chip","Omamori","Nloth\u0027s Gift","Tiny Chest","Darkstone Periapt"],"potions_floor_usage":[11,16,16,18,20,20,28,28,31],"damage_taken":[{"damage":13,"enemies":"Jaw Worm","floor":1,"turns":4},{"damage":1,"enemies":"Cultist","floor":3,"turns":4},{"damage":1,"enemies":"2 Louse","floor":5,"turns":2},{"damage":50,"enemies":"Lagavulin","floor":7,"turns":10},{"damage":4,"enemies":"Blue Slaver","floor":10,"turns":2},{"damage":21,"enemies":"3 Sentries","floor":11,"turns":9},{"damage":6,"enemies":"Gremlin Gang","floor":12,"turns":5},{"damage":0,"enemies":"Slime Boss","floor":16,"turns":6},{"damage":43,"enemies":"2 Thieves","floor":18,"turns":4},{"damage":10,"enemies":"3 Byrds","floor":20,"turns":6},{"damage":52,"enemies":"Snecko","floor":21,"turns":7},{"damage":18,"enemies":"Chosen and Byrds","floor":28,"turns":7},{"damage":41,"enemies":"Snake Plant","floor":29,"turns":5},{"damage":23,"enemies":"Centurion and Healer","floor":30,"turns":7},{"damage":32,"enemies":"Shelled Parasite and Fungi","floor":31,"turns":2}],"seed_played":"-1922366188808852307","potions_obtained":[{"floor":1,"key":"Explosive Potion"},{"floor":10,"key":"FearPotion"},{"floor":11,"key":"Swift Potion"},{"floor":20,"key":"LiquidBronze"},{"floor":21,"key":"EssenceOfSteel"},{"floor":30,"key":"Poison Potion"}],"is_trial":false,"path_per_floor":["M","?","M","$","M","R","E","R","T","M","E","M","?","$","R","B",null,"M","$","M","M","$","R","?","$","T","R","M","M","M","M"],"character_chosen":"IRONCLAD","items_purchased":["Inflame","Strength Potion","Fire Potion","Block Potion","Omamori"],"campfire_rested":4,"item_purchase_floors":[4,14,19,19,22],"current_hp_per_floor":[65,70,75,75,80,80,36,61,71,75,62,64,45,45,73,81,92,60,60,61,17,17,47,47,47,47,77,67,37,22,0],"gold":172,"neow_bonus":"THREE_CARDS","is_prod":false,"is_daily":false,"chose_seed":false,"campfire_upgraded":1,"win_rate":0,"timestamp":1548525235,"path_taken":["M","?","M","$","M","R","E","R","T","M","E","M","?","$","R","BOSS","M","$","M","M","$","R","?","?","T","R","M","?","M","M"],"build_version":"2019-01-23","purchased_purges":0,"victory":false,"max_hp_per_floor":[80,85,85,85,85,85,85,85,95,95,95,95,95,95,95,95,95,98,98,101,101,101,101,101,101,101,101,101,104,104,107],"card_choices":[{"not_picked":["Heavy Blade","Pummel"],"picked":"Twin Strike","floor":0},{"not_picked":["Sword Boomerang","Pommel Strike"],"picked":"Evolve","floor":1},{"not_picked":["Twin Strike","Body Slam"],"picked":"Sever Soul","floor":3},{"not_picked":["Body Slam","Corruption"],"picked":"True Grit","floor":5},{"not_picked":["Bloodletting","Clash"],"picked":"Infernal Blade","floor":7},{"not_picked":["Wild Strike","Dark Embrace"],"picked":"Armaments","floor":10},{"not_picked":["Blood for Blood","Clothesline"],"picked":"Battle Trance","floor":11},{"not_picked":["Twin Strike","True Grit"],"picked":"Heavy Blade","floor":12},{"not_picked":["Double Tap","Immolate"],"picked":"Feed","floor":16},{"not_picked":["Second Wind+1","Flex"],"picked":"Body Slam+1","floor":18},{"not_picked":["Warcry+1","Evolve"],"picked":"Flame Barrier","floor":20},{"not_picked":["Intimidate+1","Heavy Blade"],"picked":"Pommel Strike","floor":21},{"not_picked":["Battle Trance","Pommel Strike+1"],"picked":"Body Slam+1","floor":28},{"not_picked":["Battle Trance","Iron Wave"],"picked":"Double Tap","floor":29},{"not_picked":["Flex","Cleave"],"picked":"Seeing Red","floor":30}],"player_experience":386023,"relics_obtained":[{"floor":7,"key":"Matryoshka"},{"floor":9,"key":"Blood Vial"},{"floor":9,"key":"Pear"},{"floor":11,"key":"Gambling Chip"},{"floor":26,"key":"Tiny Chest"},{"floor":26,"key":"Darkstone Periapt"}],"event_choices":[{"damage_healed":0,"gold_gain":0,"player_choice":"Donut","damage_taken":0,"max_hp_gain":5,"max_hp_loss":0,"event_name":"Big Fish","floor":2,"gold_loss":0},{"damage_healed":0,"gold_gain":0,"player_choice":"Entered Light","damage_taken":19,"max_hp_gain":0,"max_hp_loss":0,"event_name":"Shining Light","floor":13,"gold_loss":0,"cards_upgraded":["Strike_R","Strike_R"]},{"damage_healed":0,"gold_gain":0,"player_choice":"Traded Relic","damage_taken":0,"relics_obtained":["Nloth\u0027s Gift"],"max_hp_gain":0,"max_hp_loss":0,"event_name":"N\u0027loth","floor":24,"relics_lost":["Black Star"],"gold_loss":0}],"is_beta":false,"boss_relics":[{"not_picked":["Fusion Hammer","Eternal Feather"],"picked":"Black Star"}],"items_purged_floors":[],"is_endless":false,"potions_floor_spawned":[1,10,11,20,21,30],"killed_by":"Shelled Parasite and Fungi","ascension_level":9}