{"gold_per_floor":[109,126,126,136,136,175,175],"floor_reached":7,"playtime":212,"items_purged":[],"score":51,"play_id":"f1896900-1793-4b77-ade1-868fd02506a6","local_time":"20190412225819","is_ascension_mode":false,"campfire_choices":[],"neow_cost":"NONE","seed_source_timestamp":0,"circlet_count":0,"master_deck":["Defend_G","Defend_G","Defend_G","Defend_G","Defend_G","Strike_G","Strike_G","Strike_G","Strike_G","Survivor","Neutralize","Bane","Blade Dance","Dagger Throw","Blade Dance","Injury","Bouncing Flask"],"special_seed":0,"relics":["Ring of the Snake","NeowsBlessing","Golden Idol","Dodecahedron"],"potions_floor_usage":[6],"damage_taken":[{"damage":0.0,"enemies":"Small Slimes","floor":1.0,"turns":1.0},{"damage":0.0,"enemies":"2 Louse","floor":2.0,"turns":1.0},{"damage":0.0,"enemies":"Jaw Worm","floor":4.0,"turns":1.0},{"damage":33,"enemies":"Lagavulin","floor":6,"turns":9},{"damage":0,"enemies":"Lots of Slimes","floor":7,"turns":1}],"seed_played":"-1968803838149933563","potions_obtained":[{"floor":4.0,"key":"SteroidPotion"}],"is_trial":false,"path_per_floor":["M","M","?","M","?","E","M"],"character_chosen":"THE_SILENT","items_purchased":[],"campfire_rested":0,"item_purchase_floors":[],"current_hp_per_floor":[70,70,70,70,70,37,37],"gold":175,"neow_bonus":"THREE_ENEMY_KILL","is_prod":false,"is_daily":false,"chose_seed":false,"campfire_upgraded":0,"win_rate":0.0,"timestamp":1555127899,"path_taken":["M","M","?","M","?","E","M"],"build_version":"2019-01-23","purchased_purges":0,"victory":false,"max_hp_per_floor":[70,70,70,70,70,70,70],"card_choices":[{"not_picked":["Dagger Spray","PiercingWail"],"picked":"Bane","floor":1.0},{"not_picked":["Riddle With Holes","Deflect"],"picked":"Blade Dance","floor":2.0},{"not_picked":["Acrobatics","Dagger Throw"],"picked":"Blade Dance","floor":4.0},{"not_picked":["Blade Dance","Dagger Throw"],"picked":"Bouncing Flask","floor":6}],"player_experience":106013,"relics_obtained":[{"floor":6,"key":"Dodecahedron"}],"event_choices":[{"damage_healed":0.0,"max_hp_gain":0.0,"max_hp_loss":0.0,"gold_gain":0.0,"cards_transformed":["Strike_G"],"event_name":"Living Wall","player_choice":"Change","floor":3.0,"gold_loss":0.0,"damage_taken":0.0,"cards_obtained":["Dagger Throw"]},{"damage_healed":0.0,"max_hp_gain":0.0,"max_hp_loss":0.0,"gold_gain":0.0,"event_name":"Golden Idol","player_choice":"Take Wound","floor":5.0,"gold_loss":0.0,"damage_taken":0.0,"relics_obtained":["Golden Idol"],"cards_obtained":["Injury"]}],"is_beta":false,"boss_relics":[],"items_purged_floors":[],"is_endless":false,"potions_floor_spawned":[4],"killed_by":"Lots of Slimes","ascension_level":0}