{"gold_per_floor":[109,109,184,184,198,198,241,41,96,96,127,127,147,219,219,348,348,363,363,376,16,29,29,63,63,63,94,109,132,132,132,132,132],"floor_reached":33,"playtime":1336,"items_purged":["Pain"],"score":318,"play_id":"45f5837f-25d4-44e7-bd98-926618994f2c","local_time":"20190417212321","is_ascension_mode":false,"campfire_choices":[{"data":"Hyperbeam","floor":6,"key":"SMITH"},{"data":"Apotheosis","floor":10,"key":"SMITH"},{"data":"Blizzard","floor":12,"key":"SMITH"},{"floor":15,"key":"RECALL"},{"floor":23,"key":"REST"},{"floor":25,"key":"REST"},{"floor":32,"key":"REST"}],"neow_cost":"NONE","seed_source_timestamp":600241203914470,"circlet_count":0,"master_deck":["Strike_B","Strike_B","Defend_B+1","Defend_B","Defend_B","Defend_B","Zap","Dualcast","Hyperbeam+1","Ball Lightning","Cold Snap","All For One","Blizzard+1","Apotheosis+1","Ball Lightning","Conserve Battery+1","Echo Form","Fusion+1","Gash","Defragment","Gash","Coolheaded","Cold Snap","Cold Snap","Hologram","Hologram","Rebound","Cold Snap","Hyperbeam"],"relics":["Cracked Core","Golden Idol","Bag of Marbles","Bottled Lightning","White Beast Statue","WarpedTongs","Regal Pillow","Juzu Bracelet","Frozen Egg 2","War Paint"],"potions_floor_usage":[27,29,29,31],"damage_taken":[{"damage":1,"enemies":"Cultist","floor":1,"turns":3},{"damage":5,"enemies":"Small Slimes","floor":5,"turns":2},{"damage":2,"enemies":"3 Sentries","floor":7,"turns":3},{"damage":16,"enemies":"Lagavulin","floor":11,"turns":4},{"damage":0,"enemies":"Jaw Worm","floor":13,"turns":3},{"damage":2,"enemies":"Hexaghost","floor":16,"turns":9},{"damage":7,"enemies":"Shell Parasite","floor":18,"turns":5},{"damage":22,"enemies":"2 Thieves","floor":20,"turns":3},{"damage":21,"enemies":"3 Cultists","floor":22,"turns":4},{"damage":45,"enemies":"Slavers","floor":24,"turns":6},{"damage":26,"enemies":"Book of Stabbing","floor":27,"turns":6},{"damage":14,"enemies":"Centurion and Healer","floor":28,"turns":4},{"damage":11,"enemies":"Snake Plant","floor":29,"turns":4},{"damage":0,"enemies":"Cultist and Chosen","floor":31,"turns":1},{"damage":45,"enemies":"Collector","floor":33,"turns":3}],"seed_played":"-6195113829700603933","potions_obtained":[{"floor":5,"key":"SpeedPotion"},{"floor":7,"key":"FearPotion"},{"floor":13,"key":"FocusPotion"},{"floor":16,"key":"PowerPotion"},{"floor":27,"key":"SteroidPotion"},{"floor":28,"key":"PowerPotion"},{"floor":29,"key":"SmokeBomb"}],"is_trial":false,"path_per_floor":["M","?","?","?","M","R","E","$","T","R","E","R","M","?","R","B",null,"M","?","M","$","M","R","E","R","T","E","M","M","?","M","R","B"],"character_chosen":"DEFECT","items_purchased":["Blizzard","Apotheosis","Defragment","Gash","Coolheaded","Regal Pillow"],"campfire_rested":3,"item_purchase_floors":[8,8,21,21,21,21],"current_hp_per_floor":[74,74,63,45,40,40,38,38,38,38,22,22,22,22,22,20,75,68,68,46,46,25,62,17,54,54,28,14,3,3,3,40,0],"gold":132,"neow_bonus":"ONE_RANDOM_RARE_CARD","is_prod":false,"is_daily":false,"chose_seed":false,"campfire_upgraded":3,"win_rate":0,"timestamp":1555554201,"path_taken":["M","?","?","?","M","R","E","$","T","R","E","R","?","?","R","BOSS","M","?","?","$","?","R","E","R","T","E","M","M","?","M","R","BOSS"],"build_version":"2019-01-23","purchased_purges":1,"victory":false,"max_hp_per_floor":[75,75,75,75,75,75,75,75,75,75,75,75,75,75,75,75,75,75,75,75,75,75,75,75,75,75,75,75,75,75,75,75,75],"card_choices":[{"not_picked":["Redo","Reinforced Body"],"picked":"Ball Lightning","floor":1},{"not_picked":["Compile Driver","Rebound"],"picked":"Cold Snap","floor":5},{"not_picked":["Doom and Gloom","Thunder Strike"],"picked":"All For One","floor":7},{"not_picked":["Barrage","Beam Cell"],"picked":"Ball Lightning","floor":11},{"not_picked":["Rebound","Beam Cell"],"picked":"Conserve Battery","floor":13},{"not_picked":["Electrodynamics","Creative AI"],"picked":"Echo Form","floor":16},{"not_picked":["Recycle+1","Heatsinks"],"picked":"Fusion+1","floor":18},{"not_picked":["Compile Driver+1","Skim"],"picked":"Gash","floor":20},{"not_picked":["Compile Driver","Go for the Eyes"],"picked":"Cold Snap","floor":22},{"not_picked":["Conserve Battery","Barrage+1"],"picked":"Cold Snap","floor":24},{"not_picked":["Streamline","Sweeping Beam"],"picked":"Hologram","floor":27},{"not_picked":["Streamline+1","Compile Driver"],"picked":"Hologram","floor":28},{"not_picked":["Beam Cell","Steam"],"picked":"Rebound","floor":29}],"player_experience":208767,"relics_obtained":[{"floor":7,"key":"Bag of Marbles"},{"floor":11,"key":"Bottled Lightning"},{"floor":24,"key":"Juzu Bracelet"},{"floor":26,"key":"Frozen Egg 2"},{"floor":27,"key":"War Paint"}],"event_choices":[{"damage_healed":0,"gold_gain":0,"player_choice":"Leave","damage_taken":0,"max_hp_gain":0,"max_hp_loss":0,"event_name":"The Cleric","floor":2,"gold_loss":0},{"damage_healed":0,"gold_gain":75,"player_choice":"Gather Gold","damage_taken":11,"max_hp_gain":0,"max_hp_loss":0,"event_name":"World of Goop","floor":3,"gold_loss":0},{"damage_healed":0,"gold_gain":0,"player_choice":"Take Damage","damage_taken":18,"relics_obtained":["Golden Idol"],"max_hp_gain":0,"max_hp_loss":0,"event_name":"Golden Idol","floor":4,"gold_loss":0},{"damage_healed":0,"gold_gain":72,"player_choice":"Gained Gold","damage_taken":0,"max_hp_gain":0,"max_hp_loss":0,"event_name":"Golden Wing","floor":14,"gold_loss":0},{"damage_healed":0,"gold_gain":0,"player_choice":"Rummage","damage_taken":0,"relics_obtained":["WarpedTongs"],"max_hp_gain":0,"max_hp_loss":0,"event_name":"Accursed Blacksmith","floor":19,"gold_loss":0,"cards_obtained":["Pain"]},{"damage_healed":0,"gold_gain":0,"cards_transformed":["Strike_B","Strike_B"],"player_choice":"Became Test Subject","damage_taken":0,"max_hp_gain":0,"max_hp_loss":0,"event_name":"Drug Dealer","floor":30,"gold_loss":0,"cards_obtained":["Cold Snap","Hyperbeam"]}],"is_beta":false,"boss_relics":[{"not_picked":["Lizard Tail","Snecko Eye"],"picked":"White Beast Statue"}],"items_purged_floors":[21],"is_endless":false,"potions_floor_spawned":[5,7,13,16,18,20,22,24,27,28,29,31],"killed_by":"Collector","ascension_level":0}