{"gold_per_floor":[17,17,31,41,53,53,69,69,96,96,15,50,67,67,67,170,170,187,202,202,127,140,165,183,183,261,277,294,294,311,346,346,450,450,465,25,25,37,259,290,9,9,83,83,83,93,93,106,106,106],"floor_reached":51,"playtime":2176,"items_purged":["Strike_R","Strike_R","Strike_R"],"score":1111,"play_id":"8e8865e8-118a-4079-888a-736d67a251c9","local_time":"20190428101639","is_ascension_mode":true,"campfire_choices":[{"data":"Sword Boomerang","floor":6.0,"key":"SMITH"},{"data":"Uppercut","floor":8.0,"key":"SMITH"},{"data":"Disarm","floor":15.0,"key":"SMITH"},{"floor":25.0,"key":"REST"},{"floor":32.0,"key":"REST"},{"floor":42.0,"key":"REST"},{"floor":49.0,"key":"REST"}],"neow_cost":"NO_GOLD","seed_source_timestamp":388584779403700,"circlet_count":0,"master_deck":["AscendersBane","Strike_R","Defend_R","Defend_R","Defend_R","Defend_R","Bash","Demon Form+1","Power Through","Warcry","Disarm+1","Sword Boomerang+1","Uppercut+1","Metallicize","Reaper","Flex","Warcry","True Grit+1","True Grit+1","Metallicize+1","Iron Wave+1","Flame Barrier+1","Inflame+1","Exhume","Impervious","Shrug It Off","Sword Boomerang","Iron Wave","Heavy Blade","Battle Trance+1","Demon Form+1"],"special_seed":0,"relics":["Burning Blood","Red Skull","Art of War","Regal Pillow","Fusion Hammer","Lantern","Ornamental Fan","Dodecahedron","Red Mask","Orrery","Oddly Smooth Stone","Happy Flower","Centennial Puzzle","PreservedInsect","The Courier"],"potions_floor_usage":[50,50],"damage_taken":[{"damage":4.0,"enemies":"Small Slimes","floor":1.0,"turns":4.0},{"damage":10.0,"enemies":"2 Louse","floor":3.0,"turns":4.0},{"damage":14.0,"enemies":"Jaw Worm","floor":4.0,"turns":4.0},{"damage":9.0,"enemies":"2 Fungi Beasts","floor":5.0,"turns":5.0},{"damage":17.0,"enemies":"Looter","floor":7.0,"turns":4.0},{"damage":18.0,"enemies":"Gremlin Nob","floor":12.0,"turns":4.0},{"damage":25.0,"enemies":"Lots of Slimes","floor":13.0,"turns":5.0},{"damage":9.0,"enemies":"Hexaghost","floor":16.0,"turns":7.0},{"damage":42.0,"enemies":"Spheric Guardian","floor":18.0,"turns":6.0},{"damage":10.0,"enemies":"Shell Parasite","floor":19.0,"turns":5.0},{"damage":17.0,"enemies":"Centurion and Healer","floor":22.0,"turns":6.0},{"damage":26.0,"enemies":"Book of Stabbing","floor":23.0,"turns":6.0},{"damage":41.0,"enemies":"Sentry and Sphere","floor":24.0,"turns":6.0},{"damage":11.0,"enemies":"Snecko","floor":27.0,"turns":8.0},{"damage":29.0,"enemies":"3 Cultists","floor":28.0,"turns":5.0},{"damage":16.0,"enemies":"Cultist and Chosen","floor":30.0,"turns":7.0},{"damage":36.0,"enemies":"Masked Bandits","floor":31.0,"turns":4.0},{"damage":75.0,"enemies":"Automaton","floor":33.0,"turns":11.0},{"damage":38.0,"enemies":"3 Shapes","floor":35.0,"turns":6.0},{"damage":9.0,"enemies":"3 Darklings","floor":38.0,"turns":7.0},{"damage":0.0,"enemies":"Nemesis","floor":40.0,"turns":9.0},{"damage":26.0,"enemies":"Transient","floor":46.0,"turns":5.0},{"damage":15.0,"enemies":"Maw","floor":48.0,"turns":7.0},{"damage":87,"enemies":"Donu and Deca","floor":50,"turns":11}],"seed_played":"-477760176978559698","potions_obtained":[{"floor":3.0,"key":"Energy Potion"},{"floor":4.0,"key":"Dexterity Potion"},{"floor":12.0,"key":"Fruit Juice"},{"floor":13.0,"key":"Ancient Potion"},{"floor":19.0,"key":"SteroidPotion"},{"floor":22.0,"key":"Strength Potion"},{"floor":23.0,"key":"Dexterity Potion"},{"floor":28.0,"key":"FearPotion"},{"floor":30.0,"key":"Explosive Potion"},{"floor":33.0,"key":"Weak Potion"},{"floor":46.0,"key":"Energy Potion"},{"floor":48.0,"key":"BloodPotion"}],"is_trial":false,"path_per_floor":["M","?","M","M","M","R","M","R","T","?","$","E","M","?","R","B",null,"M","M","?","$","M","E","M","R","T","M","M","?","M","?","R","B",null,"M","$","?","M","?","E","$","R","T","?","?","M","?","M","R","B",null],"character_chosen":"IRONCLAD","items_purchased":["Metallicize","Oddly Smooth Stone","Happy Flower","PowerPotion","PreservedInsect"],"campfire_rested":4,"item_purchase_floors":[11,36,36,36,41],"current_hp_per_floor":[74,74,70,62,59,59,48,48,48,53,53,41,40,40,40,56,82,46,42,42,42,56,54,19,61,61,65,68,68,72,42,84,19,72,43,43,34,55,55,61,61,90,90,90,90,70,70,68,90,62],"gold":106,"neow_bonus":"THREE_RARE_CARDS","is_prod":false,"is_daily":false,"chose_seed":false,"campfire_upgraded":3,"win_rate":0,"timestamp":1556417799,"path_taken":["M","?","M","M","M","R","M","R","T","?","?","E","M","?","R","BOSS","M","M","?","$","M","E","M","R","T","M","M","?","?","?","R","BOSS","M","$","?","?","?","E","$","R","T","?","?","?","?","M","R","BOSS"],"build_version":"2019-01-23","purchased_purges":3,"victory":true,"max_hp_per_floor":[80,80,80,80,80,80,80,80,80,85,85,85,90,90,90,90,90,90,90,90,90,90,90,90,90,90,90,90,90,90,90,90,90,90,90,90,90,90,90,90,90,90,90,90,90,90,90,90,90,90],"card_choices":[{"not_picked":["Barricade","Offering"],"picked":"Demon Form","floor":0.0},{"not_picked":["Wild Strike","Body Slam"],"picked":"Power Through","floor":1.0},{"not_picked":["Iron Wave","Searing Blow"],"picked":"Warcry","floor":3.0},{"not_picked":["Rupture","Evolve"],"picked":"Disarm","floor":4.0},{"not_picked":["Anger","Carnage"],"picked":"Sword Boomerang","floor":5.0},{"not_picked":["Sword Boomerang","Exhume"],"picked":"Uppercut","floor":7.0},{"not_picked":["Clash","Perfected Strike"],"picked":"Reaper","floor":12.0},{"not_picked":["Burning Pact","Fire Breathing"],"picked":"Flex","floor":13.0},{"not_picked":["Twin Strike","Wild Strike+1"],"picked":"Warcry","floor":18.0},{"not_picked":["Armaments","Dropkick+1"],"picked":"True Grit+1","floor":19.0},{"not_picked":["Headbutt","Clash"],"picked":"True Grit+1","floor":22.0},{"not_picked":["Heavy Blade","Iron Wave+1"],"picked":"Metallicize","floor":23.0},{"not_picked":["Havoc","Clothesline+1"],"picked":"Iron Wave+1","floor":24.0},{"not_picked":["Headbutt","Intimidate+1"],"picked":"Flame Barrier+1","floor":27.0},{"not_picked":["Reckless Charge","Power Through"],"picked":"Inflame+1","floor":28.0},{"not_picked":["Cleave","Clash"],"picked":"Exhume","floor":30.0},{"not_picked":["Immolate","Exhume"],"picked":"Impervious","floor":33.0},{"not_picked":["Anger","Clothesline"],"picked":"Shrug It Off","floor":34.0},{"not_picked":["Warcry","Clash"],"picked":"Sword Boomerang","floor":34.0},{"not_picked":["Corruption","Cleave"],"picked":"Iron Wave","floor":34.0},{"not_picked":["Dark Embrace","Body Slam+1"],"picked":"Heavy Blade","floor":35.0},{"not_picked":["Havoc","Sword Boomerang+1"],"picked":"Battle Trance+1","floor":38.0},{"not_picked":["Body Slam","Sword Boomerang","Thunderclap+1"],"picked":"SKIP","floor":40.0},{"not_picked":["Rage","Corruption","True Grit+1"],"picked":"SKIP","floor":46.0},{"not_picked":["Rupture","Rampage+1","Fire Breathing+1"],"picked":"SKIP","floor":48.0}],"player_experience":544838,"relics_obtained":[{"floor":9.0,"key":"Red Skull"},{"floor":12.0,"key":"Art of War"},{"floor":23.0,"key":"Ornamental Fan"},{"floor":26.0,"key":"Dodecahedron"},{"floor":31.0,"key":"Red Mask"},{"floor":40.0,"key":"Centennial Puzzle"},{"floor":43.0,"key":"The Courier"}],"event_choices":[{"damage_healed":0.0,"max_hp_gain":0.0,"max_hp_loss":0.0,"gold_gain":0.0,"event_name":"Living Wall","player_choice":"Grow","floor":2.0,"gold_loss":0.0,"damage_taken":0.0,"cards_upgraded":["Demon Form"]},{"damage_healed":0.0,"max_hp_gain":5.0,"max_hp_loss":0.0,"gold_gain":0.0,"event_name":"Big Fish","player_choice":"Donut","floor":10.0,"gold_loss":0.0,"damage_taken":0.0},{"damage_healed":0.0,"max_hp_gain":0.0,"max_hp_loss":0.0,"gold_gain":0.0,"event_name":"Dead Adventurer","player_choice":"Searched \u00271\u0027 times","floor":14.0,"gold_loss":0.0,"damage_taken":0.0,"relics_obtained":["Regal Pillow"]},{"damage_healed":0.0,"max_hp_gain":0.0,"max_hp_loss":0.0,"gold_gain":0.0,"event_name":"The Mausoleum","player_choice":"Opened","floor":20.0,"gold_loss":0.0,"damage_taken":0.0,"relics_obtained":["Lantern"]},{"damage_healed":0.0,"max_hp_gain":0.0,"max_hp_loss":0.0,"gold_gain":0.0,"event_name":"Upgrade Shrine","player_choice":"Upgraded","floor":29.0,"gold_loss":0.0,"damage_taken":0.0,"cards_upgraded":["Metallicize"]},{"damage_healed":0.0,"max_hp_gain":0.0,"max_hp_loss":0.0,"gold_gain":0.0,"event_name":"Masked Bandits","player_choice":"Fought Bandits","floor":31.0,"gold_loss":0.0,"damage_taken":0.0},{"damage_healed":0.0,"max_hp_gain":0.0,"max_hp_loss":0.0,"gold_gain":0.0,"event_name":"Wheel of Change","player_choice":"Damaged","floor":37.0,"gold_loss":0.0,"damage_taken":9.0},{"damage_healed":0.0,"max_hp_gain":0.0,"max_hp_loss":0.0,"gold_gain":222.0,"event_name":"Tomb of Lord Red Mask","player_choice":"Wore Mask","floor":39.0,"gold_loss":0.0,"damage_taken":0.0},{"cards_removed":["Strike_R"],"damage_healed":0.0,"max_hp_gain":0.0,"max_hp_loss":0.0,"gold_gain":0.0,"event_name":"Falling","player_choice":"Removed Attack","floor":44.0,"gold_loss":0.0,"damage_taken":0.0},{"damage_healed":0.0,"max_hp_gain":0.0,"max_hp_loss":0.0,"gold_gain":0.0,"event_name":"Duplicator","player_choice":"Copied","floor":45.0,"gold_loss":0.0,"damage_taken":0.0,"cards_obtained":["Demon Form"]},{"damage_healed":0.0,"max_hp_gain":0.0,"max_hp_loss":0.0,"gold_gain":0.0,"event_name":"Mysterious Sphere","player_choice":"Ignored","floor":47.0,"gold_loss":0.0,"damage_taken":0.0}],"is_beta":false,"boss_relics":[{"not_picked":["Runic Dome","Mark of Pain"],"picked":"Fusion Hammer"},{"not_picked":["White Beast Statue","Runic Cube"],"picked":"Orrery"}],"items_purged_floors":[21,36,41],"is_endless":false,"potions_floor_spawned":[3,4,12,13,19,22,23,28,30,33,46,48],"ascension_level":10}