{"gold_per_floor":[119,33,33,45,45,45,75,75,102,118,118,145,164,195,195,272,272,282,282,297,297,297,329,329,309,309,101,113,138,138,157,157,234,234,244,254,254,27,46,74,74,92,92,92,92,118,128,155,155,155,155,155,155,58,89,89],"floor_reached":57,"playtime":2959,"items_purged":["Decay","Decay"],"score":3292,"play_id":"3f73f7ea-9ae9-41ca-8c52-e8c4c09fc2a3","local_time":"20190318012723","is_ascension_mode":true,"campfire_choices":[{"data":"Zap","floor":6.0,"key":"SMITH"},{"data":"Defragment","floor":8.0,"key":"SMITH"},{"data":"Coolheaded","floor":11.0,"key":"SMITH"},{"data":"Dualcast","floor":15.0,"key":"SMITH"},{"data":"Loop","floor":24.0,"key":"SMITH"},{"floor":32.0,"key":"REST"},{"data":"Heatsinks","floor":41.0,"key":"SMITH"},{"data":"Defragment","floor":45.0,"key":"SMITH"},{"floor":49.0,"key":"RECALL"},{"data":"Turbo","floor":53.0,"key":"SMITH"}],"neow_cost":"NONE","seed_source_timestamp":1316200065263781,"circlet_count":0,"master_deck":["AscendersBane","Defend_B","Defend_B","Zap+1","Dualcast+1","All For One+1","Darkness+1","Steam+1","Coolheaded+1","Glacier","Go for the Eyes","Recycle","Defragment+1","Heatsinks+1","Turbo+1","Ball Lightning","Loop+1","Fission","Capacitor","Hologram","Ghostly","Ghostly","Ghostly","Coolheaded","Defragment+1","Hologram","Electrodynamics","Undo","Seek","Coolheaded+1","Conserve Battery+1","Defragment+1","Capacitor","Undo","Blizzard+1","Stack","White Noise","Discovery","Creative AI"],"special_seed":0,"relics":["Astrolabe","Regal Pillow","Turnip","Bottled Tornado","Cursed Key","Happy Flower","DataDisk","Cables","Nuclear Battery","Molten Egg 2","Art of War","Lantern","Bag of Marbles"],"potions_floor_usage":[56],"damage_taken":[{"damage":0.0,"enemies":"2 Louse","floor":1.0,"turns":3.0},{"damage":0.0,"enemies":"Small Slimes","floor":4.0,"turns":5.0},{"damage":13.0,"enemies":"Gremlin Nob","floor":7.0,"turns":4.0},{"damage":0.0,"enemies":"Jaw Worm","floor":10.0,"turns":4.0},{"damage":0.0,"enemies":"Lagavulin","floor":12.0,"turns":7.0},{"damage":0.0,"enemies":"3 Louse","floor":13.0,"turns":6.0},{"damage":17.0,"enemies":"Gremlin Nob","floor":14.0,"turns":4.0},{"damage":4.0,"enemies":"The Guardian","floor":16.0,"turns":8.0},{"damage":14.0,"enemies":"3 Byrds","floor":18.0,"turns":4.0},{"damage":27.0,"enemies":"2 Thieves","floor":20.0,"turns":3.0},{"damage":0.0,"enemies":"Gremlin Leader","floor":23.0,"turns":8.0},{"damage":4.0,"enemies":"Cultist and Chosen","floor":28.0,"turns":7.0},{"damage":16.0,"enemies":"Slavers","floor":29.0,"turns":5.0},{"damage":0.0,"enemies":"Centurion and Healer","floor":31.0,"turns":7.0},{"damage":1.0,"enemies":"Automaton","floor":33.0,"turns":11.0},{"damage":12.0,"enemies":"3 Shapes","floor":35.0,"turns":4.0},{"damage":0.0,"enemies":"Orb Walker","floor":36.0,"turns":4.0},{"damage":0.0,"enemies":"Transient","floor":39.0,"turns":6.0},{"damage":8.0,"enemies":"Giant Head","floor":40.0,"turns":9.0},{"damage":0.0,"enemies":"Maw","floor":42.0,"turns":6.0},{"damage":0.0,"enemies":"Nemesis","floor":46.0,"turns":3.0},{"damage":0.0,"enemies":"Jaw Worm Horde","floor":47.0,"turns":2.0},{"damage":0.0,"enemies":"Reptomancer","floor":48.0,"turns":5.0},{"damage":0.0,"enemies":"Donu and Deca","floor":50.0,"turns":6.0},{"damage":0.0,"enemies":"Awakened One","floor":51.0,"turns":12.0},{"damage":0.0,"enemies":"Shield and Spear","floor":55.0,"turns":5.0},{"damage":27,"enemies":"The Heart","floor":56,"turns":13}],"seed_played":"7870107147058607807","potions_obtained":[{"floor":10.0,"key":"FearPotion"},{"floor":13.0,"key":"Energy Potion"},{"floor":14.0,"key":"Regen Potion"},{"floor":20.0,"key":"FocusPotion"},{"floor":23.0,"key":"Dexterity Potion"},{"floor":25.0,"key":"Strength Potion"},{"floor":33.0,"key":"Strength Potion"},{"floor":39.0,"key":"AttackPotion"},{"floor":47.0,"key":"PowerPotion"}],"is_trial":false,"path_per_floor":["M","$","?","M","?","R","E","R","T","M","R","E","M","E","R","B",null,"M","?","M","?","?","E","R","?","T","$","M","E","?","M","R","B",null,"M","M","?","$","M","E","R","M","T","?","R","E","M","E","R","B","B",null,"R","$","E","B",null],"character_chosen":"DEFECT","items_purchased":["Glacier","Defragment","Hologram","Capacitor","Undo","Discovery"],"campfire_rested":1,"item_purchase_floors":[2,27,27,38,38,54],"current_hp_per_floor":[64,64,64,64,57,57,44,44,44,44,44,44,44,27,27,38,63,49,49,22,22,22,22,22,22,22,22,18,2,2,2,27,26,33,21,21,21,21,21,13,13,13,13,13,13,13,13,13,13,13,13,30,30,30,30,3],"gold":89,"neow_bonus":"BOSS_RELIC","is_prod":false,"is_daily":false,"chose_seed":false,"campfire_upgraded":8,"win_rate":0,"timestamp":1552843643,"path_taken":["M","$","?","M","?","R","E","R","T","M","R","E","M","E","R","BOSS","M","?","M","?","?","E","R","?","T","$","?","E","?","M","R","BOSS","M","M","?","$","M","E","R","?","T","?","R","E","?","E","R","BOSS","BOSS","R","$","E","BOSS"],"build_version":"2019-01-23","purchased_purges":2,"victory":true,"max_hp_per_floor":[71,71,71,71,71,71,71,71,71,71,71,71,71,71,71,71,71,71,71,71,71,35,35,35,35,35,35,35,35,35,35,35,35,35,35,35,35,35,35,35,35,35,35,35,35,35,35,35,35,35,35,35,35,35,35,35],"card_choices":[{"not_picked":["Barrage","FTL"],"picked":"Coolheaded","floor":1.0},{"not_picked":["Genetic Algorithm","Conserve Battery"],"picked":"Recycle","floor":4.0},{"not_picked":["Creative AI","Streamline"],"picked":"Defragment","floor":7.0},{"not_picked":["Streamline","Fusion"],"picked":"Heatsinks","floor":10.0},{"not_picked":["Hologram","Streamline"],"picked":"Turbo","floor":12.0},{"not_picked":["Go for the Eyes","Scrape"],"picked":"Ball Lightning","floor":13.0},{"not_picked":["Coolheaded","Doom and Gloom"],"picked":"Loop","floor":14.0},{"not_picked":["Amplify","Hyperbeam"],"picked":"Fission","floor":16.0},{"not_picked":["Streamline","Leap","Sweeping Beam"],"picked":"SKIP","floor":18.0},{"not_picked":["Cold Snap","Conserve Battery+1"],"picked":"Capacitor","floor":20.0},{"not_picked":["Leap","Static Discharge"],"picked":"Coolheaded","floor":23.0},{"not_picked":["Compile Driver","Redo"],"picked":"Electrodynamics","floor":28.0},{"not_picked":["Sunder","Recycle"],"picked":"Undo","floor":29.0},{"not_picked":["Darkness","Force Field","Barrage"],"picked":"SKIP","floor":31.0},{"not_picked":["Biased Cognition","Machine Learning"],"picked":"Seek","floor":33.0},{"not_picked":["Cold Snap","Steam"],"picked":"Coolheaded+1","floor":35.0},{"not_picked":["Auto Shields","Turbo"],"picked":"Conserve Battery+1","floor":36.0},{"not_picked":["Seek","Conserve Battery+1"],"picked":"Blizzard+1","floor":39.0},{"not_picked":["Barrage+1","Ball Lightning","Blizzard"],"picked":"SKIP","floor":40.0},{"not_picked":["Steam","Beam Cell+1","Ball Lightning+1"],"picked":"SKIP","floor":42.0},{"not_picked":["Static Discharge","Streamline+1"],"picked":"Stack","floor":46.0},{"not_picked":["Gash+1","Sweeping Beam+1","Stack"],"picked":"SKIP","floor":47.0},{"not_picked":["Cold Snap+1","Force Field"],"picked":"White Noise","floor":48.0},{"not_picked":["Barrage+1","Beam Cell+1"],"picked":"Creative AI","floor":55.0}],"player_experience":1213136,"relics_obtained":[{"floor":7.0,"key":"Regal Pillow"},{"floor":12.0,"key":"Turnip"},{"floor":14.0,"key":"Bottled Tornado"},{"floor":23.0,"key":"Happy Flower"},{"floor":26.0,"key":"DataDisk"},{"floor":29.0,"key":"Cables"},{"floor":40.0,"key":"Molten Egg 2"},{"floor":46.0,"key":"Art of War"},{"floor":48.0,"key":"Lantern"},{"floor":55.0,"key":"Bag of Marbles"}],"event_choices":[{"damage_healed":0.0,"max_hp_gain":0.0,"max_hp_loss":0.0,"gold_gain":0.0,"cards_transformed":["Defend_B"],"event_name":"Living Wall","player_choice":"Change","floor":3.0,"gold_loss":0.0,"damage_taken":0.0,"cards_obtained":["Go for the Eyes"]},{"cards_removed":["Strike_B"],"damage_healed":0.0,"max_hp_gain":0.0,"max_hp_loss":0.0,"gold_gain":0.0,"event_name":"Golden Wing","player_choice":"Card Removal","floor":5.0,"gold_loss":0.0,"damage_taken":7.0},{"damage_healed":0.0,"max_hp_gain":0.0,"max_hp_loss":0.0,"gold_gain":0.0,"event_name":"Cursed Tome","player_choice":"Ignored","floor":19.0,"gold_loss":0.0,"damage_taken":0.0},{"damage_healed":0.0,"max_hp_gain":0.0,"max_hp_loss":0.0,"gold_gain":0.0,"event_name":"The Library","player_choice":"Read","floor":21.0,"gold_loss":0.0,"damage_taken":0.0,"cards_obtained":["Hologram"]},{"damage_healed":0.0,"max_hp_gain":0.0,"max_hp_loss":36.0,"gold_gain":0.0,"event_name":"Ghosts","player_choice":"Became a Ghost","floor":22.0,"gold_loss":0.0,"damage_taken":0.0,"cards_obtained":["Ghostly","Ghostly","Ghostly"]},{"damage_healed":0.0,"max_hp_gain":0.0,"max_hp_loss":0.0,"gold_gain":0.0,"event_name":"The Woman in Blue","player_choice":"Bought 1 Potion","floor":25.0,"gold_loss":0.0,"damage_taken":0.0},{"damage_healed":0.0,"max_hp_gain":0.0,"max_hp_loss":0.0,"gold_gain":0.0,"event_name":"Forgotten Altar","player_choice":"Smashed Altar","floor":30.0,"gold_loss":0.0,"damage_taken":0.0,"cards_obtained":["Decay"]},{"damage_healed":0.0,"max_hp_gain":0.0,"max_hp_loss":0.0,"gold_gain":0.0,"event_name":"Duplicator","player_choice":"Copied","floor":37.0,"gold_loss":0.0,"damage_taken":0.0,"cards_obtained":["Defragment"]},{"cards_removed":["Defend_B"],"damage_healed":0.0,"max_hp_gain":0.0,"max_hp_loss":0.0,"gold_gain":0.0,"event_name":"Purifier","player_choice":"Purged","floor":44.0,"gold_loss":0.0,"damage_taken":0.0}],"is_beta":false,"boss_relics":[{"not_picked":["Snecko Eye","Velvet Choker"],"picked":"Cursed Key"},{"not_picked":["Philosopher\u0027s Stone","Sozu"],"picked":"Nuclear Battery"}],"items_purged_floors":[27,38],"is_endless":false,"potions_floor_spawned":[10,13,14,20,23,33,39,42,47],"ascension_level":20}