{"gold_per_floor":[114,114,114,129,129,129,144,40,65,80,80,80,118,137,137,262,262,281,300,225,30,49,49,68,68,93,93,93,161,161,62,62,187,187,206,206,206,225,244,244,263,263,338,338,338,338,357,357,357,357],"floor_reached":51,"playtime":2073,"items_purged":[],"score":665,"play_id":"d37d193d-bffc-418c-8586-5aa125e6a47e","local_time":"20180802135135","daily_mods":["Brewmaster","Binary","Terminal"],"is_ascension_mode":false,"campfire_choices":[{"data":"Hologram","floor":11,"key":"SMITH"},{"data":"Zap","floor":15,"key":"SMITH"},{"data":"Rainbow","floor":23,"key":"SMITH"},{"data":"Turbo","floor":27,"key":"SMITH"},{"data":"Barrage","floor":32,"key":"SMITH"},{"data":"Secret Weapon","floor":40,"key":"SMITH"},{"floor":46,"key":"REST"},{"floor":49,"key":"REST"}],"neow_cost":"","seed_source_timestamp":0,"circlet_count":0,"master_deck":["Strike_B+1","Strike_B+1","Strike_B+1","Strike_B+1","Defend_B+1","Defend_B+1","Defend_B+1","Defend_B+1","Zap+1","Dualcast","Venomology","Venomology","Self Repair","Double Energy","Dark Shackles","Hologram+1","Genetic Algorithm","Rainbow+1","Static Discharge+1","Glacier","Mayhem+1","Turbo+1","Biased Cognition+1","White Noise","Barrage+1","Conserve Battery","Core Surge","Secret Weapon+1","Mind Blast","Secret Technique","Turbo","Capacitor+1","Barrage+1"],"special_seed":17745,"relics":["Cracked Core","White Beast Statue","Frozen Egg 2","Turnip","Potion Belt","Golden Idol","DataDisk","Nuclear Battery","Pen Nib","Symbiotic Virus","Tiny Chest","Inserter","Dodecahedron","Pantograph"],"potions_floor_usage":[4,4,7,10,13,13,13,13,13,14,14,16,16,16,16,16,16,16,18,18,18,19,19,22,24,29,29,29,33,33,33,35,35,38,39,39,39,41,47,48,50,50,50,50],"damage_taken":[{"damage":0,"enemies":"Jaw Worm","floor":1,"turns":6},{"damage":0,"enemies":"Small Slimes","floor":4,"turns":2},{"damage":0,"enemies":"Cultist","floor":7,"turns":3},{"damage":3,"enemies":"Blue Slaver","floor":10,"turns":3},{"damage":7,"enemies":"3 Sentries","floor":13,"turns":4},{"damage":6,"enemies":"Exordium Wildlife","floor":14,"turns":6},{"damage":24,"enemies":"Hexaghost","floor":16,"turns":9},{"damage":0,"enemies":"Chosen","floor":18,"turns":4},{"damage":12,"enemies":"3 Byrds","floor":19,"turns":3},{"damage":4,"enemies":"3 Cultists","floor":22,"turns":3},{"damage":0,"enemies":"Snecko","floor":24,"turns":6},{"damage":2,"enemies":"Book of Stabbing","floor":29,"turns":5},{"damage":20,"enemies":"Collector","floor":33,"turns":8},{"damage":0,"enemies":"Orb Walker","floor":35,"turns":5},{"damage":0,"enemies":"3 Darklings","floor":38,"turns":7},{"damage":3,"enemies":"Flame Bruiser 2 Orb","floor":39,"turns":5},{"damage":38,"enemies":"Sphere and 2 Shapes","floor":41,"turns":4},{"damage":0,"enemies":"3 Darklings","floor":47,"turns":4},{"damage":0,"enemies":"Flame Bruiser 2 Orb","floor":48,"turns":1},{"damage":44,"enemies":"Time Eater","floor":50,"turns":12}],"seed_played":"-7677364722762969759","potions_obtained":[{"floor":10,"key":"Weak Potion"},{"floor":13,"key":"FairyPotion"},{"floor":14,"key":"FocusPotion"},{"floor":16,"key":"FearPotion"},{"floor":18,"key":"FairyPotion"},{"floor":19,"key":"AttackPotion"},{"floor":33,"key":"EssenceOfSteel"},{"floor":35,"key":"PowerPotion"},{"floor":39,"key":"LiquidBronze"},{"floor":41,"key":"Fire Potion"},{"floor":47,"key":"GamblersBrew"}],"is_trial":false,"path_per_floor":["M","$","?","M","?","?","M","$","T","M","R","?","E","M","R","B",null,"M","M","?","$","M","R","M","?","T","R","T","E","?","$","R","B",null,"M","?","?","M","M","R","M","?","T","?","T","R","M","M","R","B"],"character_chosen":"DEFECT","items_purchased":["Dark Shackles","Mayhem+1","Barrage","Conserve Battery"],"campfire_rested":2,"item_purchase_floors":[8,21,31,31],"current_hp_per_floor":[73,72,69,70,56,56,56,56,56,60,60,45,45,46,46,44,57,56,51,51,51,52,51,50,49,48,47,46,45,44,43,42,29,40,39,29,29,36,33,33,10,10,10,10,10,18,18,18,25,9],"gold":357,"neow_bonus":"","is_prod":false,"is_daily":true,"chose_seed":false,"campfire_upgraded":6,"win_rate":0,"timestamp":1533232295,"path_taken":["M","$","?","M","?","?","?","$","T","M","R","?","E","M","R","BOSS","M","M","?","$","M","R","M","?","T","R","?","E","?","$","R","BOSS","M","?","?","M","M","R","M","?","T","?","?","R","M","M","R","BOSS"],"build_version":"2018-08-01","purchased_purges":0,"victory":true,"max_hp_per_floor":[73,72,71,70,69,68,67,66,65,64,63,62,61,60,59,58,57,56,55,54,53,52,51,50,49,48,47,46,45,44,43,42,41,40,39,38,37,36,35,34,33,32,31,30,29,28,27,26,25,24],"card_choices":[{"not_picked":["White Noise"],"picked":"Self Repair","floor":1},{"not_picked":["Self Repair+1"],"picked":"Double Energy","floor":4},{"not_picked":["Redo","Cold Snap"],"picked":"SKIP","floor":7},{"not_picked":["Scrape"],"picked":"Hologram","floor":10},{"not_picked":["Rebound"],"picked":"Genetic Algorithm","floor":13},{"not_picked":["Reprogram","Recycle"],"picked":"SKIP","floor":14},{"not_picked":["Meteor Strike"],"picked":"Rainbow","floor":16},{"not_picked":["Turbo"],"picked":"Static Discharge+1","floor":18},{"not_picked":["Tempest"],"picked":"Glacier","floor":19},{"not_picked":["Undo","Blizzard"],"picked":"SKIP","floor":22},{"not_picked":["Steam"],"picked":"Turbo","floor":24},{"not_picked":["Loop+1"],"picked":"Biased Cognition+1","floor":29},{"not_picked":["Amplify"],"picked":"Core Surge","floor":33},{"not_picked":["Rebound+1","Redo+1"],"picked":"SKIP","floor":35},{"not_picked":["The Bomb"],"picked":"Secret Weapon","floor":36},{"not_picked":["Impatience"],"picked":"Mind Blast","floor":36},{"not_picked":["Panacea"],"picked":"Secret Technique","floor":36},{"not_picked":["Gash+1","Coolheaded+1"],"picked":"SKIP","floor":38},{"not_picked":["Self Repair+1","Blizzard+1"],"picked":"SKIP","floor":39},{"not_picked":["Barrage"],"picked":"Capacitor+1","floor":41},{"not_picked":["Go for the Eyes","Cold Snap+1"],"picked":"SKIP","floor":47}],"player_experience":182044,"relics_obtained":[{"floor":9,"key":"Potion Belt"},{"floor":13,"key":"DataDisk"},{"floor":26,"key":"Pen Nib"},{"floor":28,"key":"Symbiotic Virus"},{"floor":29,"key":"Tiny Chest"},{"floor":43,"key":"Dodecahedron"},{"floor":45,"key":"Pantograph"}],"event_choices":[{"event_name":"Scrap Ooze","player_choice":"success","floor":3,"damage_taken":3},{"event_name":"Shining Light","player_choice":"Entered Light","floor":5,"damage_taken":0},{"event_name":"WeMeetAgain","player_choice":"Card","floor":6,"damage_taken":0},{"event_name":"Golden Idol","player_choice":"Take Damage","floor":12,"damage_taken":0},{"event_name":"Beggar","player_choice":"Gave Gold","floor":20,"damage_taken":0},{"event_name":"Back to Basics","player_choice":"Simplicity","floor":25,"damage_taken":0},{"event_name":"The Library","player_choice":"Read","floor":30,"damage_taken":0},{"event_name":"SensoryStone","player_choice":"Memory 3","floor":36,"damage_taken":0},{"event_name":"Transmorgrifier","player_choice":"Transform","floor":37,"damage_taken":0},{"event_name":"Mysterious Sphere","player_choice":"Ignore","floor":42,"damage_taken":0},{"event_name":"Duplicator","player_choice":"One dupe","floor":44,"damage_taken":0}],"is_beta":true,"boss_relics":[{"not_picked":["Philosopher\u0027s Stone","Empty Cage"],"picked":"Nuclear Battery"},{"not_picked":["Fusion Hammer","Runic Pyramid"],"picked":"Inserter"}],"items_purged_floors":[],"is_endless":false,"potions_floor_spawned":[1,4,7,10,13,14,16,18,19,22,24,29,33,35,38,39,41,47,48],"ascension_level":0}