{"gold_per_floor":[116,116,134,134,134,134,5,39,39,39,39],"floor_reached":11,"playtime":290,"items_purged":["Strike_R"],"score":100,"play_id":"f569cb74-2c6f-4f0b-8ccd-a880030a647c","local_time":"20190428085733","is_ascension_mode":true,"campfire_choices":[{"data":"Defend_R","floor":6,"key":"SMITH"},{"data":"Limit Break","floor":10,"key":"SMITH"}],"neow_cost":"TEN_PERCENT_HP_LOSS","seed_source_timestamp":385932611965000,"circlet_count":0,"master_deck":["Strike_R","Strike_R","Strike_R","Strike_R","Defend_R","Defend_R","Defend_R","Defend_R+1","Bash+1","Offering","Bloodletting","Flex","Limit Break+1"],"relics":["Burning Blood","Golden Idol","Singing Bowl","Gremlin Horn"],"potions_floor_usage":[8,8],"damage_taken":[{"damage":15,"enemies":"Jaw Worm","floor":1,"turns":3},{"damage":10,"enemies":"Small Slimes","floor":3,"turns":4},{"damage":28,"enemies":"Gremlin Nob","floor":8,"turns":4},{"damage":53,"enemies":"Lagavulin","floor":11,"turns":6}],"seed_played":"-4188614039551451744","potions_obtained":[{"floor":1,"key":"Poison Potion"},{"floor":3,"key":"Fruit Juice"}],"is_trial":false,"path_per_floor":["M","?","M","?","?","R","$","E","T","R","E"],"character_chosen":"IRONCLAD","items_purchased":["Flex"],"campfire_rested":0,"item_purchase_floors":[7],"current_hp_per_floor":[63,45,41,65,65,65,65,48,48,48,0],"gold":39,"neow_bonus":"THREE_RARE_CARDS","is_prod":false,"is_daily":false,"chose_seed":false,"campfire_upgraded":2,"win_rate":0,"timestamp":1556413053,"path_taken":["M","?","M","?","?","R","$","E","T","R","E"],"build_version":"2019-01-23","purchased_purges":1,"victory":false,"max_hp_per_floor":[72,72,72,72,72,72,72,77,77,77,77],"card_choices":[{"not_picked":["Reaper","Fiend Fire"],"picked":"Offering","floor":0},{"not_picked":["Feel No Pain","Headbutt"],"picked":"Bloodletting","floor":1},{"not_picked":["Thunderclap","Hemokinesis","Searing Blow"],"picked":"SKIP","floor":3},{"not_picked":["Pommel Strike","Wild Strike"],"picked":"Limit Break","floor":8}],"player_experience":542973,"relics_obtained":[{"floor":8,"key":"Singing Bowl"},{"floor":9,"key":"Gremlin Horn"}],"event_choices":[{"damage_healed":0,"gold_gain":0,"player_choice":"Take Damage","damage_taken":18,"relics_obtained":["Golden Idol"],"max_hp_gain":0,"max_hp_loss":0,"event_name":"Golden Idol","floor":2,"gold_loss":0},{"damage_healed":24,"gold_gain":0,"player_choice":"Banana","damage_taken":0,"max_hp_gain":0,"max_hp_loss":0,"event_name":"Big Fish","floor":4,"gold_loss":0},{"damage_healed":0,"gold_gain":0,"player_choice":"Upgraded","damage_taken":0,"max_hp_gain":0,"max_hp_loss":0,"event_name":"Upgrade Shrine","floor":5,"gold_loss":0,"cards_upgraded":["Bash"]}],"is_beta":false,"boss_relics":[],"items_purged_floors":[7],"is_endless":false,"potions_floor_spawned":[1,3],"killed_by":"Lagavulin","ascension_level":9}