{"gold_per_floor":[369,74,74,74,90,124,143,178,178,178],"floor_reached":10,"playtime":322,"items_purged":[],"score":87,"play_id":"565a06ec-79a4-4f84-9508-60e93b3aa555","local_time":"20180812224145","is_ascension_mode":true,"campfire_choices":[],"neow_cost":"PERCENT_DAMAGE","seed_source_timestamp":87747786599654,"circlet_count":0,"master_deck":["Strike_B","Strike_B","Strike_B","Strike_B","Defend_B","Defend_B","Defend_B","Defend_B","Zap","Dualcast","Leap","Go for the Eyes","Scrape","Defragment","Core Surge"],"relics":["Cracked Core","Nunchaku","Cables","Darkstone Periapt","Centennial Puzzle","Lantern","Kunai"],"potions_floor_usage":[6,8,10],"damage_taken":[{"damage":1,"enemies":"Cultist","floor":1,"turns":3},{"damage":0,"enemies":"2 Louse","floor":5,"turns":1},{"damage":27,"enemies":"Lagavulin","floor":6,"turns":6},{"damage":5,"enemies":"Jaw Worm","floor":7,"turns":3},{"damage":2,"enemies":"Gremlin Nob","floor":8,"turns":3},{"damage":24,"enemies":"3 Sentries","floor":10,"turns":4}],"seed_played":"-1382458918917716633","potions_obtained":[{"floor":1,"key":"Fire Potion"},{"floor":5,"key":"Ancient Potion"},{"floor":6,"key":"Dexterity Potion"}],"is_trial":false,"path_per_floor":["M","$","?","?","M","E","M","E","T"],"character_chosen":"DEFECT","items_purchased":["Nunchaku"],"campfire_rested":0,"item_purchase_floors":[2],"current_hp_per_floor":[53,53,53,50,50,23,18,16,16,0],"gold":178,"neow_bonus":"TWO_FIFTY_GOLD","is_prod":false,"is_daily":false,"chose_seed":false,"campfire_upgraded":0,"win_rate":0,"timestamp":1534106505,"path_taken":["M","$","?","?","M","E","M","E","T","E"],"build_version":"2018-08-08","purchased_purges":0,"victory":false,"max_hp_per_floor":[75,75,75,75,75,75,75,75,75,75],"card_choices":[{"not_picked":["Force Field","Rebound"],"picked":"Leap","floor":1},{"not_picked":["Cold Snap","Leap"],"picked":"Go for the Eyes","floor":5},{"not_picked":["Heatsinks","Fusion"],"picked":"Scrape","floor":6},{"not_picked":["Rip and Tear","Recycle"],"picked":"Defragment","floor":7},{"not_picked":["Barrage","Redo"],"picked":"Core Surge","floor":8}],"player_experience":60505,"relics_obtained":[{"floor":6,"key":"Centennial Puzzle"},{"floor":8,"key":"Lantern"},{"floor":9,"key":"Kunai"}],"event_choices":[{"event_name":"Accursed Blacksmith","player_choice":"Rummage","floor":3,"damage_taken":0},{"event_name":"Scrap Ooze","player_choice":"success","floor":4,"damage_taken":3}],"is_beta":true,"boss_relics":[],"items_purged_floors":[],"is_endless":false,"potions_floor_spawned":[1,5,6],"killed_by":"3 Sentries","ascension_level":3}