{"gold_per_floor":[118,97,97,118,131,131,169,134,134,134,152,187,187,21,21,115,178,196,214,31,31,31,31,74,74,98,98,98,98,141,161,161,251,251,275,296,320,341,3,3],"floor_reached":40,"playtime":2904,"items_purged":[],"score":960,"play_id":"aeb67909-ca22-41bb-8aff-c6a4b49cb731","local_time":"20190430185625","is_ascension_mode":true,"campfire_choices":[{"data":"Spot Weakness","floor":6.0,"key":"SMITH"},{"data":"Rampage","floor":10.0,"key":"SMITH"},{"data":"Armaments","floor":13.0,"key":"SMITH"},{"data":"Inflame","floor":15.0,"key":"SMITH"},{"floor":23.0,"key":"REST"},{"floor":25.0,"key":"REST"},{"floor":27.0,"key":"REST"},{"floor":32.0,"key":"REST"}],"neow_cost":"NONE","seed_source_timestamp":0,"circlet_count":0,"master_deck":["AscendersBane","Strike_R","Strike_R","Strike_R","Strike_R+1","Strike_R","Defend_R","Defend_R","Defend_R","Defend_R","Bash+1","Spot Weakness+1","Rampage+1","Inflame+1","Sword Boomerang","Armaments+1","Twin Strike","Double Tap","Anger+1","Uppercut","Immolate","Whirlwind","Shame","True Grit","Clothesline","Fiend Fire","Battle Trance","Iron Wave","Heavy Blade","Shrug It Off","Pummel"],"special_seed":0,"relics":["Black Blood","Juzu Bracelet","Golden Idol","Mercury Hourglass","Kunai","Blood Vial","Tiny Chest","Tiny House","Oddly Smooth Stone","MutagenicStrength","Singing Bowl","Ancient Tea Set","Lantern","Enchiridion","Whetstone","ClockworkSouvenir"],"potions_floor_usage":[38,38],"damage_taken":[{"damage":4.0,"enemies":"Jaw Worm","floor":1.0,"turns":4.0},{"damage":4.0,"enemies":"Small Slimes","floor":4.0,"turns":3.0},{"damage":2.0,"enemies":"2 Louse","floor":5.0,"turns":4.0},{"damage":33.0,"enemies":"Lagavulin","floor":7.0,"turns":7.0},{"damage":13.0,"enemies":"Blue Slaver","floor":11.0,"turns":3.0},{"damage":20.0,"enemies":"3 Sentries","floor":12.0,"turns":5.0},{"damage":10.0,"enemies":"The Guardian","floor":16.0,"turns":11.0},{"damage":39.0,"enemies":"2 Thieves","floor":18.0,"turns":5.0},{"damage":29.0,"enemies":"3 Byrds","floor":19.0,"turns":4.0},{"damage":45.0,"enemies":"Book of Stabbing","floor":24.0,"turns":4.0},{"damage":31.0,"enemies":"Gremlin Leader","floor":30.0,"turns":4.0},{"damage":18.0,"enemies":"Snake Plant","floor":31.0,"turns":3.0},{"damage":72.0,"enemies":"Collector","floor":33.0,"turns":8.0},{"damage":22.0,"enemies":"3 Darklings","floor":35.0,"turns":3.0},{"damage":18.0,"enemies":"Orb Walker","floor":36.0,"turns":3.0},{"damage":17.0,"enemies":"3 Darklings","floor":37.0,"turns":3.0},{"damage":21,"enemies":"Jaw Worm Horde","floor":38,"turns":3},{"damage":81,"enemies":"Nemesis","floor":40,"turns":5}],"seed_played":"6471179526789651526","potions_obtained":[{"floor":1.0,"key":"Block Potion"},{"floor":11.0,"key":"Strength Potion"},{"floor":12.0,"key":"Swift Potion"},{"floor":16.0,"key":"FearPotion"},{"floor":17.0,"key":"SteroidPotion"},{"floor":30.0,"key":"BloodPotion"},{"floor":31.0,"key":"FearPotion"},{"floor":33.0,"key":"FearPotion"},{"floor":35.0,"key":"Ancient Potion"},{"floor":37.0,"key":"EssenceOfSteel"}],"is_trial":false,"path_per_floor":["M","?","?","M","M","R","E","?","T","R","M","E","R","$","R","B",null,"M","M","$","?","?","R","E","R","T","R","?","?","E","M","R","B",null,"M","M","M","M","$","E"],"character_chosen":"IRONCLAD","items_purchased":["Tiny Chest","Twin Strike","Oddly Smooth Stone","Whirlwind","Shrug It Off","Pummel","ClockworkSouvenir"],"campfire_rested":4,"item_purchase_floors":[14,14,20,20,39,39,39],"current_hp_per_floor":[74,74,54,56,60,60,33,53,53,53,46,32,32,32,32,30,73,42,21,21,21,21,46,9,34,34,59,43,71,50,40,66,10,68,60,54,49,40,40,0],"gold":3,"neow_bonus":"RANDOM_COMMON_RELIC","is_prod":false,"is_daily":false,"chose_seed":false,"campfire_upgraded":4,"win_rate":0,"timestamp":1556643385,"path_taken":["M","?","?","M","M","R","E","?","T","R","M","E","R","$","R","BOSS","M","M","$","?","?","R","E","R","T","R","?","?","E","M","R","BOSS","M","M","M","M","$","E"],"build_version":"2019-01-23","purchased_purges":0,"victory":false,"max_hp_per_floor":[80,80,80,80,80,80,80,80,80,80,80,80,80,80,80,80,85,85,85,85,85,85,85,85,85,85,85,85,85,87,87,87,87,87,89,89,89,89,89,89],"card_choices":[{"not_picked":["True Grit","Intimidate"],"picked":"Spot Weakness","floor":1.0},{"not_picked":["Clash","Perfected Strike"],"picked":"Rampage","floor":4.0},{"not_picked":["Anger","Iron Wave"],"picked":"Inflame","floor":5.0},{"not_picked":["Spot Weakness","Wild Strike"],"picked":"Sword Boomerang","floor":7.0},{"not_picked":["True Grit","Rage"],"picked":"Armaments","floor":11.0},{"not_picked":["Fiend Fire","Sever Soul","Rage"],"picked":"SKIP","floor":12.0},{"not_picked":["Bludgeon","Juggernaut"],"picked":"Double Tap","floor":16.0},{"not_picked":["Clothesline","Havoc"],"picked":"Anger","floor":17.0},{"not_picked":["Anger","Cleave"],"picked":"Uppercut","floor":18.0},{"not_picked":["Wild Strike","Spot Weakness"],"picked":"Immolate","floor":19.0},{"not_picked":["Flex","Wild Strike"],"picked":"True Grit","floor":24.0},{"not_picked":["Rupture","Anger","Second Wind"],"picked":"Singing Bowl","floor":30.0},{"not_picked":["Evolve","Twin Strike"],"picked":"Clothesline","floor":31.0},{"not_picked":["Offering","Double Tap"],"picked":"Fiend Fire","floor":33.0},{"not_picked":["Rage","Perfected Strike","Headbutt"],"picked":"Singing Bowl","floor":35.0},{"not_picked":["Searing Blow+1","Warcry"],"picked":"Battle Trance","floor":36.0},{"not_picked":["Inflame+1","Wild Strike"],"picked":"Iron Wave","floor":37.0},{"not_picked":["Dropkick","True Grit"],"picked":"Heavy Blade","floor":38}],"player_experience":721888,"relics_obtained":[{"floor":7.0,"key":"Mercury Hourglass"},{"floor":9.0,"key":"Kunai"},{"floor":12.0,"key":"Blood Vial"},{"floor":24.0,"key":"Ancient Tea Set"},{"floor":26.0,"key":"Lantern"},{"floor":28.0,"key":"Enchiridion"},{"floor":30.0,"key":"Whetstone"}],"event_choices":[{"damage_healed":0.0,"max_hp_gain":0.0,"max_hp_loss":0.0,"gold_gain":0.0,"event_name":"World of Goop","player_choice":"Left Gold","floor":2.0,"gold_loss":21.0,"damage_taken":0.0},{"damage_healed":0.0,"max_hp_gain":0.0,"max_hp_loss":0.0,"gold_gain":0.0,"event_name":"Golden Idol","player_choice":"Take Damage","floor":3.0,"gold_loss":0.0,"damage_taken":20.0,"relics_obtained":["Golden Idol"]},{"damage_healed":20.0,"max_hp_gain":0.0,"max_hp_loss":0.0,"gold_gain":0.0,"event_name":"The Cleric","player_choice":"Healed","floor":8.0,"gold_loss":35.0,"damage_taken":0.0},{"damage_healed":0.0,"max_hp_gain":0.0,"max_hp_loss":0.0,"gold_gain":0.0,"event_name":"Drug Dealer","player_choice":"Inject Mutagens","floor":21.0,"gold_loss":0.0,"damage_taken":0.0,"relics_obtained":["MutagenicStrength"]},{"damage_healed":0.0,"max_hp_gain":0.0,"max_hp_loss":0.0,"gold_gain":0.0,"event_name":"Addict","player_choice":"Stole Relic","floor":22.0,"gold_loss":0.0,"damage_taken":0.0,"relics_obtained":["Singing Bowl"],"cards_obtained":["Shame"]},{"damage_healed":0.0,"max_hp_gain":0.0,"max_hp_loss":0.0,"gold_gain":0.0,"event_name":"Cursed Tome","player_choice":"Obtained Book","floor":28.0,"gold_loss":0.0,"damage_taken":16.0},{"damage_healed":28.0,"max_hp_gain":0.0,"max_hp_loss":0.0,"gold_gain":0.0,"event_name":"The Library","player_choice":"Heal","floor":29.0,"gold_loss":0.0,"damage_taken":0.0}],"is_beta":false,"boss_relics":[{"not_picked":["Pandora\u0027s Box","Fusion Hammer"],"picked":"Tiny House"},{"not_picked":["Coffee Dripper","White Beast Statue"],"picked":"Black Blood"}],"items_purged_floors":[],"is_endless":false,"potions_floor_spawned":[1,11,12,16,30,31,33,35,37],"killed_by":"Nemesis","ascension_level":13}