{"gold_per_floor":[113,131,131,145,165,165,197,209,258,258,258,278,278,278,278,373,373,386,401,326,326,344,379,379,395,395,412,412,439,439,458,458,557,557,572,130,230,245,245,275,275,293,293,313,0,28,28,57,57,57],"floor_reached":51,"playtime":4354,"items_purged":[],"score":1133,"play_id":"58bfd97e-f1e9-418b-87c6-e08782c6de64","local_time":"20190426214200","is_ascension_mode":true,"campfire_choices":[{"data":"Glacier","floor":6,"key":"SMITH"},{"floor":11,"key":"REST"},{"data":"Echo Form","floor":13,"key":"SMITH"},{"floor":15,"key":"REST"},{"data":"Hyperbeam","floor":24,"key":"SMITH"},{"data":"Conserve Battery","floor":30,"key":"SMITH"},{"data":"Conserve Battery","floor":32,"key":"SMITH"},{"floor":41,"key":"DIG"},{"floor":47,"key":"DIG"},{"floor":49,"key":"DIG"}],"neow_cost":"NONE","seed_source_timestamp":255159393130200,"circlet_count":0,"master_deck":["Strike_B+1","Strike_B+1","Strike_B+1","Defend_B+1","Defend_B+1","Defend_B+1","Defend_B+1","Zap","Dualcast","Glacier+1","FTL","Ball Lightning","Hologram","Storm","Conserve Battery+1","Echo Form+1","Ball Lightning","Hyperbeam+1","Leap","Ball Lightning","Conserve Battery+1","Force Field","Self Repair","Leap","Hello World+1","Glacier+1","All For One","Ball Lightning","Force Field+1"],"relics":["Cracked Core","Gambling Chip","Centennial Puzzle","Pen Nib","Snecko Eye","Shuriken","Pantograph","Juzu Bracelet","Busted Crown","DataDisk","Prayer Wheel","Pocketwatch","Shovel","FossilizedHelix","Darkstone Periapt","Red Mask","Regal Pillow","Dodecahedron","Lantern","Nunchaku"],"potions_floor_usage":[7,12,16,29,29,37,40,48,50,50],"damage_taken":[{"damage":7,"enemies":"Jaw Worm","floor":1,"turns":3},{"damage":7,"enemies":"Small Slimes","floor":2,"turns":3},{"damage":0,"enemies":"Cultist","floor":4,"turns":3},{"damage":11,"enemies":"Exordium Thugs","floor":5,"turns":5},{"damage":31,"enemies":"Gremlin Nob","floor":7,"turns":4},{"damage":0,"enemies":"2 Fungi Beasts","floor":8,"turns":3},{"damage":0,"enemies":"Looter","floor":12,"turns":3},{"damage":0,"enemies":"Slime Boss","floor":16,"turns":5},{"damage":0,"enemies":"Shell Parasite","floor":18,"turns":5},{"damage":0,"enemies":"3 Byrds","floor":19,"turns":3},{"damage":2,"enemies":"Cultist and Chosen","floor":22,"turns":5},{"damage":7,"enemies":"Book of Stabbing","floor":23,"turns":6},{"damage":0,"enemies":"Centurion and Healer","floor":25,"turns":5},{"damage":0,"enemies":"Snake Plant","floor":27,"turns":3},{"damage":8,"enemies":"Gremlin Leader","floor":29,"turns":8},{"damage":4,"enemies":"Sentry and Sphere","floor":31,"turns":6},{"damage":59,"enemies":"Automaton","floor":33,"turns":15},{"damage":0,"enemies":"3 Shapes","floor":35,"turns":3},{"damage":0,"enemies":"Mind Bloom Boss Battle","floor":37,"turns":4},{"damage":0,"enemies":"3 Darklings","floor":38,"turns":3},{"damage":0,"enemies":"Reptomancer","floor":40,"turns":7},{"damage":0,"enemies":"4 Shapes","floor":42,"turns":6},{"damage":0,"enemies":"Maw","floor":44,"turns":7},{"damage":0,"enemies":"Nemesis","floor":46,"turns":7},{"damage":0,"enemies":"Reptomancer","floor":48,"turns":6},{"damage":17,"enemies":"Donu and Deca","floor":50,"turns":10}],"seed_played":"877824395000226169","potions_obtained":[{"floor":2,"key":"PowerPotion"},{"floor":7,"key":"SmokeBomb"},{"floor":8,"key":"Block Potion"},{"floor":10,"key":"Fruit Juice"},{"floor":12,"key":"AttackPotion"},{"floor":23,"key":"AttackPotion"},{"floor":25,"key":"EssenceOfSteel"},{"floor":29,"key":"LiquidBronze"},{"floor":33,"key":"FearPotion"},{"floor":38,"key":"Ancient Potion"},{"floor":46,"key":"FocusPotion"}],"is_trial":false,"path_per_floor":["M","M","?","M","M","R","E","M","T","?","R","M","R","T","R","B",null,"M","M","?","?","M","E","R","M","T","M","?","E","R","M","R","B",null,"M","$","?","M","?","E","R","M","T","M","?","E","R","E","R","B",null],"character_chosen":"DEFECT","items_purchased":["DataDisk","Prayer Wheel"],"campfire_rested":2,"item_purchase_floors":[36,36],"current_hp_per_floor":[61,54,59,59,48,48,17,17,17,17,41,46,46,46,71,71,82,82,82,82,82,80,73,73,73,73,80,80,79,79,85,85,33,72,79,79,85,85,81,81,81,81,81,81,81,81,81,81,81,71],"gold":57,"neow_bonus":"THREE_CARDS","is_prod":false,"is_daily":false,"chose_seed":false,"campfire_upgraded":5,"win_rate":0,"timestamp":1556329320,"path_taken":["M","M","?","M","M","R","E","M","T","?","R","?","R","?","R","BOSS","M","M","?","?","M","E","R","M","T","M","?","E","R","M","R","BOSS","M","$","?","M","?","E","R","M","T","M","?","E","R","E","R","BOSS"],"build_version":"2019-01-23","purchased_purges":0,"victory":true,"max_hp_per_floor":[75,75,80,80,80,80,80,80,80,80,80,85,85,85,85,85,85,85,85,85,85,85,85,85,85,85,85,85,85,85,85,85,85,85,85,85,85,85,81,81,81,81,81,81,81,81,81,81,81,81],"card_choices":[{"not_picked":["Go for the Eyes","Streamline"],"picked":"Glacier","floor":0},{"not_picked":["Go for the Eyes","Melter"],"picked":"FTL","floor":1},{"not_picked":["Streamline","Redo"],"picked":"Ball Lightning","floor":2},{"not_picked":["Redo","Darkness"],"picked":"Hologram","floor":4},{"not_picked":["Compile Driver","Stack"],"picked":"Storm","floor":5},{"not_picked":["Static Discharge","Sweeping Beam"],"picked":"Conserve Battery","floor":7},{"not_picked":["Turbo","Ball Lightning"],"picked":"Echo Form","floor":8},{"not_picked":["Coolheaded","Rebound"],"picked":"Ball Lightning","floor":12},{"not_picked":["Machine Learning","Echo Form"],"picked":"Hyperbeam","floor":16},{"not_picked":["Beam Cell","Barrage+1"],"picked":"Leap","floor":18},{"not_picked":["Chaos","Steam"],"picked":"Ball Lightning","floor":19},{"not_picked":["BootSequence","Storm"],"picked":"Conserve Battery","floor":22},{"not_picked":["Steam","Rebound"],"picked":"Force Field","floor":23},{"not_picked":["Scrape","Turbo"],"picked":"Self Repair","floor":25},{"not_picked":["Fusion","Sweeping Beam"],"picked":"Leap","floor":27},{"not_picked":["Barrage+1","Force Field+1"],"picked":"Hello World+1","floor":29},{"not_picked":["Steam+1","Sweeping Beam"],"picked":"Glacier+1","floor":31},{"not_picked":["Echo Form","Machine Learning"],"picked":"All For One","floor":33},{"not_picked":["Genetic Algorithm"],"picked":"SKIP","floor":35},{"not_picked":["Rip and Tear"],"picked":"SKIP","floor":38},{"not_picked":["Darkness"],"picked":"SKIP","floor":38},{"not_picked":[],"picked":"Ball Lightning","floor":40},{"not_picked":[],"picked":"Force Field+1","floor":42},{"not_picked":["Go for the Eyes"],"picked":"SKIP","floor":42},{"not_picked":["Fusion+1"],"picked":"SKIP","floor":44},{"not_picked":["Sweeping Beam"],"picked":"SKIP","floor":44},{"not_picked":["Genetic Algorithm+1"],"picked":"SKIP","floor":46},{"not_picked":["Self Repair+1"],"picked":"SKIP","floor":48}],"player_experience":379564,"relics_obtained":[{"floor":7,"key":"Gambling Chip"},{"floor":9,"key":"Centennial Puzzle"},{"floor":14,"key":"Pen Nib"},{"floor":23,"key":"Shuriken"},{"floor":26,"key":"Pantograph"},{"floor":29,"key":"Juzu Bracelet"},{"floor":37,"key":"Pocketwatch"},{"floor":40,"key":"Shovel"},{"floor":41,"key":"FossilizedHelix"},{"floor":43,"key":"Darkstone Periapt"},{"floor":46,"key":"Regal Pillow"},{"floor":47,"key":"Dodecahedron"},{"floor":48,"key":"Lantern"},{"floor":49,"key":"Nunchaku"}],"event_choices":[{"damage_healed":0,"gold_gain":0,"player_choice":"Donut","damage_taken":0,"max_hp_gain":5,"max_hp_loss":0,"event_name":"Big Fish","floor":3,"gold_loss":0},{"damage_healed":0,"gold_gain":0,"player_choice":"Got Potions","damage_taken":0,"max_hp_gain":0,"max_hp_loss":0,"event_name":"Lab","floor":10,"gold_loss":0},{"cards_removed":["Strike_B"],"damage_healed":0,"gold_gain":0,"player_choice":"Gave Gold","damage_taken":0,"max_hp_gain":0,"max_hp_loss":0,"event_name":"Beggar","floor":20,"gold_loss":75},{"damage_healed":0,"gold_gain":0,"player_choice":"Simplicity","damage_taken":0,"max_hp_gain":0,"max_hp_loss":0,"event_name":"Back to Basics","floor":21,"gold_loss":0,"cards_upgraded":["Strike_B","Strike_B","Strike_B","Defend_B","Defend_B","Defend_B","Defend_B"]},{"damage_healed":0,"gold_gain":0,"player_choice":"Ignored","damage_taken":0,"max_hp_gain":0,"max_hp_loss":0,"event_name":"Ghosts","floor":28,"gold_loss":0},{"damage_healed":0,"gold_gain":0,"player_choice":"Fight","damage_taken":0,"max_hp_gain":0,"max_hp_loss":0,"event_name":"MindBloom","floor":37,"gold_loss":0},{"damage_healed":0,"gold_gain":0,"player_choice":"Max HP","damage_taken":0,"max_hp_gain":0,"max_hp_loss":4,"event_name":"Winding Halls","floor":39,"gold_loss":0},{"damage_healed":0,"gold_gain":0,"player_choice":"Paid","damage_taken":0,"relics_obtained":["Red Mask"],"max_hp_gain":0,"max_hp_loss":0,"event_name":"Tomb of Lord Red Mask","floor":45,"gold_loss":313}],"is_beta":false,"boss_relics":[{"not_picked":["Black Star","Ectoplasm"],"picked":"Snecko Eye"},{"not_picked":["Astrolabe","White Beast Statue"],"picked":"Busted Crown"}],"items_purged_floors":[],"is_endless":false,"potions_floor_spawned":[2,7,8,12,23,25,29,33,35,38,46],"ascension_level":6}