{"gold_per_floor":[111,111,127,141,155,155,155,155,155,155,187,203,228,244,244,344,344,354,354,354,366,124,124],"floor_reached":23,"playtime":968,"items_purged":["Writhe"],"score":337,"play_id":"92e15995-7c39-4145-9669-ba3190e20b75","local_time":"20190506131634","is_ascension_mode":true,"campfire_choices":[{"data":"Zap","floor":6,"key":"SMITH"},{"data":"Dualcast","floor":8,"key":"SMITH"},{"data":"Leap","floor":10,"key":"SMITH"},{"floor":15,"key":"REST"}],"neow_cost":"PERCENT_DAMAGE","seed_source_timestamp":68344317723564,"circlet_count":0,"master_deck":["AscendersBane","Strike_B+1","Strike_B","Strike_B","Strike_B","Defend_B","Defend_B","Defend_B","Defend_B","Zap+1","Dualcast+1","Go for the Eyes+1","Gash","Compile Driver","Leap+1","Rip and Tear","Cold Snap","Creative AI","Ball Lightning","Core Surge","Reinforced Body+1","Core Surge","FTL+1","Consume","Fission"],"relics":["Cracked Core","Darkstone Periapt","Gremlin Horn","Smiling Mask","Inserter","Singing Bowl"],"potions_floor_usage":[13,14,16,18],"damage_taken":[{"damage":0,"enemies":"Small Slimes","floor":1,"turns":3},{"damage":10,"enemies":"2 Louse","floor":3,"turns":2},{"damage":0,"enemies":"Cultist","floor":4,"turns":3},{"damage":2,"enemies":"Exordium Wildlife","floor":5,"turns":2},{"damage":15,"enemies":"Lagavulin","floor":11,"turns":7},{"damage":0,"enemies":"2 Fungi Beasts","floor":12,"turns":2},{"damage":9,"enemies":"3 Sentries","floor":13,"turns":6},{"damage":0,"enemies":"Lots of Slimes","floor":14,"turns":3},{"damage":34,"enemies":"The Guardian","floor":16,"turns":11},{"damage":11,"enemies":"Shell Parasite","floor":18,"turns":7},{"damage":26,"enemies":"2 Thieves","floor":21,"turns":4},{"damage":50,"enemies":"Slavers","floor":23,"turns":3}],"seed_played":"-2938041012955858608","potions_obtained":[{"floor":11,"key":"LiquidBronze"},{"floor":12,"key":"Strength Potion"},{"floor":13,"key":"Weak Potion"},{"floor":16,"key":"EssenceOfSteel"}],"is_trial":false,"path_per_floor":["M","?","M","M","M","R","?","R","T","R","E","M","E","M","R","B",null,"M","?","?","M","$","E"],"character_chosen":"DEFECT","items_purchased":["Consume","Fission"],"campfire_rested":1,"item_purchase_floors":[22,22],"current_hp_per_floor":[64,46,36,36,34,34,63,63,63,63,48,48,39,39,65,31,75,64,70,70,44,44,0],"gold":124,"neow_bonus":"TWENTY_PERCENT_HP_BONUS","is_prod":false,"is_daily":false,"chose_seed":false,"campfire_upgraded":3,"win_rate":0,"timestamp":1557173794,"path_taken":["M","?","M","M","M","R","?","R","T","R","E","M","E","M","R","BOSS","M","?","?","?","$","E"],"build_version":"2019-01-23","purchased_purges":1,"victory":false,"max_hp_per_floor":[89,89,89,89,89,89,89,89,89,89,89,89,89,89,89,89,89,89,95,95,95,95,95],"card_choices":[{"not_picked":["Stack","Coolheaded"],"picked":"Go for the Eyes","floor":1},{"not_picked":["Force Field","Coolheaded"],"picked":"Gash","floor":3},{"not_picked":["Barrage","Force Field"],"picked":"Compile Driver","floor":4},{"not_picked":["Turbo","Barrage"],"picked":"Leap","floor":5},{"not_picked":["Rebound","Meteor Strike"],"picked":"Rip and Tear","floor":11},{"not_picked":["Steam","Stack"],"picked":"Cold Snap","floor":12},{"not_picked":["Gash","Redo"],"picked":"Creative AI","floor":13},{"not_picked":["Redo","Go for the Eyes"],"picked":"Ball Lightning","floor":14},{"not_picked":["Biased Cognition","All For One"],"picked":"Core Surge","floor":16},{"not_picked":["Go for the Eyes+1","Stack"],"picked":"Reinforced Body+1","floor":18},{"not_picked":["Heatsinks+1","Steam"],"picked":"FTL+1","floor":21}],"player_experience":586225,"relics_obtained":[{"floor":9,"key":"Darkstone Periapt"},{"floor":11,"key":"Gremlin Horn"},{"floor":13,"key":"Smiling Mask"}],"event_choices":[{"damage_healed":0,"gold_gain":0,"player_choice":"Entered Light","damage_taken":18,"max_hp_gain":0,"max_hp_loss":0,"event_name":"Shining Light","floor":2,"gold_loss":0,"cards_upgraded":["Strike_B","Go for the Eyes"]},{"damage_healed":29,"gold_gain":0,"player_choice":"Banana","damage_taken":0,"max_hp_gain":0,"max_hp_loss":0,"event_name":"Big Fish","floor":7,"gold_loss":0},{"damage_healed":0,"gold_gain":0,"player_choice":"Opened","damage_taken":0,"relics_obtained":["Singing Bowl"],"max_hp_gain":0,"max_hp_loss":0,"event_name":"The Mausoleum","floor":19,"gold_loss":0,"cards_obtained":["Writhe"]},{"damage_healed":0,"gold_gain":0,"player_choice":"Copied","damage_taken":0,"max_hp_gain":0,"max_hp_loss":0,"event_name":"Duplicator","floor":20,"gold_loss":0,"cards_obtained":["Core Surge"]}],"is_beta":false,"boss_relics":[{"not_picked":["Runic Dome","Velvet Choker"],"picked":"Inserter"}],"items_purged_floors":[22],"is_endless":false,"potions_floor_spawned":[11,12,13,16],"killed_by":"Slavers","ascension_level":11}