{"gold_per_floor":[114,130,144,144,144,178,178,209,290,300,265,279,300,300],"floor_reached":14,"playtime":877,"items_purged":[],"score":135,"play_id":"7ce718a1-5fd1-44ec-b41e-ccc165857b58","local_time":"20190403223629","is_ascension_mode":true,"campfire_choices":[{"floor":7.0,"key":"REST"}],"neow_cost":"NONE","seed_source_timestamp":1673958459058000,"circlet_count":0,"master_deck":["Strike_R","Strike_R","Strike_R","Strike_R","Defend_R","Defend_R","Defend_R","Defend_R","Bash","Exhume","Twin Strike","Metallicize","Twin Strike","Demon Form","Cleave","Twin Strike","Pummel"],"special_seed":0,"relics":["Burning Blood","Peace Pipe","Oddly Smooth Stone","Bottled Tornado","Odd Mushroom"],"potions_floor_usage":[],"damage_taken":[{"damage":9.0,"enemies":"Jaw Worm","floor":1.0,"turns":8.0},{"damage":0.0,"enemies":"Small Slimes","floor":2.0,"turns":3.0},{"damage":6.0,"enemies":"2 Louse","floor":3.0,"turns":4.0},{"damage":44.0,"enemies":"Lagavulin","floor":6.0,"turns":8.0},{"damage":20.0,"enemies":"3 Sentries","floor":8.0,"turns":7.0},{"damage":19.0,"enemies":"Exordium Wildlife","floor":10.0,"turns":5.0},{"damage":25.0,"enemies":"Gremlin Gang","floor":12.0,"turns":5.0},{"damage":23.0,"enemies":"The Mushroom Lair","floor":13.0,"turns":5.0},{"damage":16,"enemies":"Lots of Slimes","floor":14,"turns":1}],"seed_played":"-8855185430143374911","potions_obtained":[{"floor":1.0,"key":"Dexterity Potion"},{"floor":3.0,"key":"Ancient Potion"},{"floor":8.0,"key":"Ancient Potion"},{"floor":12.0,"key":"Weak Potion"}],"is_trial":false,"path_per_floor":["M","M","M","$","?","E","R","E","T","M","?","M","?","M"],"character_chosen":"IRONCLAD","items_purchased":[],"campfire_rested":1,"item_purchase_floors":[],"current_hp_per_floor":[69,75,75,75,68,30,54,40,40,27,47,28,11,0],"gold":300,"neow_bonus":"ONE_RANDOM_RARE_CARD","is_prod":false,"is_daily":false,"chose_seed":false,"campfire_upgraded":0,"win_rate":0,"timestamp":1554345389,"path_taken":["M","M","M","$","?","E","R","E","T","M","?","M","?","M"],"build_version":"2019-01-23","purchased_purges":0,"victory":false,"max_hp_per_floor":[80,80,80,80,80,80,80,80,80,80,80,80,80,80],"card_choices":[{"not_picked":["Fire Breathing","Pommel Strike"],"picked":"Twin Strike","floor":1.0},{"not_picked":["Flex","Burning Pact"],"picked":"Metallicize","floor":2.0},{"not_picked":["Headbutt","Sword Boomerang"],"picked":"Twin Strike","floor":3.0},{"not_picked":["Bloodletting","Sword Boomerang"],"picked":"Demon Form","floor":6.0},{"not_picked":["Inflame","Clash","Sever Soul"],"picked":"SKIP","floor":8.0},{"not_picked":["Reckless Charge","Wild Strike"],"picked":"Cleave","floor":10.0},{"not_picked":["Cleave","Headbutt"],"picked":"Twin Strike","floor":12.0},{"not_picked":["Havoc","Warcry"],"picked":"Pummel","floor":13.0}],"player_experience":261837,"relics_obtained":[{"floor":6.0,"key":"Peace Pipe"},{"floor":8.0,"key":"Oddly Smooth Stone"},{"floor":9.0,"key":"Bottled Tornado"},{"floor":13.0,"key":"Odd Mushroom"}],"event_choices":[{"cards_removed":["Strike_R"],"damage_healed":0.0,"max_hp_gain":0.0,"max_hp_loss":0.0,"gold_gain":0.0,"event_name":"Golden Wing","player_choice":"Card Removal","floor":5.0,"gold_loss":0.0,"damage_taken":7.0},{"damage_healed":20.0,"max_hp_gain":0.0,"max_hp_loss":0.0,"gold_gain":0.0,"event_name":"The Cleric","player_choice":"Healed","floor":11.0,"gold_loss":35.0,"damage_taken":0.0},{"damage_healed":0.0,"max_hp_gain":0.0,"max_hp_loss":0.0,"gold_gain":0.0,"event_name":"Mushrooms","player_choice":"Fought Mushrooms","floor":13.0,"gold_loss":0.0,"damage_taken":0.0}],"is_beta":false,"boss_relics":[],"items_purged_floors":[],"is_endless":false,"potions_floor_spawned":[1,3,8,12],"killed_by":"Lots of Slimes","ascension_level":7}