{"path_per_floor":["M","?","M","M","$","R","E","M","T","R","?","R","M","M","R","B",null,"M","?","M","M","?","R","E","$","T","T","M","M","R","M","R","B",null,"M","?","M","M","$","R","E","R","T","R","?","M","R","M","R"],"character_chosen":"DEFECT","items_purchased":["Whetstone","Trip","Meteor Strike","Vajra","Panache"],"gold_per_floor":[213,213,223,240,6,6,41,59,86,86,86,86,97,113,113,212,212,228,228,243,262,262,262,293,70,70,70,85,103,103,117,117,217,247,259,259,274,292,7,7,34,34,85,85,85,97,97,117,117,117],"floor_reached":50,"campfire_rested":3,"playtime":2082,"current_hp_per_floor":[74,67,67,65,65,65,59,59,59,59,52,52,52,45,67,28,75,75,75,75,61,45,67,40,40,40,40,40,57,57,74,74,52,80,80,80,71,80,80,80,64,64,64,64,64,57,80,80,80,26],"items_purged":["Injury"],"gold":117,"score":494,"play_id":"a4aab15a-e399-44a9-a017-6c348080c002","local_time":"20180429140249","is_prod":false,"is_daily":false,"chose_seed":false,"is_ascension_mode":false,"campfire_upgraded":9,"timestamp":1525024969,"path_taken":["M","?","M","M","?","R","E","?","T","R","?","R","M","M","R","BOSS","M","?","?","M","?","R","E","$","T","?","M","M","R","?","R","BOSS","M","?","M","M","$","R","E","R","T","R","?","M","R","M","R","BOSS"],"build_version":"2018-04-27v3","seed_source_timestamp":0,"purchased_purges":2,"victory":false,"master_deck":["Strike_B","Strike_B+1","Strike_B","Defend_B","Defend_B","Defend_B","Defend_B","Zap+1","Dualcast","Reinforced Body","Sunder+1","Tempest+1","Trip+1","Self Repair+1","Conserve Battery","Rebound","Fusion+1","Beam Cell+1","Self Repair+1","Ball Lightning","Static Discharge+1","Meteor Strike+1","Amplify+1","Hyperbeam+1","Skim","Panache+1","Multi-Cast+1","Coolheaded+1"],"max_hp_per_floor":[75,75,75,75,75,75,75,75,75,75,75,75,75,75,75,75,75,75,75,75,75,75,75,75,75,75,75,75,75,75,75,75,75,80,80,80,80,80,80,80,80,80,80,80,80,80,80,80,80,80],"relics":["Cracked Core","Whetstone","Bag of Preparation","Happy Flower","Dream Catcher","Nuclear Battery","Bag of Marbles","Enchiridion","Ancient Tea Set","Vajra","Kunai","Dodecahedron","Tiny House","Lantern","Blood Vial"],"card_choices":[{"not_picked":["Turbo","Barrage"],"picked":"Reinforced Body","floor":1.0},{"not_picked":["Flux Capacitor","Go for the Eyes"],"picked":"Sunder","floor":3.0},{"not_picked":["Cold Snap","Hello World"],"picked":"Tempest","floor":4.0},{"not_picked":["Aggregate","Glacier"],"picked":"Self Repair","floor":7.0},{"not_picked":["Melter","Coolheaded"],"picked":"Conserve Battery","floor":13.0},{"not_picked":["Stack","Coolheaded"],"picked":"Rebound","floor":15.0},{"not_picked":["Creative AI","Machine Learning"],"picked":"Fusion","floor":16.0},{"not_picked":["Skim","Recycle"],"picked":"Beam Cell","floor":18.0},{"not_picked":["Beam Cell","Hologram"],"picked":"Self Repair","floor":21.0},{"not_picked":["Go for the Eyes","Hello World"],"picked":"Ball Lightning","floor":23.0},{"not_picked":["Defragment","Buffer"],"picked":"Static Discharge","floor":24.0},{"not_picked":["Tempest","Blizzard"],"picked":"Amplify","floor":31.0},{"not_picked":["Fusion","Nova"],"picked":"Hyperbeam","floor":33.0},{"not_picked":["Loop","Force Field"],"picked":"Skim","floor":34.0},{"not_picked":["Static Discharge","Auto Shields"],"picked":"Multi-Cast","floor":47.0},{"not_picked":["Auto Shields","Turbo"],"picked":"Coolheaded","floor":48.0}],"player_experience":21170,"potions_floor_usage":[50,50],"damage_taken":[{"damage":1.0,"enemies":"Cultist","floor":1.0,"turns":3.0},{"damage":0.0,"enemies":"2 Louse","floor":3.0,"turns":3.0},{"damage":2.0,"enemies":"Small Slimes","floor":4.0,"turns":2.0},{"damage":6.0,"enemies":"Gremlin Nob","floor":7.0,"turns":3.0},{"damage":0.0,"enemies":"Red Slaver","floor":8.0,"turns":1.0},{"damage":0.0,"enemies":"Looter","floor":13.0,"turns":1.0},{"damage":7.0,"enemies":"Exordium Wildlife","floor":14.0,"turns":3.0},{"damage":46.0,"enemies":"The Guardian","floor":16.0,"turns":10.0},{"damage":0.0,"enemies":"Chosen","floor":18.0,"turns":2.0},{"damage":3.0,"enemies":"Spheric Guardian","floor":20.0,"turns":3.0},{"damage":14.0,"enemies":"Snake Plant","floor":21.0,"turns":3.0},{"damage":44.0,"enemies":"Gremlin Leader","floor":24.0,"turns":8.0},{"damage":0.0,"enemies":"Snecko","floor":28.0,"turns":2.0},{"damage":0.0,"enemies":"Cultist and Chosen","floor":29.0,"turns":3.0},{"damage":0.0,"enemies":"Snake Plant","floor":31.0,"turns":2.0},{"damage":49.0,"enemies":"Automaton","floor":33.0,"turns":10.0},{"damage":5.0,"enemies":"3 Darklings","floor":35.0,"turns":2.0},{"damage":19.0,"enemies":"Flame Bruiser 1 Orb","floor":37.0,"turns":3.0},{"damage":7.0,"enemies":"4 Shapes","floor":38.0,"turns":3.0},{"damage":26.0,"enemies":"Nemesis","floor":41.0,"turns":5.0},{"damage":29.0,"enemies":"3 Darklings","floor":46.0,"turns":5.0},{"damage":0.0,"enemies":"Spire Growth","floor":48.0,"turns":3.0},{"damage":54,"enemies":"Time Eater","floor":50,"turns":5}],"event_choices":[{"event_name":"Golden Wing","player_choice":"Card Removal","floor":2.0,"damage_taken":0.0},{"event_name":"Scrap Ooze","player_choice":"success","floor":11.0,"damage_taken":7.0},{"event_name":"The Mausoleum","player_choice":"Yes","floor":19.0,"damage_taken":0.0},{"event_name":"Cursed Tome","player_choice":"Obtained Book","floor":22.0,"damage_taken":0.0},{"event_name":"Accursed Blacksmith","player_choice":"Forge","floor":36.0,"damage_taken":0.0},{"event_name":"Mysterious Sphere","player_choice":"Ignore","floor":45.0,"damage_taken":0.0}],"boss_relics":[],"potions_floor_spawned":[7,8,13,16,29,31,37,41,46],"seed_played":"7799623527326612927","killed_by":"Time Eater","ascension_level":0,"is_trial":false}