{"gold_per_floor":[110,32,32,50,50,50,80,80,80,80,135,153,1,16,16,111,111,129,147,147,147],"floor_reached":21,"playtime":908,"items_purged":[],"score":186,"play_id":"985f0296-9ac9-4d11-b725-df9662c62d43","local_time":"20190503204938","is_ascension_mode":true,"campfire_choices":[{"data":"Inflame","floor":6,"key":"SMITH"},{"floor":8,"key":"REST"},{"floor":15,"key":"RECALL"}],"neow_cost":"NONE","seed_source_timestamp":1993174056974700,"circlet_count":0,"master_deck":["Strike_R","Strike_R","Strike_R","Strike_R","Defend_R","Defend_R","Defend_R","Defend_R","Bash+1","Armaments+1","Inflame+1","Shrug It Off","Spot Weakness+1","Demon Form","Demon Form","Exhume+1"],"relics":["Burning Blood","Smiling Mask","Matryoshka","Toxic Egg 2","Velvet Choker"],"potions_floor_usage":[7,16,19],"damage_taken":[{"damage":6,"enemies":"Cultist","floor":1,"turns":3},{"damage":8,"enemies":"Small Slimes","floor":4,"turns":3},{"damage":24,"enemies":"3 Sentries","floor":7,"turns":9},{"damage":4,"enemies":"2 Louse","floor":12,"turns":4},{"damage":7,"enemies":"Looter","floor":14,"turns":3},{"damage":21,"enemies":"The Guardian","floor":16,"turns":9},{"damage":61,"enemies":"3 Byrds","floor":18,"turns":7},{"damage":22,"enemies":"Spheric Guardian","floor":19,"turns":5},{"damage":15,"enemies":"Chosen and Byrds","floor":21,"turns":4}],"seed_played":"8614005877489135755","potions_obtained":[{"floor":1,"key":"PowerPotion"},{"floor":4,"key":"EssenceOfSteel"},{"floor":16,"key":"GamblersBrew"}],"is_trial":false,"path_per_floor":["M","$","?","M","?","R","E","R","T","T","?","M","$","M","R","B",null,"M","M","?","M"],"character_chosen":"IRONCLAD","items_purchased":["Inflame","Demon Form"],"campfire_rested":1,"item_purchase_floors":[2,13],"current_hp_per_floor":[80,80,85,83,83,83,65,85,85,85,85,85,85,84,84,69,85,30,14,14,0],"gold":147,"neow_bonus":"UPGRADE_CARD","is_prod":false,"is_daily":false,"chose_seed":false,"campfire_upgraded":1,"win_rate":0,"timestamp":1556930978,"path_taken":["M","?","?","M","?","R","E","R","T","?","?","M","?","M","R","BOSS","M","M","?","?"],"build_version":"2019-01-23","purchased_purges":0,"victory":false,"max_hp_per_floor":[80,80,85,85,85,85,85,85,85,85,85,85,85,85,85,85,85,85,85,85,85],"card_choices":[{"not_picked":["Feel No Pain","Wild Strike"],"picked":"Armaments","floor":1},{"not_picked":["Pummel","Cleave"],"picked":"Shrug It Off","floor":4},{"not_picked":["Bloodletting","Warcry","Wild Strike"],"picked":"SKIP","floor":7},{"not_picked":["Cleave","Hemokinesis"],"picked":"Spot Weakness+1","floor":12},{"not_picked":["Flex+1","Cleave","Armaments+1"],"picked":"SKIP","floor":14},{"not_picked":["Bludgeon","Berserk"],"picked":"Demon Form","floor":16},{"not_picked":["Iron Wave","Clash","True Grit+1"],"picked":"SKIP","floor":18},{"not_picked":["True Grit+1","Thunderclap","Cleave"],"picked":"SKIP","floor":19}],"player_experience":88943,"relics_obtained":[{"floor":7,"key":"Smiling Mask"},{"floor":9,"key":"Matryoshka"},{"floor":10,"key":"Toxic Egg 2"}],"event_choices":[{"damage_healed":0,"gold_gain":0,"player_choice":"Donut","damage_taken":0,"max_hp_gain":5,"max_hp_loss":0,"event_name":"Big Fish","floor":3,"gold_loss":0},{"damage_healed":0,"gold_gain":0,"player_choice":"Grow","damage_taken":0,"max_hp_gain":0,"max_hp_loss":0,"event_name":"Living Wall","floor":5,"gold_loss":0,"cards_upgraded":["Armaments"]},{"damage_healed":0,"gold_gain":55,"player_choice":"Gained Gold","damage_taken":0,"max_hp_gain":0,"max_hp_loss":0,"event_name":"Golden Wing","floor":11,"gold_loss":0},{"damage_healed":0,"gold_gain":0,"cards_transformed":["Strike_R"],"player_choice":"Transformed","damage_taken":0,"max_hp_gain":0,"max_hp_loss":0,"event_name":"Transmorgrifier","floor":20,"gold_loss":0,"cards_obtained":["Exhume"]}],"is_beta":false,"boss_relics":[{"not_picked":["Empty Cage","Pandora\u0027s Box"],"picked":"Velvet Choker"}],"items_purged_floors":[],"is_endless":false,"potions_floor_spawned":[1,4,16],"killed_by":"Chosen and Byrds","ascension_level":1}