{"gold_per_floor":[119,44,44,59,78,107,107,7,32,32,32,45,45,61,61,132,132,145,156,156,170,170],"floor_reached":22,"playtime":633,"items_purged":["Parasite","Rupture"],"score":338,"play_id":"b1112b55-22b0-4fc8-939a-0f23781bcfb1","local_time":"20190502204501","is_ascension_mode":true,"campfire_choices":[{"data":"Demon Form","floor":7,"key":"SMITH"},{"floor":10,"key":"REST"},{"data":"Dropkick","floor":13,"key":"SMITH"},{"floor":15,"key":"REST"}],"neow_cost":"CURSE","seed_source_timestamp":211037335306500,"circlet_count":0,"master_deck":["AscendersBane","Strike_R","Strike_R","Strike_R","Strike_R","Defend_R","Defend_R","Defend_R","Bash","Dropkick+1","Thunderclap","Demon Form+1","Twin Strike","Heavy Blade","Limit Break","True Grit"],"relics":["Burning Blood","Potion Belt","Regal Pillow","White Beast Statue"],"potions_floor_usage":[4,6,6,19,20,21],"damage_taken":[{"damage":19,"enemies":"Small Slimes","floor":1,"turns":4},{"damage":6,"enemies":"Cultist","floor":4,"turns":3},{"damage":8,"enemies":"2 Louse","floor":5,"turns":3},{"damage":36,"enemies":"3 Sentries","floor":6,"turns":5},{"damage":35,"enemies":"Lots of Slimes","floor":12,"turns":4},{"damage":18,"enemies":"3 Louse","floor":14,"turns":3},{"damage":37,"enemies":"Hexaghost","floor":16,"turns":7},{"damage":25,"enemies":"Spheric Guardian","floor":18,"turns":4},{"damage":26,"enemies":"3 Byrds","floor":19,"turns":6},{"damage":0,"enemies":"Sentry and Sphere","floor":20,"turns":2},{"damage":28,"enemies":"Snecko","floor":21,"turns":5},{"damage":11,"enemies":"Centurion and Healer","floor":22,"turns":1}],"seed_played":"-4229529304847427687","potions_obtained":[{"floor":1,"key":"LiquidBronze"},{"floor":3,"key":"Swift Potion"},{"floor":3,"key":"Fruit Juice"},{"floor":5,"key":"AttackPotion"},{"floor":14,"key":"FearPotion"},{"floor":18,"key":"Explosive Potion"},{"floor":19,"key":"SmokeBomb"},{"floor":21,"key":"Ancient Potion"}],"is_trial":false,"path_per_floor":["M","$","?","M","M","E","R","$","T","R","?","M","R","M","R","B",null,"M","M","M","M","M"],"character_chosen":"IRONCLAD","items_purchased":[],"campfire_rested":2,"item_purchase_floors":[],"current_hp_per_floor":[55,55,55,60,58,28,28,28,28,66,66,37,37,25,63,32,66,47,27,33,11,0],"gold":170,"neow_bonus":"TRANSFORM_TWO_CARDS","is_prod":false,"is_daily":false,"chose_seed":false,"campfire_upgraded":2,"win_rate":0,"timestamp":1556801101,"path_taken":["M","$","?","?","M","E","R","?","T","R","?","M","R","M","R","BOSS","M","?","M","M","M"],"build_version":"2019-01-23","purchased_purges":2,"victory":false,"max_hp_per_floor":[75,72,72,77,77,77,77,77,77,77,77,77,77,77,77,77,77,77,77,77,77,77],"card_choices":[{"not_picked":["Perfected Strike","Cleave","Armaments"],"picked":"SKIP","floor":1},{"not_picked":["Perfected Strike","Cleave","Armaments"],"picked":"SKIP","floor":1},{"not_picked":["Thunderclap","Anger","Searing Blow"],"picked":"SKIP","floor":4},{"not_picked":["Shockwave","Thunderclap"],"picked":"Rupture","floor":5},{"not_picked":["Seeing Red","Clash"],"picked":"Demon Form","floor":6},{"not_picked":["Entrench","Hemokinesis","Armaments"],"picked":"SKIP","floor":12},{"not_picked":["Armaments","Twin Strike"],"picked":"Heavy Blade","floor":14},{"not_picked":["Juggernaut","Demon Form"],"picked":"Limit Break","floor":16},{"not_picked":["Headbutt","Body Slam"],"picked":"True Grit","floor":18},{"not_picked":["Cleave+1","Heavy Blade+1","Flex"],"picked":"SKIP","floor":19},{"not_picked":["Sentinel","Feel No Pain","Bloodletting"],"picked":"SKIP","floor":21}],"player_experience":573593,"relics_obtained":[{"floor":6,"key":"Potion Belt"},{"floor":9,"key":"Regal Pillow"}],"event_choices":[{"damage_healed":0,"gold_gain":0,"player_choice":"Got Potions","damage_taken":0,"max_hp_gain":0,"max_hp_loss":0,"event_name":"Lab","floor":3,"gold_loss":0},{"damage_healed":0,"gold_gain":0,"player_choice":"1 cards matched","damage_taken":0,"max_hp_gain":0,"max_hp_loss":0,"event_name":"Match and Keep!","floor":11,"gold_loss":0,"cards_obtained":["Twin Strike"]}],"is_beta":false,"boss_relics":[{"not_picked":["Mark of Pain","Pandora\u0027s Box"],"picked":"White Beast Statue"}],"items_purged_floors":[2,8],"is_endless":false,"potions_floor_spawned":[1,5,14,18,19,20,21],"killed_by":"Centurion and Healer","ascension_level":16}