{"path_per_floor":["M","M","M","M","?","R","M","R","T","M","M","$","?","M","R","B",null,"M","$","?","?","M","E","R","?","T","R","$","?","$","?","R","B",null,"M","?","?","M","$","R"],"character_chosen":"DEFECT","items_purchased":["Fire Potion","Regen Potion","Letter Opener","Fire Potion"],"gold_per_floor":[118,134,148,168,168,168,180,180,180,193,210,39,139,159,159,259,259,274,23,23,23,36,67,67,67,67,67,16,16,16,16,16,115,115,131,131,131,141,41,41,41],"floor_reached":41,"campfire_rested":5,"playtime":1868,"current_hp_per_floor":[47,32,27,13,6,28,23,45,45,35,29,29,29,28,50,7,75,24,24,24,24,34,11,33,33,33,55,55,55,55,61,61,20,81,61,61,61,51,51,51,0],"items_purged":["Pain","Writhe"],"gold":41,"score":398,"play_id":"13a48e7d-dc31-4648-9f57-b60be7ec5e77","local_time":"20180427184813","is_prod":false,"is_daily":false,"chose_seed":false,"is_ascension_mode":false,"campfire_upgraded":2,"timestamp":1524869293,"path_taken":["M","M","M","?","?","R","M","R","T","M","M","$","?","M","R","BOSS","M","$","?","?","?","E","R","?","T","R","$","?","?","?","R","BOSS","M","?","?","M","?","R","M"],"build_version":"2018-04-26v2","seed_source_timestamp":0,"purchased_purges":2,"victory":false,"master_deck":["Strike_B","Strike_B","Strike_B","Strike_B","Defend_B","Defend_B","Defend_B","Defend_B","Zap","Dualcast","Sunder","Reinforced Body","Chill","Ball Lightning","Blizzard","Static Discharge","Blaster","Creative AI+1","Buffer","Good Instincts","Prime","Auto Shields+1","Sweeping Beam+1","Thunder Strike+1","White Noise+1","Thinking Ahead"],"max_hp_per_floor":[75,75,75,75,75,75,75,75,75,75,75,75,75,75,75,75,75,75,75,75,75,75,75,75,75,75,75,75,75,75,81,81,81,81,81,81,81,81,81,81,81],"relics":["Calling Bell","Oddly Smooth Stone","Pantograph","Peace Pipe","Ornamental Fan","Nuclear Battery","Letter Opener","Darkstone Periapt","Spirit Poop","Shuriken","Frozen Egg 2","Snecko Eye"],"card_choices":[{"not_picked":["Gash","Hello World"],"picked":"Sunder","floor":1.0},{"not_picked":["Melter","Leap"],"picked":"Reinforced Body","floor":2.0},{"not_picked":["Undo","Impulse"],"picked":"Chill","floor":3.0},{"not_picked":["Buffer","Blaster"],"picked":"Ball Lightning","floor":4.0},{"not_picked":["Axe Kick","Coolheaded"],"picked":"Blizzard","floor":7.0},{"not_picked":["Coolheaded","All For One"],"picked":"Static Discharge","floor":11.0},{"not_picked":["Rebound","Skim"],"picked":"Blaster","floor":14.0},{"not_picked":["Fission","Fusion"],"picked":"Creative AI","floor":16.0},{"not_picked":["White Noise","Axe Kick"],"picked":"Buffer","floor":18.0},{"not_picked":["Blaster","Hologram"],"picked":"Auto Shields","floor":22.0},{"not_picked":["Force Field","Ball Lightning"],"picked":"Sweeping Beam","floor":23.0},{"not_picked":["Meteor Strike","Rainbow"],"picked":"Thunder Strike","floor":33.0},{"not_picked":["Cold Snap","Axe Kick"],"picked":"White Noise","floor":35.0},{"not_picked":["Purity","Jack Of All Trades"],"picked":"Thinking Ahead","floor":37}],"player_experience":9877,"potions_floor_usage":[38],"damage_taken":[{"damage":28.0,"enemies":"Cultist","floor":1.0,"turns":6.0},{"damage":15.0,"enemies":"Small Slimes","floor":2.0,"turns":3.0},{"damage":5.0,"enemies":"Jaw Worm","floor":3.0,"turns":4.0},{"damage":14.0,"enemies":"Exordium Wildlife","floor":4.0,"turns":8.0},{"damage":5.0,"enemies":"Blue Slaver","floor":7.0,"turns":6.0},{"damage":10.0,"enemies":"Looter","floor":10.0,"turns":3.0},{"damage":6.0,"enemies":"Gremlin Gang","floor":11.0,"turns":6.0},{"damage":10.0,"enemies":"Exordium Thugs","floor":14.0,"turns":4.0},{"damage":68.0,"enemies":"Hexaghost","floor":16.0,"turns":10.0},{"damage":58.0,"enemies":"Chosen","floor":18.0,"turns":7.0},{"damage":2.0,"enemies":"Spheric Guardian","floor":22.0,"turns":5.0},{"damage":23.0,"enemies":"Slavers","floor":23.0,"turns":4.0},{"damage":61.0,"enemies":"Automaton","floor":33.0,"turns":14.0},{"damage":20.0,"enemies":"3 Darklings","floor":35.0,"turns":5.0},{"damage":10,"enemies":"3 Shapes","floor":38,"turns":3},{"damage":58,"enemies":"Flame Bruiser 2 Orb","floor":41,"turns":2}],"event_choices":[{"event_name":"Golden Wing","player_choice":"Card Removal","floor":5.0,"damage_taken":0.0},{"event_name":"Golden Shrine","player_choice":"Pray","floor":13.0,"damage_taken":0.0},{"event_name":"Match and Keep!","player_choice":"2 cards matched","floor":20.0,"damage_taken":0.0},{"event_name":"Drug Dealer","player_choice":"Ignored","floor":21.0,"damage_taken":0.0},{"event_name":"Bonfire Elementals","player_choice":"CURSE","floor":25.0,"damage_taken":0.0},{"event_name":"Addict","player_choice":"Ignored","floor":29.0,"damage_taken":0.0},{"event_name":"The Mausoleum","player_choice":"Yes","floor":31.0,"damage_taken":0.0},{"event_name":"Mysterious Sphere","player_choice":"Ignore","floor":36,"damage_taken":0},{"event_name":"SensoryStone","player_choice":"Memory 1","floor":37,"damage_taken":0}],"boss_relics":[],"potions_floor_spawned":[7,14,16,22,23,35],"seed_played":"6491500391213018576","killed_by":"Flame Bruiser 2 Orb","ascension_level":0,"is_trial":false}