{"gold_per_floor":[114,130,130,143,43,43,73,73,73,105,120,154,154,217,217,311,311,326,349,167,183,183,183,222,246,246,246,246,121,157,192,192,288,288,301,523,92,425,443,471,471,497,524,13,25,51,51,151,151,151,151,151,71,98,98],"floor_reached":56,"playtime":2265,"items_purged":["Strike_B","Scrape","Lockon","Sweeping Beam","Rainbow+1"],"score":2577,"play_id":"0c7f6f6a-2aa8-4e38-89cf-f26c5fd92ad2","local_time":"20190305180753","is_ascension_mode":true,"campfire_choices":[{"data":"Zap","floor":6.0,"key":"SMITH"},{"data":"Capacitor","floor":8.0,"key":"SMITH"},{"floor":15.0,"key":"REST"},{"floor":23.0,"key":"REST"},{"floor":27.0,"key":"REST"},{"data":"Dualcast","floor":32.0,"key":"SMITH"},{"floor":41.0,"key":"RECALL"},{"floor":49.0,"key":"REST"},{"data":"Cold Snap","floor":52.0,"key":"SMITH"}],"neow_cost":"TEN_PERCENT_HP_LOSS","seed_source_timestamp":254754337928944,"circlet_count":0,"master_deck":["AscendersBane","Zap+1","Dualcast+1","Glacier+1","Cold Snap+1","Blizzard+1","Capacitor+1","Turbo+1","Consume+1","Coolheaded+1","Fusion+1","Buffer+1","Electrodynamics+1","Turbo+1","Coolheaded+1","Heatsinks+1","Compile Driver","White Noise+1","Redo+1","Seek+1","Go for the Eyes+1","Loop+1","Core Surge","Double Energy+1","Defragment+1","Defragment+1","Double Energy+1"],"special_seed":0,"relics":["Cracked Core","Frozen Egg 2","Letter Opener","Toxic Egg 2","Anchor","Pandora\u0027s Box","Happy Flower","Matryoshka","Oddly Smooth Stone","Regal Pillow","Red Mask","War Paint","Inserter","OrangePellets","Orichalcum","Emotion Chip","MawBank","ClockworkSouvenir","Unceasing Top","Ice Cream","DataDisk"],"potions_floor_usage":[55,55],"damage_taken":[{"damage":0.0,"enemies":"Jaw Worm","floor":1.0,"turns":6.0},{"damage":1.0,"enemies":"Cultist","floor":2.0,"turns":4.0},{"damage":0.0,"enemies":"2 Louse","floor":4.0,"turns":2.0},{"damage":12.0,"enemies":"Gremlin Nob","floor":7.0,"turns":5.0},{"damage":4.0,"enemies":"3 Sentries","floor":10.0,"turns":9.0},{"damage":5.0,"enemies":"Looter","floor":11.0,"turns":4.0},{"damage":17.0,"enemies":"Gremlin Nob","floor":12.0,"turns":5.0},{"damage":8.0,"enemies":"Gremlin Nob","floor":14.0,"turns":5.0},{"damage":0.0,"enemies":"Slime Boss","floor":16.0,"turns":9.0},{"damage":15.0,"enemies":"3 Byrds","floor":18.0,"turns":4.0},{"damage":0.0,"enemies":"Chosen","floor":19.0,"turns":5.0},{"damage":10.0,"enemies":"Snake Plant","floor":21.0,"turns":3.0},{"damage":16.0,"enemies":"Book of Stabbing","floor":24.0,"turns":5.0},{"damage":17.0,"enemies":"Shelled Parasite and Fungi","floor":25.0,"turns":6.0},{"damage":0.0,"enemies":"Masked Bandits","floor":30.0,"turns":2.0},{"damage":4.0,"enemies":"Gremlin Leader","floor":31.0,"turns":4.0},{"damage":0.0,"enemies":"Champ","floor":33.0,"turns":8.0},{"damage":0.0,"enemies":"Orb Walker","floor":35.0,"turns":2.0},{"damage":0.0,"enemies":"3 Shapes","floor":39.0,"turns":1.0},{"damage":0.0,"enemies":"Reptomancer","floor":40.0,"turns":5.0},{"damage":0.0,"enemies":"Giant Head","floor":42.0,"turns":7.0},{"damage":0.0,"enemies":"Transient","floor":45.0,"turns":5.0},{"damage":0.0,"enemies":"Nemesis","floor":46.0,"turns":5.0},{"damage":28.0,"enemies":"Mind Bloom Boss Battle","floor":48.0,"turns":6.0},{"damage":0.0,"enemies":"Time Eater","floor":50.0,"turns":10.0},{"damage":0.0,"enemies":"Shield and Spear","floor":54.0,"turns":3.0},{"damage":0,"enemies":"The Heart","floor":55,"turns":11}],"seed_played":"-7232890652298080327","potions_obtained":[{"floor":1.0,"key":"PowerPotion"},{"floor":7.0,"key":"SmokeBomb"},{"floor":18.0,"key":"EssenceOfSteel"},{"floor":31.0,"key":"FocusPotion"}],"is_trial":false,"path_per_floor":["M","M","?","M","$","R","E","R","T","E","M","E","?","?","R","B",null,"M","M","$","M","?","R","E","M","T","R","T","$","?","E","R","B",null,"M","?","$","?","M","E","R","E","T","$","M","E","?","?","R","B",null,"R","$","E","B",null],"character_chosen":"DEFECT","items_purchased":["Turbo","Coolheaded+1","Heatsinks+1","OrangePellets","Loop+1","Double Energy+1","ClockworkSouvenir","Defragment+1","Defragment+1"],"campfire_rested":4,"item_purchase_floors":[5,20,20,37,37,44,44,44,53],"current_hp_per_floor":[64,63,63,63,63,63,51,51,51,47,42,25,25,17,34,34,52,37,37,37,27,27,44,28,11,11,28,28,28,28,24,24,24,50,50,50,50,50,50,50,50,50,50,50,50,50,50,22,53,53,55,55,55,55,55],"gold":98,"neow_bonus":"TRANSFORM_TWO_CARDS","is_prod":false,"is_daily":false,"chose_seed":false,"campfire_upgraded":4,"win_rate":0,"timestamp":1551780473,"path_taken":["M","M","?","?","$","R","E","R","T","E","M","E","?","?","R","BOSS","M","M","$","M","?","R","E","?","T","R","?","$","?","E","R","BOSS","M","?","$","?","M","E","R","E","T","?","?","E","?","?","R","BOSS","R","$","E","BOSS"],"build_version":"2019-01-23","purchased_purges":5,"victory":true,"max_hp_per_floor":[64,64,64,64,64,64,64,64,64,64,64,64,58,58,58,58,58,58,58,58,58,58,58,58,58,58,58,58,58,58,58,58,58,58,58,58,58,58,58,58,58,58,58,58,58,58,55,55,55,55,55,55,55,55,55],"card_choices":[{"not_picked":["Barrage","Cold Snap"],"picked":"Blizzard","floor":1.0},{"not_picked":["Steam Power","Barrage","Cold Snap"],"picked":"SKIP","floor":2.0},{"not_picked":["Redo","Steam"],"picked":"Capacitor","floor":4.0},{"not_picked":["Lockon","Sweeping Beam","Machine Learning"],"picked":"SKIP","floor":7.0},{"not_picked":["Gash","Steam Power"],"picked":"Consume","floor":10.0},{"not_picked":["Double Energy+1","Chill+1"],"picked":"Coolheaded+1","floor":11.0},{"not_picked":["Stack+1","Consume+1","Aggregate+1"],"picked":"SKIP","floor":12.0},{"not_picked":["Conserve Battery+1","Rebound"],"picked":"Fusion+1","floor":14.0},{"not_picked":["Fission+1","Amplify+1"],"picked":"Buffer+1","floor":16.0},{"not_picked":["Barrage","Melter","Rip and Tear"],"picked":"SKIP","floor":18.0},{"not_picked":["Consume+1","Barrage+1"],"picked":"Turbo+1","floor":19.0},{"not_picked":["Ball Lightning","Barrage"],"picked":"Compile Driver","floor":21.0},{"not_picked":["Ball Lightning","Static Discharge+1","Streamline"],"picked":"SKIP","floor":24.0},{"not_picked":["Coolheaded+1","Conserve Battery+1"],"picked":"White Noise+1","floor":25.0},{"not_picked":["Ball Lightning","Amplify+1"],"picked":"Redo+1","floor":30.0},{"not_picked":["Beam Cell","Biased Cognition+1","Darkness+1"],"picked":"SKIP","floor":31.0},{"not_picked":["Creative AI+1","Amplify+1"],"picked":"Seek+1","floor":33.0},{"not_picked":["Rebound+1","Ball Lightning"],"picked":"Go for the Eyes+1","floor":35.0},{"not_picked":["Conserve Battery+1","Barrage+1","Heatsinks+1"],"picked":"SKIP","floor":39.0},{"not_picked":["Conserve Battery+1","Rebound","Stack+1"],"picked":"SKIP","floor":40.0},{"not_picked":["Go for the Eyes","Gash+1"],"picked":"Core Surge","floor":42.0},{"not_picked":["Redo+1","Consume+1","Streamline"],"picked":"SKIP","floor":45.0},{"not_picked":["Force Field+1","Turbo+1","Barrage"],"picked":"SKIP","floor":46.0},{"not_picked":["Compile Driver","White Noise+1"],"picked":"Double Energy+1","floor":54.0}],"player_experience":1129069,"relics_obtained":[{"floor":7.0,"key":"Frozen Egg 2"},{"floor":9.0,"key":"Letter Opener"},{"floor":10.0,"key":"Toxic Egg 2"},{"floor":14.0,"key":"Anchor"},{"floor":24.0,"key":"Happy Flower"},{"floor":26.0,"key":"Matryoshka"},{"floor":28.0,"key":"Oddly Smooth Stone"},{"floor":28.0,"key":"Regal Pillow"},{"floor":30.0,"key":"Red Mask"},{"floor":31.0,"key":"War Paint"},{"floor":40.0,"key":"Orichalcum"},{"floor":42.0,"key":"Emotion Chip"},{"floor":43.0,"key":"MawBank"},{"floor":46.0,"key":"Unceasing Top"},{"floor":48.0,"key":"Ice Cream"},{"floor":54.0,"key":"DataDisk"}],"event_choices":[{"damage_healed":0.0,"max_hp_gain":0.0,"max_hp_loss":0.0,"gold_gain":0.0,"event_name":"Upgrade Shrine","player_choice":"Upgraded","floor":3.0,"gold_loss":0.0,"damage_taken":0.0,"cards_upgraded":["Blizzard"]},{"damage_healed":0.0,"max_hp_gain":0.0,"max_hp_loss":6.0,"gold_gain":0.0,"event_name":"Golden Idol","player_choice":"Lose Max HP","floor":13.0,"gold_loss":0.0,"damage_taken":0.0,"relics_obtained":["Golden Idol"]},{"damage_healed":0.0,"max_hp_gain":0.0,"max_hp_loss":0.0,"gold_gain":30.0,"event_name":"Dead Adventurer","player_choice":"Searched \u00272\u0027 times","floor":14.0,"gold_loss":0.0,"damage_taken":0.0},{"damage_healed":0.0,"max_hp_gain":0.0,"max_hp_loss":0.0,"gold_gain":0.0,"event_name":"FaceTrader","player_choice":"Leave","floor":22.0,"gold_loss":0.0,"damage_taken":0.0},{"damage_healed":0.0,"max_hp_gain":0.0,"max_hp_loss":0.0,"gold_gain":0.0,"event_name":"Masked Bandits","player_choice":"Fought Bandits","floor":30.0,"gold_loss":0.0,"damage_taken":0.0},{"damage_healed":0.0,"max_hp_gain":0.0,"max_hp_loss":0.0,"gold_gain":222.0,"event_name":"Tomb of Lord Red Mask","player_choice":"Wore Mask","floor":36.0,"gold_loss":0.0,"damage_taken":0.0},{"damage_healed":0.0,"max_hp_gain":0.0,"max_hp_loss":0.0,"gold_gain":333.0,"event_name":"The Moai Head","player_choice":"Gave Idol","floor":38.0,"relics_lost":["Golden Idol"],"gold_loss":0.0,"damage_taken":0.0},{"damage_healed":0.0,"max_hp_gain":0.0,"max_hp_loss":3.0,"gold_gain":0.0,"event_name":"Winding Halls","player_choice":"Max HP","floor":47.0,"gold_loss":0.0,"damage_taken":0.0},{"damage_healed":0.0,"max_hp_gain":0.0,"max_hp_loss":0.0,"gold_gain":0.0,"event_name":"MindBloom","player_choice":"Fight","floor":48.0,"gold_loss":0.0,"damage_taken":0.0}],"is_beta":false,"boss_relics":[{"not_picked":["Nuclear Battery","Sozu"],"picked":"Pandora\u0027s Box"},{"not_picked":["Snecko Eye","Fusion Hammer"],"picked":"Inserter"}],"items_purged_floors":[5,20,29,37,44],"is_endless":false,"potions_floor_spawned":[1,7,12,14,18,31,33,39,40,46,48],"ascension_level":15}