{"gold_per_floor":[118,118,118,137,152,152,196,161,185,30,53,66,66,81,81,204,204,225,250,264,264,264,307,307,342,342,373,373,398,398,433,433,557,557,572,48,61,61,61,61,99,112,182,200,200,224,243,243,243,243],"floor_reached":51,"playtime":4167,"items_purged":[],"score":819,"play_id":"a8c4d892-e2fe-42e5-ad5b-86be616fb1c9","local_time":"20190401190223","is_ascension_mode":true,"campfire_choices":[{"floor":6.0,"key":"REST"},{"floor":15.0,"key":"REST"},{"floor":24.0,"key":"REST"},{"floor":28.0,"key":"REST"},{"floor":30.0,"key":"REST"},{"floor":32.0,"key":"REST"},{"data":"Echo Form","floor":40.0,"key":"SMITH"},{"data":"Meteor Strike","floor":45.0,"key":"SMITH"},{"floor":49.0,"key":"REST"}],"neow_cost":"NONE","seed_source_timestamp":1484902247399100,"circlet_count":0,"master_deck":["Strike_B+1","Strike_B+1","Defend_B","Defend_B","Defend_B+1","Zap+1","Dualcast","Capacitor","Storm","Doom and Gloom","Ball Lightning","Leap","Meteor Strike+1","Glacier+1","Conserve Battery","Seek","Electrodynamics","Leap","Rebound+1","Buffer","Echo Form+1","Hologram+1","Capacitor","Conserve Battery","Stack","Stack","Panacea"],"special_seed":0,"relics":["Snecko Eye","Golden Idol","Whetstone","Omamori","Bronze Scales","Inserter","Question Card","Blue Candle","Meat on the Bone","Red Mask","Bottled Lightning","Lizard Tail","OrangePellets","Cables","War Paint","Frozen Egg 2"],"potions_floor_usage":[50],"damage_taken":[{"damage":7.0,"enemies":"Jaw Worm","floor":1.0,"turns":3.0},{"damage":0.0,"enemies":"2 Louse","floor":4.0,"turns":1.0},{"damage":5.0,"enemies":"Cultist","floor":5.0,"turns":4.0},{"damage":67.0,"enemies":"Gremlin Nob","floor":7.0,"turns":6.0},{"damage":0.0,"enemies":"2 Fungi Beasts","floor":11.0,"turns":2.0},{"damage":9.0,"enemies":"Exordium Thugs","floor":12.0,"turns":4.0},{"damage":3.0,"enemies":"Blue Slaver","floor":14.0,"turns":3.0},{"damage":35.0,"enemies":"Hexaghost","floor":16.0,"turns":10.0},{"damage":7.0,"enemies":"3 Byrds","floor":18.0,"turns":2.0},{"damage":0.0,"enemies":"Chosen","floor":19.0,"turns":3.0},{"damage":0.0,"enemies":"Centurion and Healer","floor":20.0,"turns":5.0},{"damage":25.0,"enemies":"Gremlin Leader","floor":23.0,"turns":6.0},{"damage":73.0,"enemies":"Slavers","floor":25.0,"turns":6.0},{"damage":7.0,"enemies":"Masked Bandits","floor":27.0,"turns":3.0},{"damage":0.0,"enemies":"Snecko","floor":29.0,"turns":3.0},{"damage":30.0,"enemies":"Gremlin Leader","floor":31.0,"turns":5.0},{"damage":4.0,"enemies":"Automaton","floor":33.0,"turns":7.0},{"damage":1.0,"enemies":"3 Darklings","floor":35.0,"turns":4.0},{"damage":1.0,"enemies":"3 Shapes","floor":37.0,"turns":3.0},{"damage":0.0,"enemies":"Nemesis","floor":41.0,"turns":9.0},{"damage":25.0,"enemies":"Jaw Worm Horde","floor":42.0,"turns":4.0},{"damage":2.0,"enemies":"Writhing Mass","floor":44.0,"turns":5.0},{"damage":2.0,"enemies":"Transient","floor":46.0,"turns":5.0},{"damage":15.0,"enemies":"3 Darklings","floor":47.0,"turns":5.0},{"damage":52,"enemies":"Donu and Deca","floor":50,"turns":13}],"seed_played":"-3973750495623069646","potions_obtained":[{"floor":4.0,"key":"Swift Potion"},{"floor":12.0,"key":"FairyPotion"},{"floor":16.0,"key":"LiquidBronze"},{"floor":19.0,"key":"Weak Potion"},{"floor":23.0,"key":"LiquidBronze"},{"floor":25.0,"key":"Energy Potion"},{"floor":46.0,"key":"SkillPotion"}],"is_trial":false,"path_per_floor":["M","?","?","M","M","R","E","?","T","$","M","M","?","M","R","B",null,"M","M","M","?","?","E","R","E","T","?","R","M","R","E","R","B",null,"M","$","M","?","?","R","E","M","T","M","R","M","M","?","R","B",null],"character_chosen":"DEFECT","items_purchased":["Bronze Scales","OrangePellets","Cables","Capacitor"],"campfire_rested":7,"item_purchase_floors":[10,36,36,36],"current_hp_per_floor":[68,73,53,53,48,72,5,25,25,25,25,16,16,13,37,2,80,73,73,73,73,73,48,72,8,8,13,37,49,73,43,67,63,80,79,79,78,78,78,78,78,53,53,51,51,49,46,46,70,30],"gold":243,"neow_bonus":"BOSS_RELIC","is_prod":false,"is_daily":false,"chose_seed":false,"campfire_upgraded":2,"win_rate":0,"timestamp":1554159743,"path_taken":["M","?","?","M","M","R","E","?","T","?","?","M","?","M","R","BOSS","M","M","M","?","?","E","R","E","T","?","R","M","R","E","R","BOSS","M","$","M","?","?","R","E","M","T","?","R","M","M","?","R","BOSS"],"build_version":"2019-01-23","purchased_purges":0,"victory":true,"max_hp_per_floor":[75,80,80,80,80,80,80,80,80,80,80,80,80,80,80,80,80,80,80,80,80,80,80,80,80,80,80,80,80,80,80,80,80,80,80,80,80,80,80,80,80,80,80,80,80,80,80,80,80,80],"card_choices":[{"not_picked":["Leap","Skim"],"picked":"Capacitor","floor":1.0},{"not_picked":["Reprogram","Undo"],"picked":"Storm","floor":4.0},{"not_picked":["Scrape","Reprogram","Go for the Eyes"],"picked":"SKIP","floor":5.0},{"not_picked":["Compile Driver","White Noise"],"picked":"Doom and Gloom","floor":7.0},{"not_picked":["Compile Driver","Barrage","Blizzard"],"picked":"SKIP","floor":11.0},{"not_picked":["Redo","Steam","Streamline"],"picked":"SKIP","floor":12.0},{"not_picked":["Ball Lightning","Coolheaded"],"picked":"Leap","floor":14.0},{"not_picked":["Echo Form","Electrodynamics"],"picked":"Meteor Strike","floor":16.0},{"not_picked":["Go for the Eyes+1","Ball Lightning"],"picked":"Glacier+1","floor":18.0},{"not_picked":["Hologram+1","Gash"],"picked":"Conserve Battery","floor":19.0},{"not_picked":["Reprogram","Undo+1","Turbo"],"picked":"SKIP","floor":20.0},{"not_picked":["Coolheaded","Gash"],"picked":"Electrodynamics","floor":23.0},{"not_picked":["Beam Cell+1","Aggregate","Streamline","Chaos"],"picked":"SKIP","floor":25.0},{"not_picked":["Loop","Conserve Battery","Aggregate"],"picked":"Leap","floor":27.0},{"not_picked":["Cold Snap+1","Recycle+1","Aggregate+1"],"picked":"Rebound+1","floor":29.0},{"not_picked":["Ball Lightning","Sweeping Beam+1","Steam"],"picked":"Buffer","floor":31.0},{"not_picked":["Reboot","Multi-Cast","Thunder Strike"],"picked":"Echo Form","floor":33.0},{"not_picked":["Coolheaded+1","Streamline","Beam Cell+1"],"picked":"Hologram+1","floor":35.0},{"not_picked":["Scrape","Steam Power","Self Repair+1","Cold Snap+1"],"picked":"SKIP","floor":37.0},{"not_picked":["Go for the Eyes","Streamline","Compile Driver+1"],"picked":"Conserve Battery","floor":41.0},{"not_picked":["Barrage","Ball Lightning+1","Rebound+1"],"picked":"Stack","floor":42.0},{"not_picked":["Conserve Battery+1","Gash","Recycle"],"picked":"Stack","floor":44.0},{"not_picked":["Undo","Cold Snap","Redo+1","Loop+1"],"picked":"SKIP","floor":46.0},{"not_picked":["Skim","Machine Learning+1","Aggregate+1","Reprogram+1"],"picked":"SKIP","floor":47.0},{"not_picked":["Impatience","Discovery","Swift Strike"],"picked":"Panacea","floor":48.0}],"player_experience":242956,"relics_obtained":[{"floor":7.0,"key":"Whetstone"},{"floor":9.0,"key":"Omamori"},{"floor":23.0,"key":"Question Card"},{"floor":25.0,"key":"Blue Candle"},{"floor":26.0,"key":"Meat on the Bone"},{"floor":27.0,"key":"Red Mask"},{"floor":31.0,"key":"Bottled Lightning"},{"floor":41.0,"key":"War Paint"},{"floor":43.0,"key":"Frozen Egg 2"}],"event_choices":[{"damage_healed":0.0,"max_hp_gain":5.0,"max_hp_loss":0.0,"gold_gain":0.0,"event_name":"Big Fish","player_choice":"Donut","floor":2.0,"gold_loss":0.0,"damage_taken":0.0},{"damage_healed":0.0,"max_hp_gain":0.0,"max_hp_loss":0.0,"gold_gain":0.0,"event_name":"Golden Idol","player_choice":"Take Damage","floor":3.0,"gold_loss":0.0,"damage_taken":20.0,"relics_obtained":["Golden Idol"]},{"damage_healed":20.0,"max_hp_gain":0.0,"max_hp_loss":0.0,"gold_gain":0.0,"event_name":"The Cleric","player_choice":"Healed","floor":8.0,"gold_loss":35.0,"damage_taken":0.0},{"damage_healed":0.0,"max_hp_gain":0.0,"max_hp_loss":0.0,"gold_gain":0.0,"cards_transformed":["Strike_B"],"event_name":"Living Wall","player_choice":"Change","floor":13.0,"gold_loss":0.0,"damage_taken":0.0,"cards_obtained":["Ball Lightning"]},{"damage_healed":0.0,"max_hp_gain":0.0,"max_hp_loss":0.0,"gold_gain":0.0,"event_name":"Vampires","player_choice":"Ignored","floor":21.0,"gold_loss":0.0,"damage_taken":0.0},{"damage_healed":0.0,"max_hp_gain":0.0,"max_hp_loss":0.0,"gold_gain":0.0,"cards_transformed":["Strike_B","Defend_B"],"event_name":"Drug Dealer","player_choice":"Became Test Subject","floor":22.0,"gold_loss":0.0,"damage_taken":0.0,"cards_obtained":["Seek","Hello World"]},{"damage_healed":0.0,"max_hp_gain":0.0,"max_hp_loss":0.0,"gold_gain":0.0,"event_name":"Masked Bandits","player_choice":"Fought Bandits","floor":27.0,"gold_loss":0.0,"damage_taken":0.0},{"cards_removed":["Hello World"],"damage_healed":0.0,"max_hp_gain":0.0,"max_hp_loss":0.0,"gold_gain":0.0,"event_name":"Falling","player_choice":"Removed Power","floor":38.0,"gold_loss":0.0,"damage_taken":0.0},{"damage_healed":0.0,"max_hp_gain":0.0,"max_hp_loss":0.0,"gold_gain":0.0,"event_name":"The Woman in Blue","player_choice":"Bought 0 Potions","floor":39.0,"gold_loss":0.0,"damage_taken":0.0},{"damage_healed":0.0,"max_hp_gain":0.0,"max_hp_loss":0.0,"gold_gain":0.0,"event_name":"SensoryStone","player_choice":"Memory 1","floor":48.0,"gold_loss":0.0,"damage_taken":0.0}],"is_beta":false,"boss_relics":[{"not_picked":["Ectoplasm","Eternal Feather"],"picked":"Inserter"},{"not_picked":["White Beast Statue","Runic Pyramid"],"picked":"Lizard Tail"}],"items_purged_floors":[],"is_endless":false,"potions_floor_spawned":[4,12,16,19,23,25,42,46],"ascension_level":3}