{"gold_per_floor":[118,11,24,24,37,37,57,76,121,121,121,121,140,140,140,140],"floor_reached":16,"playtime":351,"items_purged":[],"score":179,"play_id":"81a316f3-e8f8-4229-abd5-51764f63d29e","local_time":"20181217150311","is_ascension_mode":true,"campfire_choices":[{"data":"Blade Dance","floor":6,"key":"SMITH"},{"data":"Cloak And Dagger","floor":10,"key":"SMITH"},{"data":"Neutralize","floor":15,"key":"SMITH"}],"neow_cost":"NONE","seed_source_timestamp":422295536645806,"circlet_count":0,"master_deck":["AscendersBane","Defend_G","Defend_G","Defend_G","Defend_G","Strike_G","Strike_G","Strike_G","Strike_G","Strike_G","Survivor","Neutralize+1","Flying Knee","Blade Dance+1","Swift Strike","PiercingWail","Blade Dance+1","Cloak And Dagger+1","Injury"],"relics":["Ring of the Snake","Anchor","Golden Idol"],"potions_floor_usage":[7,8,16],"damage_taken":[{"damage":0,"enemies":"Cultist","floor":1,"turns":3},{"damage":2,"enemies":"2 Louse","floor":3,"turns":2},{"damage":1,"enemies":"Small Slimes","floor":5,"turns":3},{"damage":20,"enemies":"Exordium Wildlife","floor":7,"turns":4},{"damage":0,"enemies":"Looter","floor":8,"turns":1},{"damage":1,"enemies":"2 Fungi Beasts","floor":13,"turns":3},{"damage":35,"enemies":"The Guardian","floor":16,"turns":9}],"seed_played":"7828256785633070488","potions_obtained":[{"floor":5,"key":"Explosive Potion"},{"floor":7,"key":"Explosive Potion"},{"floor":13,"key":"AttackPotion"}],"is_trial":false,"path_per_floor":["M","$","M","?","M","R","M","M","T","R","?","?","M","?","R","B"],"character_chosen":"THE_SILENT","items_purchased":["Swift Strike"],"campfire_rested":0,"item_purchase_floors":[2],"current_hp_per_floor":[59,59,57,57,56,56,36,36,36,36,36,36,35,35,35,0],"gold":140,"neow_bonus":"TRANSFORM_CARD","is_prod":false,"is_daily":false,"chose_seed":false,"campfire_upgraded":3,"win_rate":0,"timestamp":1545076991,"path_taken":["M","$","M","?","M","R","M","M","T","R","?","?","?","?","R","BOSS"],"build_version":"2018-12-13","purchased_purges":0,"victory":false,"max_hp_per_floor":[66,66,66,66,66,66,66,66,66,66,66,66,66,66,66,66],"card_choices":[{"not_picked":["Bane","Acrobatics"],"picked":"Blade Dance","floor":1},{"not_picked":["Tactician","Prepared"],"picked":"PiercingWail","floor":3},{"not_picked":["Quick Slash","Deadly Poison"],"picked":"Blade Dance","floor":5},{"not_picked":["Flying Knee","Underhanded Strike","Sucker Punch"],"picked":"SKIP","floor":7},{"not_picked":["Acrobatics","Deadly Poison"],"picked":"Cloak And Dagger","floor":8},{"not_picked":["Sucker Punch","Catalyst","Eviscerate"],"picked":"SKIP","floor":13}],"player_experience":782616,"relics_obtained":[{"floor":9,"key":"Anchor"}],"event_choices":[{"damage_healed":0,"gold_gain":0,"player_choice":"Grow","damage_taken":0,"max_hp_gain":0,"max_hp_loss":0,"event_name":"Living Wall","floor":4,"gold_loss":0,"cards_upgraded":["Blade Dance"]},{"damage_healed":0,"gold_gain":0,"player_choice":"Ignored","damage_taken":0,"max_hp_gain":0,"max_hp_loss":0,"event_name":"Golden Wing","floor":11,"gold_loss":0},{"damage_healed":0,"gold_gain":0,"player_choice":"Take Wound","damage_taken":0,"relics_obtained":["Golden Idol"],"max_hp_gain":0,"max_hp_loss":0,"event_name":"Golden Idol","floor":12,"gold_loss":0,"cards_obtained":["Injury"]},{"damage_healed":0,"gold_gain":0,"player_choice":"Ignored","damage_taken":0,"max_hp_gain":0,"max_hp_loss":0,"event_name":"Shining Light","floor":14,"gold_loss":0}],"is_beta":false,"boss_relics":[],"items_purged_floors":[],"is_endless":false,"potions_floor_spawned":[5,7,13],"killed_by":"The Guardian","ascension_level":19}