{"gold_per_floor":[109,184,184,203,203,203,232,232,232,245,245,257,285,302,302,377,377,391,424,436,436,455,455,487,487,511,511,302,227,237,337,337,410,410,425,425,425,350,360,393,393,393,417,27,62,81,11,43,43,43,43,43,43,12,42,42],"floor_reached":57,"playtime":2794,"items_purged":["Defend_B"],"score":3328,"play_id":"7fbc80fb-db4d-454a-9e76-52693fc97b66","local_time":"20190507193641","is_ascension_mode":true,"campfire_choices":[{"data":"Zap","floor":6.0,"key":"SMITH"},{"data":"Chaos","floor":8.0,"key":"SMITH"},{"data":"Dualcast","floor":11.0,"key":"SMITH"},{"floor":15.0,"key":"REST"},{"data":"Coolheaded","floor":23.0,"key":"SMITH"},{"data":"Turbo","floor":25.0,"key":"SMITH"},{"data":"Recycle","floor":32.0,"key":"SMITH"},{"data":"Defragment","floor":42.0,"key":"SMITH"},{"floor":49.0,"key":"RECALL"},{"data":"Capacitor","floor":53.0,"key":"SMITH"}],"neow_cost":"NONE","seed_source_timestamp":0,"circlet_count":0,"master_deck":["AscendersBane","Zap+1","Dualcast+1","Consume+1","FTL+1","Skim+1","Turbo+1","Ball Lightning+1","Thunder Strike+1","Chaos+1","Auto Shields+1","Coolheaded+1","Heatsinks+1","Electrodynamics+1","White Noise+1","Compile Driver+1","Hologram+1","Meteor Strike+1","Clumsy","Fusion+1","Recycle+1","Sunder+1","Compile Driver+1","Storm+1","Seek+1","Turbo+1","Defragment+1","Melter","Clumsy","All For One","Capacitor+1","Coolheaded","Loop","Coolheaded+1"],"special_seed":0,"relics":["Astrolabe","Blood Vial","The Courier","Strawberry","Cursed Key","Red Mask","Smiling Mask","Pen Nib","FossilizedHelix","Mummified Hand","Eternal Feather","Mark of the Bloom","Orichalcum","Bottled Tornado","ClockworkSouvenir","Turnip","Ice Cream","Gremlin Horn"],"potions_floor_usage":[56,56],"damage_taken":[{"damage":8.0,"enemies":"2 Louse","floor":1.0,"turns":3.0},{"damage":4.0,"enemies":"Small Slimes","floor":4.0,"turns":3.0},{"damage":20.0,"enemies":"Lagavulin","floor":7.0,"turns":6.0},{"damage":0.0,"enemies":"Cultist","floor":10.0,"turns":3.0},{"damage":6.0,"enemies":"Looter","floor":12.0,"turns":4.0},{"damage":8.0,"enemies":"3 Sentries","floor":13.0,"turns":5.0},{"damage":17.0,"enemies":"Lots of Slimes","floor":14.0,"turns":4.0},{"damage":13.0,"enemies":"The Guardian","floor":16.0,"turns":9.0},{"damage":27.0,"enemies":"Shell Parasite","floor":18.0,"turns":6.0},{"damage":7.0,"enemies":"Masked Bandits","floor":19.0,"turns":2.0},{"damage":0.0,"enemies":"3 Byrds","floor":20.0,"turns":2.0},{"damage":10.0,"enemies":"3 Cultists","floor":22.0,"turns":3.0},{"damage":0.0,"enemies":"Gremlin Leader","floor":24.0,"turns":5.0},{"damage":0.0,"enemies":"Sentry and Sphere","floor":30.0,"turns":3.0},{"damage":1.0,"enemies":"Colosseum Slavers","floor":31.0,"turns":4.0},{"damage":15.0,"enemies":"Colosseum Nobs","floor":31.0,"turns":3.0},{"damage":0.0,"enemies":"Champ","floor":33.0,"turns":7.0},{"damage":2.0,"enemies":"3 Shapes","floor":35.0,"turns":4.0},{"damage":8.0,"enemies":"3 Darklings","floor":39.0,"turns":2.0},{"damage":0.0,"enemies":"Reptomancer","floor":40.0,"turns":2.0},{"damage":0.0,"enemies":"Nemesis","floor":45.0,"turns":3.0},{"damage":0.0,"enemies":"Spire Growth","floor":46.0,"turns":2.0},{"damage":0.0,"enemies":"Reptomancer","floor":48.0,"turns":2.0},{"damage":0.0,"enemies":"Donu and Deca","floor":50.0,"turns":2.0},{"damage":0.0,"enemies":"Awakened One","floor":51.0,"turns":5.0},{"damage":38.0,"enemies":"Shield and Spear","floor":55.0,"turns":3.0},{"damage":15,"enemies":"The Heart","floor":56,"turns":7}],"seed_played":"8318245206617009330","potions_obtained":[{"floor":1.0,"key":"Explosive Potion"},{"floor":7.0,"key":"AttackPotion"},{"floor":14.0,"key":"Weak Potion"},{"floor":18.0,"key":"Explosive Potion"},{"floor":19.0,"key":"FearPotion"},{"floor":24.0,"key":"PowerPotion"},{"floor":35.0,"key":"LiquidBronze"},{"floor":45.0,"key":"SpeedPotion"},{"floor":55.0,"key":"Block Potion"}],"is_trial":false,"path_per_floor":["M","?","?","M","?","R","E","R","T","M","R","M","E","M","R","B",null,"M","?","M","?","M","R","E","R","T","?","$","?","M","?","R","B",null,"M","?","?","?","M","E","?","R","T","$","E","M","$","E","R","B","B",null,"R","$","E","B",null],"character_chosen":"DEFECT","items_purchased":["Fusion","Recycle","Sunder","Bottled Tornado","ClockworkSouvenir","Capacitor","Loop"],"campfire_rested":1,"item_purchase_floors":[28,28,28,44,44,47,54],"current_hp_per_floor":[56,45,45,41,41,41,21,21,21,23,23,19,20,5,28,17,63,38,33,35,35,27,27,29,29,29,29,29,29,31,19,19,21,64,64,64,64,64,56,56,56,56,56,56,56,56,56,56,56,56,56,56,56,56,18,3],"gold":42,"neow_bonus":"BOSS_RELIC","is_prod":false,"is_daily":false,"chose_seed":false,"campfire_upgraded":8,"win_rate":0,"timestamp":1557229001,"path_taken":["M","?","?","M","?","R","E","R","T","M","R","M","E","?","R","BOSS","M","?","M","?","?","R","E","R","T","?","$","?","M","?","R","BOSS","M","?","?","?","?","E","?","R","T","$","E","M","?","E","R","BOSS","BOSS","R","$","E","BOSS"],"build_version":"2019-01-23","purchased_purges":1,"victory":true,"max_hp_per_floor":[71,71,71,71,71,71,71,71,71,71,71,71,78,78,78,78,78,78,78,78,78,78,78,78,78,78,78,78,78,78,78,78,78,78,78,78,78,78,78,78,74,74,74,74,74,74,74,74,74,74,74,74,74,74,74,74],"card_choices":[{"not_picked":["Reinforced Body","Beam Cell"],"picked":"Turbo","floor":1.0},{"not_picked":["Sweeping Beam","Self Repair"],"picked":"Ball Lightning","floor":4.0},{"not_picked":["Amplify","Machine Learning"],"picked":"Chaos","floor":7.0},{"not_picked":["Static Discharge","Gash"],"picked":"Auto Shields","floor":10.0},{"not_picked":["Genetic Algorithm","Hologram"],"picked":"Coolheaded","floor":12.0},{"not_picked":["Turbo","Rebound","Go for the Eyes"],"picked":"SKIP","floor":13.0},{"not_picked":["Cold Snap","Streamline"],"picked":"Heatsinks","floor":14.0},{"not_picked":["Seek","Fission"],"picked":"Electrodynamics","floor":16.0},{"not_picked":["Streamline","Lockon"],"picked":"Cold Snap+1","floor":18.0},{"not_picked":["Reinforced Body","Sweeping Beam"],"picked":"White Noise","floor":19.0},{"not_picked":["Melter","Redo"],"picked":"Compile Driver","floor":20.0},{"not_picked":["Darkness","Genetic Algorithm"],"picked":"Hologram","floor":22.0},{"not_picked":["Electrodynamics","Ball Lightning"],"picked":"Meteor Strike","floor":24.0},{"not_picked":["Barrage","Go for the Eyes"],"picked":"Compile Driver","floor":30.0},{"not_picked":["Ball Lightning","Fusion"],"picked":"Storm","floor":31.0},{"not_picked":["Buffer","Fission"],"picked":"Seek","floor":33.0},{"not_picked":["Gash","Fusion+1"],"picked":"Turbo+1","floor":35.0},{"not_picked":["Melter","Sweeping Beam","Steam"],"picked":"SKIP","floor":39.0},{"not_picked":["Conserve Battery","Leap","Redo"],"picked":"SKIP","floor":40.0},{"not_picked":["Reprogram+1","Steam"],"picked":"All For One","floor":45.0},{"not_picked":["Lockon","Steam","Redo"],"picked":"SKIP","floor":46.0},{"not_picked":["Turbo","Gash"],"picked":"Coolheaded","floor":48.0},{"not_picked":["Sweeping Beam","Hologram"],"picked":"Coolheaded+1","floor":55.0}],"player_experience":1585431,"relics_obtained":[{"floor":7.0,"key":"Blood Vial"},{"floor":9.0,"key":"The Courier"},{"floor":13.0,"key":"Strawberry"},{"floor":19.0,"key":"Red Mask"},{"floor":24.0,"key":"Smiling Mask"},{"floor":26.0,"key":"Pen Nib"},{"floor":31.0,"key":"FossilizedHelix"},{"floor":31.0,"key":"Mummified Hand"},{"floor":40.0,"key":"Orichalcum"},{"floor":45.0,"key":"Turnip"},{"floor":48.0,"key":"Ice Cream"},{"floor":55.0,"key":"Gremlin Horn"}],"event_choices":[{"damage_healed":0.0,"max_hp_gain":0.0,"max_hp_loss":0.0,"gold_gain":75.0,"event_name":"World of Goop","player_choice":"Gather Gold","floor":2.0,"gold_loss":0.0,"damage_taken":11.0},{"damage_healed":0.0,"max_hp_gain":0.0,"max_hp_loss":0.0,"gold_gain":0.0,"event_name":"Liars Game","player_choice":"Ignored","floor":3.0,"gold_loss":0.0,"damage_taken":0.0},{"damage_healed":0.0,"max_hp_gain":0.0,"max_hp_loss":0.0,"gold_gain":0.0,"cards_transformed":["Strike_B"],"event_name":"Transmorgrifier","player_choice":"Transformed","floor":5.0,"gold_loss":0.0,"damage_taken":0.0,"cards_obtained":["Thunder Strike"]},{"damage_healed":0.0,"max_hp_gain":0.0,"max_hp_loss":0.0,"gold_gain":0.0,"event_name":"Masked Bandits","player_choice":"Fought Bandits","floor":19.0,"gold_loss":0.0,"damage_taken":0.0},{"cards_removed":["Defend_B"],"damage_healed":0.0,"max_hp_gain":0.0,"max_hp_loss":0.0,"gold_gain":0.0,"event_name":"Purifier","player_choice":"Purged","floor":21.0,"gold_loss":0.0,"damage_taken":0.0},{"damage_healed":0.0,"max_hp_gain":0.0,"max_hp_loss":0.0,"gold_gain":0.0,"event_name":"Cursed Tome","player_choice":"Ignored","floor":27.0,"gold_loss":0.0,"damage_taken":0.0},{"cards_removed":["Defend_B"],"damage_healed":0.0,"max_hp_gain":0.0,"max_hp_loss":0.0,"gold_gain":0.0,"event_name":"Beggar","player_choice":"Gave Gold","floor":29.0,"gold_loss":75.0,"damage_taken":0.0},{"damage_healed":0.0,"max_hp_gain":0.0,"max_hp_loss":0.0,"gold_gain":0.0,"event_name":"Colosseum","player_choice":"Fight","floor":31.0,"gold_loss":0.0,"damage_taken":0.0},{"damage_healed":0.0,"max_hp_gain":0.0,"max_hp_loss":0.0,"gold_gain":0.0,"event_name":"Colosseum","player_choice":"Fought Nobs","floor":31.0,"gold_loss":0.0,"damage_taken":0.0},{"damage_healed":0.0,"max_hp_gain":0.0,"max_hp_loss":0.0,"gold_gain":0.0,"event_name":"MindBloom","player_choice":"Upgrade","floor":36.0,"gold_loss":0.0,"damage_taken":0.0,"cards_upgraded":["Defend_B","Ball Lightning","Thunder Strike","Auto Shields","Heatsinks","Electrodynamics","White Noise","Compile Driver","Hologram","Meteor Strike","Fusion","Sunder","Compile Driver","Storm","Seek"],"relics_obtained":["Mark of the Bloom"]},{"damage_healed":0.0,"max_hp_gain":0.0,"max_hp_loss":0.0,"gold_gain":0.0,"event_name":"SensoryStone","player_choice":"Memory 1","floor":37.0,"gold_loss":0.0,"damage_taken":0.0},{"damage_healed":0.0,"max_hp_gain":0.0,"max_hp_loss":0.0,"gold_gain":0.0,"cards_transformed":["Defend_B","Cold Snap"],"event_name":"Designer","player_choice":"Transformed Cards","floor":38.0,"gold_loss":75.0,"damage_taken":0.0,"cards_obtained":["Defragment","Melter"]},{"damage_healed":0.0,"max_hp_gain":0.0,"max_hp_loss":4.0,"gold_gain":0.0,"event_name":"Winding Halls","player_choice":"Max HP","floor":41.0,"gold_loss":0.0,"damage_taken":0.0}],"is_beta":false,"boss_relics":[{"not_picked":["Busted Crown","Ectoplasm"],"picked":"Cursed Key"},{"not_picked":["Lizard Tail","Snecko Eye"],"picked":"Eternal Feather"}],"items_purged_floors":[28],"is_endless":false,"potions_floor_spawned":[1,7,14,18,19,24,31,35,45,46,48,55],"ascension_level":20}