{"gold_per_floor":[116,116,116,135,145,145,157,177,177,189,67,67],"floor_reached":12,"playtime":264,"items_purged":["Strike_B"],"score":72,"play_id":"7f49ec8b-4a56-4751-a282-1417936c4c72","local_time":"20180716165559","is_ascension_mode":false,"campfire_choices":[{"data":"Zap","floor":6,"key":"SMITH"}],"neow_cost":"NONE","seed_source_timestamp":113796599763774,"circlet_count":0,"master_deck":["Strike_B","Strike_B","Strike_B","Defend_B","Defend_B","Defend_B","Defend_B","Zap+1","Dualcast","Defragment","Meteor Strike","Compile Driver","FTL","Redo"],"relics":["Inserter","Question Card","Matryoshka"],"potions_floor_usage":[7,8,12],"damage_taken":[{"damage":2,"enemies":"2 Louse","floor":1,"turns":4},{"damage":10,"enemies":"Cultist","floor":4,"turns":5},{"damage":6,"enemies":"Jaw Worm","floor":5,"turns":3},{"damage":11,"enemies":"Exordium Wildlife","floor":7,"turns":3},{"damage":28,"enemies":"Exordium Thugs","floor":8,"turns":4},{"damage":11,"enemies":"Red Slaver","floor":10,"turns":3},{"damage":8,"enemies":"3 Louse","floor":12,"turns":2}],"seed_played":"132986067001556404","potions_obtained":[{"floor":1,"key":"PowerPotion"},{"floor":7,"key":"Energy Potion"},{"floor":10,"key":"GamblersBrew"}],"is_trial":false,"path_per_floor":["M","?","T","M","M","R","M","M","T","M","$"],"character_chosen":"DEFECT","items_purchased":["Redo"],"campfire_rested":0,"item_purchase_floors":[11],"current_hp_per_floor":[73,73,73,63,57,57,46,18,18,7,7,0],"gold":67,"neow_bonus":"BOSS_RELIC","is_prod":false,"is_daily":false,"chose_seed":false,"campfire_upgraded":1,"win_rate":0,"timestamp":1531731359,"path_taken":["M","?","?","?","M","R","M","M","T","M","?","M"],"build_version":"2018-07-12","purchased_purges":1,"victory":false,"max_hp_per_floor":[75,75,75,75,75,75,75,75,75,75,75,75],"card_choices":[{"not_picked":["Streamline","Cold Snap"],"picked":"Defragment","floor":1},{"not_picked":["Redo","Storm","Stack","Glacier"],"picked":"SKIP","floor":4},{"not_picked":["Streamline","Melter","Turbo","Reinforced Body"],"picked":"SKIP","floor":5},{"not_picked":["Cold Snap","Reprogram","Amplify"],"picked":"Compile Driver","floor":7},{"not_picked":["Rebound","Turbo","Gash","Steam"],"picked":"SKIP","floor":8},{"not_picked":["Stack","Go for the Eyes","Darkness"],"picked":"FTL","floor":10}],"player_experience":300703,"relics_obtained":[{"floor":3,"key":"Question Card"},{"floor":9,"key":"Matryoshka"}],"event_choices":[{"event_name":"Match and Keep!","player_choice":"1 cards matched","floor":2,"damage_taken":0}],"boss_relics":[],"items_purged_floors":[11],"is_endless":false,"potions_floor_spawned":[1,7,10],"killed_by":"3 Louse","ascension_level":0}