{"gold_per_floor":[116,216,229,243,51,51,79,95,147,147,161,173,173,183,183,287,287,305,319,319,319],"floor_reached":21,"playtime":1259,"items_purged":[],"score":183,"play_id":"1fe791c8-ab27-4dec-8a78-cf62d6bf71ec","local_time":"20190429150244","is_ascension_mode":false,"campfire_choices":[{"data":"Predator","floor":6.0,"key":"SMITH"},{"floor":15,"key":"REST"}],"neow_cost":"NONE","seed_source_timestamp":0,"circlet_count":0,"master_deck":["Defend_G","Defend_G","Defend_G","Defend_G","Defend_G","Strike_G","Strike_G","Strike_G","Strike_G","Strike_G","Survivor","Neutralize+1","Predator+1","Endless Agony","Backstab","Venomology","Infinite Blades","Choke+1","Bouncing Flask","Catalyst","Expertise","Noxious Fumes","Night Terror","Outmaneuver","Terror","Flying Knee","Doppelganger","Crippling Poison","Dagger Spray+1","Endless Agony"],"special_seed":0,"relics":["Ring of the Snake","Darkstone Periapt","Lantern","Orrery","Omamori"],"potions_floor_usage":[16,16,16,18,18],"damage_taken":[{"damage":2.0,"enemies":"Small Slimes","floor":1.0,"turns":4.0},{"damage":0.0,"enemies":"Cultist","floor":3.0,"turns":3.0},{"damage":4.0,"enemies":"2 Louse","floor":4.0,"turns":2.0},{"damage":1.0,"enemies":"3 Sentries","floor":7.0,"turns":2.0},{"damage":2.0,"enemies":"Looter","floor":8.0,"turns":3.0},{"damage":9.0,"enemies":"2 Fungi Beasts","floor":11.0,"turns":2.0},{"damage":1.0,"enemies":"3 Louse","floor":12.0,"turns":2.0},{"damage":16.0,"enemies":"Large Slime","floor":14.0,"turns":4.0},{"damage":30,"enemies":"The Guardian","floor":16,"turns":6},{"damage":61,"enemies":"3 Byrds","floor":18,"turns":6},{"damage":17,"enemies":"Shell Parasite","floor":19,"turns":3}],"seed_played":"2710193209231401406","potions_obtained":[{"floor":1.0,"key":"SteroidPotion"},{"floor":4.0,"key":"SkillPotion"},{"floor":11.0,"key":"Strength Potion"},{"floor":12.0,"key":"Strength Potion"}],"is_trial":false,"path_per_floor":["M","?","M","M","$","R","E","M","T","?","M","M","?","M","R","B",null,"M","M","?","?"],"character_chosen":"THE_SILENT","items_purchased":["Venomology","Infinite Blades"],"campfire_rested":1,"item_purchase_floors":[5,5],"current_hp_per_floor":[68,68,68,64,64,64,63,61,61,61,52,51,51,35,56,26,70,19,2,2,0],"gold":319,"neow_bonus":"UPGRADE_CARD","is_prod":false,"is_daily":false,"chose_seed":false,"campfire_upgraded":1,"win_rate":0.0,"timestamp":1556564564,"path_taken":["M","?","M","M","?","R","E","M","T","?","M","M","?","M","R","BOSS","M","M","?","?"],"build_version":"2019-01-23","purchased_purges":0,"victory":false,"max_hp_per_floor":[70,70,70,70,70,70,70,70,70,70,70,70,70,70,70,70,70,70,70,70,70],"card_choices":[{"not_picked":["Caltrops","Poisoned Stab"],"picked":"Predator","floor":1.0},{"not_picked":["Cloak And Dagger","All Out Attack"],"picked":"Endless Agony","floor":3.0},{"not_picked":["Dodge and Roll","Bane"],"picked":"Backstab","floor":4.0},{"not_picked":["Underhanded Strike","Infinite Blades"],"picked":"Choke","floor":7.0},{"not_picked":["Deflect","Prepared"],"picked":"Bouncing Flask","floor":8.0},{"not_picked":["Choke","Backflip"],"picked":"Catalyst","floor":11.0},{"not_picked":["Sucker Punch","Flying Knee"],"picked":"Expertise","floor":12.0},{"not_picked":["Crippling Poison","Cloak And Dagger"],"picked":"Noxious Fumes","floor":14.0},{"not_picked":["Unload","Venomology"],"picked":"Night Terror","floor":16},{"not_picked":["Sucker Punch","Dagger Spray"],"picked":"Outmaneuver","floor":17},{"not_picked":["All Out Attack","Accuracy"],"picked":"Terror","floor":17},{"not_picked":["Dagger Throw","Dagger Spray"],"picked":"Flying Knee","floor":17},{"not_picked":["Backstab","Accuracy"],"picked":"Doppelganger","floor":17},{"not_picked":["Infinite Blades","Eviscerate"],"picked":"Crippling Poison","floor":17},{"not_picked":["Sucker Punch","Deflect"],"picked":"Dagger Spray+1","floor":18},{"not_picked":["Dagger Throw","Deadly Poison"],"picked":"Endless Agony","floor":19}],"player_experience":30090,"relics_obtained":[{"floor":7.0,"key":"Darkstone Periapt"},{"floor":9.0,"key":"Lantern"}],"event_choices":[{"damage_healed":0.0,"max_hp_gain":0.0,"max_hp_loss":0.0,"gold_gain":100.0,"event_name":"Golden Shrine","player_choice":"Pray","floor":2.0,"gold_loss":0.0,"damage_taken":0.0},{"damage_healed":0.0,"max_hp_gain":0.0,"max_hp_loss":0.0,"gold_gain":0.0,"event_name":"Liars Game","player_choice":"Ignored","floor":10.0,"gold_loss":0.0,"damage_taken":0.0},{"damage_healed":0.0,"max_hp_gain":0.0,"max_hp_loss":0.0,"gold_gain":0.0,"event_name":"Living Wall","player_choice":"Grow","floor":13.0,"gold_loss":0.0,"damage_taken":0.0,"cards_upgraded":["Choke"]},{"damage_healed":0,"gold_gain":0,"player_choice":"Opened","damage_taken":0,"relics_obtained":["Omamori"],"max_hp_gain":0,"max_hp_loss":0,"event_name":"The Mausoleum","floor":20,"gold_loss":0}],"is_beta":false,"boss_relics":[{"not_picked":["Philosopher\u0027s Stone","Empty Cage"],"picked":"Orrery"}],"items_purged_floors":[],"is_endless":false,"potions_floor_spawned":[1,4,11,12,14],"ascension_level":0}