{"gold_per_floor":[110,126,145,164,177,177,177,209,209,209,284,309,108,108,108,206,206,218,118,318,417,433,433],"floor_reached":23,"playtime":703,"items_purged":["Strike_B","Strike_B"],"score":219,"play_id":"c1e79dc2-4aec-424f-9f3f-2fe3bb8b2d28","local_time":"20180712080241","is_ascension_mode":true,"campfire_choices":[{"data":"Double Energy","floor":6,"key":"SMITH"},{"data":"Tempest","floor":10,"key":"SMITH"},{"floor":15,"key":"REST"}],"neow_cost":"","seed_source_timestamp":7464184658222,"circlet_count":0,"master_deck":["Strike_B","Strike_B","Defend_B","Defend_B","Defend_B","Defend_B","Zap","Dualcast","Darkness","Tempest+1","Double Energy+1","Force Field","Machine Learning","Storm","Conserve Battery","Meteor Strike","Genetic Algorithm+1","Loop"],"relics":["FrozenCore","Dream Catcher","Meat on the Bone","Bronze Scales"],"potions_floor_usage":[12,12,12,23],"damage_taken":[{"damage":0,"enemies":"Cultist","floor":1,"turns":2},{"damage":0,"enemies":"2 Louse","floor":2,"turns":2},{"damage":4,"enemies":"Small Slimes","floor":3,"turns":3},{"damage":12,"enemies":"2 Fungi Beasts","floor":4,"turns":3},{"damage":12,"enemies":"3 Louse","floor":5,"turns":4},{"damage":27,"enemies":"3 Sentries","floor":8,"turns":7},{"damage":8,"enemies":"Lagavulin","floor":12,"turns":4},{"damage":48,"enemies":"The Guardian","floor":16,"turns":12},{"damage":20,"enemies":"Spheric Guardian","floor":18,"turns":4},{"damage":19,"enemies":"3 Byrds","floor":22,"turns":3},{"damage":73,"enemies":"Gremlin Leader","floor":23,"turns":6}],"seed_played":"-2028792163793071080","potions_obtained":[{"floor":2,"key":"Swift Potion"},{"floor":4,"key":"FocusPotion"},{"floor":5,"key":"Poison Potion"},{"floor":7,"key":"FocusPotion"},{"floor":22,"key":"Regen Potion"}],"is_trial":false,"path_per_floor":["M","M","M","M","M","R","?","E","T","R","?","E","$","?","R","B",null,"M","$","?","?","M"],"character_chosen":"DEFECT","items_purchased":["Storm","Conserve Battery"],"campfire_rested":1,"item_purchase_floors":[13,13],"current_hp_per_floor":[75,75,71,59,47,47,47,20,20,20,9,13,13,38,60,24,75,55,55,55,55,48,0],"gold":433,"neow_bonus":"","is_prod":false,"is_daily":false,"chose_seed":false,"campfire_upgraded":2,"win_rate":0,"timestamp":1531375361,"path_taken":["M","M","M","?","M","R","?","E","T","R","?","E","$","?","R","BOSS","M","$","?","?","?","E"],"build_version":"2018-07-10","purchased_purges":2,"victory":false,"max_hp_per_floor":[75,75,75,75,75,75,75,75,75,75,75,75,75,75,75,75,75,75,75,75,75,75,75],"card_choices":[{"not_picked":["Streamline","Hologram","Recycle"],"picked":"SKIP","floor":1},{"not_picked":["Ball Lightning","Static Discharge"],"picked":"Darkness","floor":2},{"not_picked":["Blizzard","Self Repair"],"picked":"Tempest","floor":3},{"not_picked":["Beam Cell","Go for the Eyes"],"picked":"Double Energy","floor":4},{"not_picked":["Redo","Aggregate","Beam Cell"],"picked":"SKIP","floor":5},{"not_picked":["Beam Cell","Turbo"],"picked":"Force Field","floor":8},{"not_picked":["Lockon","Double Energy"],"picked":"Machine Learning","floor":12},{"not_picked":["Thunder Strike","Core Surge"],"picked":"Meteor Strike","floor":16},{"not_picked":["Auto Shields+1","Streamline+1"],"picked":"Genetic Algorithm+1","floor":18},{"not_picked":["Recycle","Go for the Eyes"],"picked":"Loop","floor":22}],"player_experience":49386,"relics_obtained":[{"floor":8,"key":"Dream Catcher"},{"floor":9,"key":"Meat on the Bone"},{"floor":12,"key":"Bronze Scales"}],"event_choices":[{"event_name":"The Lab","player_choice":"Got Potions","floor":7,"damage_taken":0},{"event_name":"World of Goop","player_choice":"Gather Gold","floor":11,"damage_taken":0},{"event_name":"Big Fish","player_choice":"Banana","floor":14,"damage_taken":0},{"event_name":"The Joust","player_choice":"Bet on Owner","floor":20,"damage_taken":0},{"event_name":"Nest","player_choice":"Stole From Cult","floor":21,"damage_taken":0}],"boss_relics":[{"not_picked":["Black Star","Coffee Dripper"],"picked":"FrozenCore"}],"items_purged_floors":[13,19],"is_endless":false,"potions_floor_spawned":[2,4,5,22],"killed_by":"Gremlin Leader","ascension_level":2}