{"path_per_floor":["M","M","M","M","?","R","M","R","T","?","E","M","$","$","R","B",null,"M","?","M","M","$"],"character_chosen":"IRONCLAD","items_purchased":["Flex"],"gold_per_floor":[109,129,143,162,162,162,179,179,204,204,233,250,121,21,21,117,147,161,161,171,186,61,61],"floor_reached":23,"campfire_rested":1,"playtime":716,"current_hp_per_floor":[80,80,80,71,55,55,41,41,41,29,23,21,21,21,45,15,69,60,60,56,44,44,0],"items_purged":["Defend_R","Strike_R","Fire Breathing"],"gold":61,"score":241,"play_id":"ff4307c3-4a82-4320-a4ae-c8b6d2493909","local_time":"20180517160841","is_prod":false,"is_daily":false,"chose_seed":false,"is_ascension_mode":true,"campfire_upgraded":2,"timestamp":1526544521,"path_taken":["M","M","?","M","?","R","M","R","T","?","E","M","?","$","R","BOSS","M","?","?","M","$","E"],"build_version":"2018-05-10","seed_source_timestamp":196339556021515,"purchased_purges":3,"victory":false,"master_deck":["Strike_R","Strike_R+1","Strike_R","Defend_R","Defend_R","Defend_R","Bash+1","Pommel Strike+1","Flex+1","Sword Boomerang+1","Flex","Limit Break","Heavy Blade","Clash","Sword Boomerang+1"],"max_hp_per_floor":[80,80,80,80,80,80,80,80,80,80,80,80,80,80,80,80,85,85,85,85,85,85,85],"relics":["Burning Blood","Happy Flower","Pen Nib","Orichalcum","Tiny House"],"card_choices":[{"not_picked":["Bloodletting","Clothesline"],"picked":"Pommel Strike","floor":1},{"not_picked":["Perfected Strike","Anger"],"picked":"Flex","floor":2},{"not_picked":["Wild Strike","Uppercut"],"picked":"Sword Boomerang","floor":4},{"not_picked":["Feed","Fiend Fire"],"picked":"Limit Break","floor":16},{"not_picked":["Iron Wave","Feel No Pain"],"picked":"Heavy Blade","floor":17},{"not_picked":["Clothesline","Iron Wave"],"picked":"Clash","floor":20},{"not_picked":["Pummel","Wild Strike"],"picked":"Sword Boomerang","floor":21}],"player_experience":179942,"potions_floor_usage":[11,16,18,23],"damage_taken":[{"damage":1,"enemies":"Cultist","floor":1,"turns":3},{"damage":3,"enemies":"2 Louse","floor":2,"turns":2},{"damage":0,"enemies":"Small Slimes","floor":3,"turns":3},{"damage":15,"enemies":"3 Louse","floor":4,"turns":4},{"damage":20,"enemies":"Lots of Slimes","floor":7,"turns":4},{"damage":12,"enemies":"Gremlin Nob","floor":11,"turns":3},{"damage":8,"enemies":"Blue Slaver","floor":12,"turns":2},{"damage":36,"enemies":"The Guardian","floor":16,"turns":10},{"damage":15,"enemies":"2 Thieves","floor":18,"turns":3},{"damage":10,"enemies":"Shell Parasite","floor":20,"turns":3},{"damage":18,"enemies":"Snake Plant","floor":21,"turns":3},{"damage":48,"enemies":"Slavers","floor":23,"turns":3}],"event_choices":[{"event_name":"Shining Light","player_choice":"Entered Light","floor":5,"damage_taken":0},{"event_name":"Scrap Ooze","player_choice":"success","floor":10,"damage_taken":12},{"event_name":"Transmorgrifier","player_choice":"Transform","floor":19,"damage_taken":0}],"boss_relics":[{"not_picked":["Velvet Choker","Black Blood"],"picked":"Tiny House"}],"potions_floor_spawned":[1,4,7,16],"seed_played":"9063549476079449008","killed_by":"Slavers","ascension_level":5,"is_trial":false}