{"gold_per_floor":[119,119,119,119,119,148,148,163,241,261,273,289,304,338,338,338],"floor_reached":16,"playtime":1337,"items_purged":[],"score":112,"play_id":"79e3c984-0328-444d-b017-91183d5a3b9f","local_time":"20190415193948","is_ascension_mode":false,"campfire_choices":[{"data":"Infinite Blades","floor":7,"key":"SMITH"},{"floor":15,"key":"REST"}],"neow_cost":"NONE","seed_source_timestamp":421231417181794,"circlet_count":0,"master_deck":["Defend_G","Defend_G","Defend_G","Defend_G","Defend_G","Strike_G","Strike_G","Strike_G","Strike_G+1","Strike_G","Survivor","Neutralize+1","Infinite Blades+1","Blade Dance","Finisher","Outmaneuver","Heel Hook","Dodge and Roll","Leg Sweep","Backstab"],"relics":["Ring of the Snake","Happy Flower","Lantern","Anchor"],"potions_floor_usage":[],"damage_taken":[{"damage":3,"enemies":"Jaw Worm","floor":1,"turns":4},{"damage":24,"enemies":"Gremlin Nob","floor":6,"turns":5},{"damage":0,"enemies":"2 Louse","floor":8,"turns":2},{"damage":4,"enemies":"Cultist","floor":10,"turns":3},{"damage":1,"enemies":"Large Slime","floor":11,"turns":5},{"damage":2,"enemies":"Blue Slaver","floor":12,"turns":4},{"damage":1,"enemies":"Looter","floor":13,"turns":4},{"damage":8,"enemies":"Lagavulin","floor":14,"turns":6},{"damage":34,"enemies":"Slime Boss","floor":16,"turns":9}],"seed_played":"2536500717288723509","potions_obtained":[{"floor":6,"key":"Energy Potion"},{"floor":11,"key":"Energy Potion"},{"floor":14,"key":"FearPotion"}],"is_trial":false,"path_per_floor":["M","$","?","?","?","E","R","M","T","M","M","M","M","E","R","B"],"character_chosen":"THE_SILENT","items_purchased":[],"campfire_rested":1,"item_purchase_floors":[],"current_hp_per_floor":[74,74,71,56,49,25,25,25,25,21,20,18,17,9,32,0],"gold":338,"neow_bonus":"TEN_PERCENT_HP_BONUS","is_prod":false,"is_daily":false,"chose_seed":false,"campfire_upgraded":1,"win_rate":0,"timestamp":1555375188,"path_taken":["M","$","?","?","?","E","R","M","T","M","M","M","M","E","R","BOSS"],"build_version":"2019-01-23","purchased_purges":0,"victory":false,"max_hp_per_floor":[77,77,77,77,77,77,77,77,77,77,77,77,77,77,77,77],"card_choices":[{"not_picked":["Slice","Choke"],"picked":"Infinite Blades","floor":1},{"not_picked":["Dagger Throw","PiercingWail"],"picked":"Blade Dance","floor":6},{"not_picked":["Dagger Spray","Underhanded Strike"],"picked":"Finisher","floor":8},{"not_picked":["Choke","Concentrate"],"picked":"Outmaneuver","floor":10},{"not_picked":["Acrobatics","Dagger Spray"],"picked":"Heel Hook","floor":11},{"not_picked":["Choke","Flechettes"],"picked":"Dodge and Roll","floor":12},{"not_picked":["Eviscerate","Crippling Poison"],"picked":"Leg Sweep","floor":13},{"not_picked":["Quick Slash","Deflect"],"picked":"Backstab","floor":14}],"player_experience":197359,"relics_obtained":[{"floor":6,"key":"Lantern"},{"floor":14,"key":"Anchor"}],"event_choices":[{"damage_healed":0,"gold_gain":0,"player_choice":"Success","damage_taken":3,"relics_obtained":["Happy Flower"],"max_hp_gain":0,"max_hp_loss":0,"event_name":"Scrap Ooze","floor":3,"gold_loss":0},{"damage_healed":0,"gold_gain":0,"player_choice":"Entered Light","damage_taken":15,"max_hp_gain":0,"max_hp_loss":0,"event_name":"Shining Light","floor":4,"gold_loss":0,"cards_upgraded":["Strike_G","Neutralize"]},{"damage_healed":0,"gold_gain":0,"player_choice":"Damaged","damage_taken":7,"max_hp_gain":0,"max_hp_loss":0,"event_name":"Wheel of Change","floor":5,"gold_loss":0}],"is_beta":false,"boss_relics":[],"items_purged_floors":[],"is_endless":false,"potions_floor_spawned":[6,11,14],"killed_by":"Slime Boss","ascension_level":0}