{"gold_per_floor":[117,192,204,218,218,218,275,294,294,324,324,324,341,351,351,446,446,456,474,474],"floor_reached":20,"playtime":602,"items_purged":[],"score":233,"play_id":"a800a4bd-a478-437a-8a92-2db3234ec73f","local_time":"20180904200944","is_ascension_mode":true,"campfire_choices":[{"floor":6,"key":"REST"},{"floor":12,"key":"REST"},{"data":"Rip and Tear","floor":15,"key":"SMITH"}],"neow_cost":"TEN_PERCENT_HP_LOSS","seed_source_timestamp":0,"circlet_count":0,"master_deck":["Strike_B","Strike_B","Strike_B","Strike_B","Defend_B","Defend_B","Defend_B","Defend_B","Zap","Dualcast","Static Discharge","Ball Lightning","Consume","Steam","Compile Driver","Rip and Tear+1","Echo Form","Tempest+1"],"special_seed":0,"relics":["Cracked Core","Torii","Symbiotic Virus","Tiny Chest","Blue Candle","Pantograph","Bag of Preparation","Lizard Tail","Pen Nib"],"potions_floor_usage":[7,10,18],"damage_taken":[{"damage":1.0,"enemies":"Small Slimes","floor":1.0,"turns":3.0},{"damage":9.0,"enemies":"2 Louse","floor":3.0,"turns":2.0},{"damage":7.0,"enemies":"Jaw Worm","floor":4.0,"turns":3.0},{"damage":22,"enemies":"3 Sentries","floor":7,"turns":5},{"damage":1,"enemies":"Exordium Wildlife","floor":8,"turns":2},{"damage":16,"enemies":"Lagavulin","floor":10,"turns":5},{"damage":8,"enemies":"Lots of Slimes","floor":13,"turns":3},{"damage":12,"enemies":"Looter","floor":14,"turns":2},{"damage":23,"enemies":"The Guardian","floor":16,"turns":7},{"damage":23,"enemies":"2 Thieves","floor":18,"turns":4},{"damage":38,"enemies":"Chosen","floor":19,"turns":4}],"seed_played":"-458869989290212403","potions_obtained":[{"floor":1.0,"key":"Dexterity Potion"},{"floor":3.0,"key":"Regen Potion"},{"floor":8,"key":"EssenceOfSteel"},{"floor":16,"key":"Block Potion"}],"is_trial":false,"path_per_floor":["M","?","M","M","?","R","E","M","T","E","T","R","M","M","R","B",null,"M","M"],"character_chosen":"DEFECT","items_purchased":[],"campfire_rested":2,"item_purchase_floors":[],"current_hp_per_floor":[67,56,47,40,37,57,49,48,48,32,32,52,44,32,32,34,60,37,34,34],"gold":474,"neow_bonus":"ONE_RARE_RELIC","is_prod":false,"is_daily":false,"chose_seed":false,"campfire_upgraded":1,"win_rate":0,"timestamp":1536106184,"path_taken":["M","?","M","M","?","R","E","M","T","E","?","R","M","?","R","BOSS","M","M","?"],"build_version":"2018-08-30","purchased_purges":0,"victory":false,"max_hp_per_floor":[68,68,68,68,68,68,68,68,68,68,68,68,68,68,68,68,68,68,68,68],"card_choices":[{"not_picked":["Conserve Battery","Steam Power"],"picked":"Static Discharge","floor":1.0},{"not_picked":["Gash","Barrage"],"picked":"Ball Lightning","floor":3.0},{"not_picked":["Rebound","Go for the Eyes","Chaos"],"picked":"SKIP","floor":4},{"not_picked":["Recycle","Tempest"],"picked":"Consume","floor":7},{"not_picked":["Cold Snap","Aggregate","Streamline"],"picked":"SKIP","floor":8},{"not_picked":["Fusion","Steam Power"],"picked":"Steam","floor":10},{"not_picked":["Streamline","Barrage"],"picked":"Compile Driver","floor":13},{"not_picked":["Hologram","Ball Lightning"],"picked":"Rip and Tear","floor":14},{"not_picked":["Biased Cognition","Reboot"],"picked":"Echo Form","floor":16},{"not_picked":["Cold Snap","Steam","Force Field"],"picked":"SKIP","floor":18},{"not_picked":["Go for the Eyes","Stack"],"picked":"Tempest+1","floor":19}],"player_experience":508750,"relics_obtained":[{"floor":7,"key":"Tiny Chest"},{"floor":9,"key":"Blue Candle"},{"floor":10,"key":"Pantograph"},{"floor":11,"key":"Bag of Preparation"}],"event_choices":[{"event_name":"World of Goop","player_choice":"Gather Gold","floor":2.0,"damage_taken":0.0},{"event_name":"Scrap Ooze","player_choice":"success","floor":5,"damage_taken":3},{"event_name":"WeMeetAgain","player_choice":"Potion","floor":20,"damage_taken":0}],"is_beta":false,"boss_relics":[{"not_picked":["Velvet Choker","Fusion Hammer"],"picked":"Lizard Tail"}],"items_purged_floors":[],"is_endless":false,"potions_floor_spawned":[1,3,8,16],"ascension_level":5}