{"gold_per_floor":[109,109,109,38,57,87,111,111,111,130,148,148,118,130,130,227,227,243,255,170,197,229,241,253,265,277,289,301,326,338,364,376,489,501,532,216,216,73,86,86,66,66,66,78,92,123,135,153,153,153],"floor_reached":51,"playtime":3894,"items_purged":[],"score":679,"play_id":"7e68878b-dd18-4f76-8e65-8c2679eda5f7","local_time":"20190429104853","is_ascension_mode":false,"campfire_choices":[{"floor":12,"key":"REST"},{"data":"Armaments","floor":15,"key":"SMITH"},{"floor":23,"key":"REST"},{"data":"Armaments","floor":30,"key":"SMITH"},{"floor":32,"key":"REST"},{"data":"Metallicize","floor":40,"key":"SMITH"},{"data":"Reaper","floor":42,"key":"SMITH"},{"data":"Reaper","floor":49,"key":"SMITH"}],"neow_cost":"NONE","seed_source_timestamp":310551817895300,"circlet_count":0,"master_deck":["Strike_R+1","Strike_R+1","Strike_R+1","Strike_R+1","Strike_R+1","Defend_R+1","Defend_R+1","Defend_R+1","Defend_R+1","Bash","Metallicize+1","Rampage","Rage","Rage","Fire Breathing+1","Armaments+1","Reaper+1","Uppercut","Whirlwind","Bludgeon","Inflame+1","Disarm+1","Shrug It Off","RitualDagger","Pummel","Armaments+1","Iron Wave+1","Barricade+1","Entrench+1","Impervious+1","Sword Boomerang+1","Infernal Blade+1","Shrug It Off+1","Disarm","Uppercut+1","Reaper+1"],"relics":["Black Blood","Pen Nib","Thread and Needle","Sundial","Frozen Egg 2","Odd Mushroom","Magic Flower","Lizard Tail","MawBank","Ornamental Fan","Meat on the Bone","Blood Vial","Vajra","Bottled Flame"],"potions_floor_usage":[16,22,33,35,35,44,45,47,50],"damage_taken":[{"damage":5,"enemies":"2 Louse","floor":1,"turns":3},{"damage":0,"enemies":"Jaw Worm","floor":5,"turns":3},{"damage":33,"enemies":"Gremlin Nob","floor":6,"turns":5},{"damage":18,"enemies":"The Mushroom Lair","floor":7,"turns":6},{"damage":0,"enemies":"Small Slimes","floor":10,"turns":4},{"damage":9,"enemies":"3 Louse","floor":11,"turns":4},{"damage":0,"enemies":"Looter","floor":13,"turns":4},{"damage":5,"enemies":"Blue Slaver","floor":14,"turns":4},{"damage":51,"enemies":"Hexaghost","floor":16,"turns":11},{"damage":32,"enemies":"2 Thieves","floor":18,"turns":5},{"damage":7,"enemies":"Shell Parasite","floor":19,"turns":8},{"damage":43,"enemies":"Centurion and Healer","floor":21,"turns":10},{"damage":47,"enemies":"3 Cultists","floor":22,"turns":6},{"damage":15,"enemies":"Chosen and Byrds","floor":29,"turns":8},{"damage":19,"enemies":"Snecko","floor":31,"turns":5},{"damage":45,"enemies":"Champ","floor":33,"turns":15},{"damage":42,"enemies":"Orb Walker","floor":35,"turns":8},{"damage":35,"enemies":"3 Shapes","floor":39,"turns":7},{"damage":49,"enemies":"Spire Growth","floor":44,"turns":7},{"damage":36,"enemies":"Transient","floor":45,"turns":5},{"damage":110,"enemies":"Reptomancer","floor":46,"turns":12},{"damage":51,"enemies":"Sphere and 2 Shapes","floor":47,"turns":7},{"damage":53,"enemies":"Jaw Worm Horde","floor":48,"turns":7},{"damage":61,"enemies":"Time Eater","floor":50,"turns":23}],"seed_played":"-6646989272684546132","potions_obtained":[{"floor":5,"key":"Swift Potion"},{"floor":6,"key":"FearPotion"},{"floor":10,"key":"FairyPotion"},{"floor":16,"key":"Block Potion"},{"floor":22,"key":"Weak Potion"},{"floor":33,"key":"SpeedPotion"},{"floor":39,"key":"SteroidPotion"},{"floor":41,"key":"Strength Potion"},{"floor":44,"key":"Energy Potion"},{"floor":48,"key":"Energy Potion"}],"is_trial":false,"path_per_floor":["M","?","T","$","M","E","?","?","T","M","M","R","M","M","R","B",null,"M","M","?","M","M","R","?","?","T","?","?","M","R","M","R","B",null,"M","$","?","$","M","R","?","R","T","M","M","E","M","M","R","B",null],"character_chosen":"IRONCLAD","items_purchased":["Rampage","Meat on the Bone","Impervious","Blood Vial"],"campfire_rested":3,"item_purchase_floors":[4,36,36,38],"current_hp_per_floor":[80,68,68,68,74,47,35,35,35,44,44,68,77,80,80,47,80,63,77,77,43,28,52,78,72,72,72,72,75,75,65,80,44,80,53,53,53,53,60,60,60,60,60,61,61,75,60,63,63,61],"gold":153,"neow_bonus":"RANDOM_COMMON_RELIC","is_prod":false,"is_daily":false,"chose_seed":false,"campfire_upgraded":5,"win_rate":0.0,"timestamp":1556549333,"path_taken":["M","?","?","$","M","E","?","?","T","M","M","R","M","M","R","BOSS","M","M","?","M","M","R","?","?","T","?","?","?","R","M","R","BOSS","M","$","?","?","M","R","?","R","T","M","M","E","?","M","R","BOSS"],"build_version":"2019-01-23","purchased_purges":0,"victory":true,"max_hp_per_floor":[80,80,80,80,80,80,80,80,80,80,80,80,80,80,80,80,80,80,80,80,80,80,80,80,80,80,80,80,80,80,80,80,80,80,80,80,80,80,80,80,80,80,80,80,80,80,80,80,80,80],"card_choices":[{"not_picked":["Anger","Warcry"],"picked":"Metallicize","floor":1},{"not_picked":["Shrug It Off","True Grit"],"picked":"Rage","floor":5},{"not_picked":["Shrug It Off","Battle Trance"],"picked":"Rage","floor":6},{"not_picked":["Cleave","Body Slam"],"picked":"Fire Breathing+1","floor":7},{"not_picked":["Burning Pact","Pommel Strike"],"picked":"Armaments","floor":10},{"not_picked":["Carnage","Corruption+1"],"picked":"Reaper","floor":11},{"not_picked":["Cleave","Flex"],"picked":"Uppercut","floor":13},{"not_picked":["Shrug It Off","Burning Pact"],"picked":"Whirlwind","floor":14},{"not_picked":["Fiend Fire","Offering"],"picked":"Bludgeon","floor":16},{"not_picked":["Cleave","Blood for Blood+1"],"picked":"Inflame+1","floor":18},{"not_picked":["Perfected Strike+1","Combust+1"],"picked":"Entrench","floor":19},{"not_picked":["Dropkick","Hemokinesis"],"picked":"Disarm+1","floor":21},{"not_picked":["Cleave","Thunderclap"],"picked":"Shrug It Off","floor":22},{"not_picked":["Thunderclap","Pommel Strike"],"picked":"Armaments","floor":29},{"not_picked":["Rupture+1","Fire Breathing+1"],"picked":"Iron Wave+1","floor":31},{"not_picked":["Brutality+1","Feed"],"picked":"Barricade+1","floor":33},{"not_picked":["Thunderclap+1","Anger"],"picked":"Entrench+1","floor":35},{"not_picked":["True Grit","Twin Strike"],"picked":"Sword Boomerang+1","floor":39},{"not_picked":["Pommel Strike+1","Entrench"],"picked":"Infernal Blade+1","floor":44},{"not_picked":["Pommel Strike+1","Clash"],"picked":"Shrug It Off+1","floor":45},{"not_picked":["Flex","Headbutt+1"],"picked":"Disarm","floor":46},{"not_picked":["Burning Pact+1","Warcry"],"picked":"Uppercut+1","floor":47},{"not_picked":["Shockwave+1","Heavy Blade+1"],"picked":"Reaper","floor":48}],"player_experience":25144,"relics_obtained":[{"floor":3,"key":"Sundial"},{"floor":6,"key":"Frozen Egg 2"},{"floor":7,"key":"Odd Mushroom"},{"floor":9,"key":"Magic Flower"},{"floor":26,"key":"Ornamental Fan"},{"floor":43,"key":"Vajra"},{"floor":46,"key":"Bottled Flame"}],"event_choices":[{"damage_healed":0,"gold_gain":0,"player_choice":"Success","damage_taken":12,"relics_obtained":["Thread and Needle"],"max_hp_gain":0,"max_hp_loss":0,"event_name":"Scrap Ooze","floor":2,"gold_loss":0},{"damage_healed":0,"gold_gain":0,"player_choice":"Fought Mushrooms","damage_taken":0,"max_hp_gain":0,"max_hp_loss":0,"event_name":"Mushrooms","floor":7,"gold_loss":0},{"damage_healed":0,"gold_gain":0,"player_choice":"Ignored","damage_taken":0,"max_hp_gain":0,"max_hp_loss":0,"event_name":"Liars Game","floor":8,"gold_loss":0},{"damage_healed":0,"gold_gain":0,"player_choice":"Obtained Relic","damage_taken":0,"relics_obtained":["MawBank"],"max_hp_gain":0,"max_hp_loss":0,"event_name":"Addict","floor":20,"gold_loss":85},{"damage_healed":26,"gold_gain":0,"player_choice":"Heal","damage_taken":0,"max_hp_gain":0,"max_hp_loss":0,"event_name":"The Library","floor":24,"gold_loss":0},{"damage_healed":0,"gold_gain":0,"player_choice":"Joined the Cult","damage_taken":6,"max_hp_gain":0,"max_hp_loss":0,"event_name":"Nest","floor":25,"gold_loss":0,"cards_obtained":["RitualDagger"]},{"damage_healed":0,"gold_gain":0,"player_choice":"Simplicity","damage_taken":0,"max_hp_gain":0,"max_hp_loss":0,"event_name":"Back to Basics","floor":27,"gold_loss":0,"cards_upgraded":["Strike_R","Strike_R","Strike_R","Strike_R","Strike_R","Defend_R","Defend_R","Defend_R","Defend_R"]},{"damage_healed":0,"gold_gain":0,"cards_transformed":["Entrench"],"player_choice":"Transformed","damage_taken":0,"max_hp_gain":0,"max_hp_loss":0,"event_name":"Transmorgrifier","floor":28,"gold_loss":0,"cards_obtained":["Pummel"]},{"damage_healed":0,"gold_gain":0,"player_choice":"Forge","damage_taken":0,"max_hp_gain":0,"max_hp_loss":0,"event_name":"Accursed Blacksmith","floor":37,"gold_loss":0,"cards_upgraded":["Impervious"]},{"damage_healed":0,"gold_gain":0,"player_choice":"Bought 1 Potion","damage_taken":0,"max_hp_gain":0,"max_hp_loss":0,"event_name":"The Woman in Blue","floor":41,"gold_loss":0}],"is_beta":false,"boss_relics":[{"not_picked":["White Beast Statue","Calling Bell"],"picked":"Lizard Tail"},{"not_picked":["Runic Dome","Orrery"],"picked":"Black Blood"}],"items_purged_floors":[],"is_endless":false,"potions_floor_spawned":[5,6,10,11,16,21,22,29,33,39,44,48],"ascension_level":0}