{"gold_per_floor":[118,118,118,128,148,148,174,174,174,205,220,220,307,73,73,173,173,183,183,233,253,29,29,29],"floor_reached":24,"playtime":2626,"items_purged":["Pain"],"score":202,"play_id":"b3f08c6f-3b90-402f-b8bf-ba48be7f31ce","local_time":"20181226203704","is_ascension_mode":false,"campfire_choices":[{"data":"Dualcast","floor":6,"key":"SMITH"},{"floor":8,"key":"REST"},{"floor":15,"key":"REST"},{"data":"Fusion","floor":23,"key":"SMITH"}],"neow_cost":"NONE","seed_source_timestamp":16722091841145,"circlet_count":0,"master_deck":["Strike_B","Strike_B","Strike_B","Strike_B","Defend_B+1","Defend_B+1","Defend_B","Defend_B","Zap","Dualcast+1","Steam","Loop","Rip and Tear","White Noise","Hologram","Conserve Battery","Enlightenment","Auto Shields","Machine Learning","All For One","Shame","Writhe","Chill","Fusion+1","Aggregate","Storm"],"relics":["Cracked Core","Thread and Needle","Question Card","Bottled Lightning","MawBank","Calling Bell","Happy Flower","Kunai","StoneCalendar"],"potions_floor_usage":[24,24],"damage_taken":[{"damage":9,"enemies":"Small Slimes","floor":1,"turns":3},{"damage":3,"enemies":"2 Louse","floor":4,"turns":2},{"damage":3,"enemies":"Jaw Worm","floor":5,"turns":3},{"damage":19,"enemies":"3 Sentries","floor":7,"turns":6},{"damage":13,"enemies":"Lagavulin","floor":10,"turns":6},{"damage":0,"enemies":"Red Slaver","floor":11,"turns":3},{"damage":31,"enemies":"Slime Boss","floor":16,"turns":10},{"damage":8,"enemies":"Shell Parasite","floor":18,"turns":7},{"damage":31,"enemies":"3 Byrds","floor":21,"turns":7},{"damage":46,"enemies":"Slavers","floor":24,"turns":4}],"seed_played":"-7503967289746983266","potions_obtained":[{"floor":1,"key":"SkillPotion"},{"floor":11,"key":"Fire Potion"},{"floor":16,"key":"Strength Potion"}],"is_trial":false,"path_per_floor":["M","?","?","M","M","R","E","R","T","E","M","?","?","$","R","B",null,"M","?","?","M","$","R","E"],"character_chosen":"DEFECT","items_purchased":["Enlightenment","Auto Shields","Machine Learning","Aggregate","Storm"],"campfire_rested":2,"item_purchase_floors":[14,14,14,22,22],"current_hp_per_floor":[73,73,57,54,51,51,32,56,56,43,43,31,20,20,44,13,82,74,74,74,43,43,43,0],"gold":29,"neow_bonus":"TEN_PERCENT_HP_BONUS","is_prod":false,"is_daily":false,"chose_seed":false,"campfire_upgraded":2,"win_rate":0.0,"timestamp":1545885424,"path_taken":["M","?","?","M","M","R","E","R","T","E","M","?","?","$","R","BOSS","M","?","?","M","$","R","E"],"build_version":"2018-12-20","purchased_purges":1,"victory":false,"max_hp_per_floor":[82,82,82,82,82,82,82,82,82,82,82,82,82,82,82,82,82,82,82,82,82,82,82,82],"card_choices":[{"not_picked":["Storm","Compile Driver"],"picked":"Steam","floor":1},{"not_picked":["Blizzard","Steam"],"picked":"Loop","floor":4},{"not_picked":["Compile Driver","Hello World"],"picked":"Rip and Tear","floor":5},{"not_picked":["Go for the Eyes","Gash"],"picked":"White Noise","floor":7},{"not_picked":["Steam Power","Go for the Eyes","Force Field"],"picked":"Hologram","floor":10},{"not_picked":["Cold Snap","Coolheaded","Steam Power"],"picked":"Conserve Battery","floor":11},{"not_picked":["Reboot","Buffer","Seek"],"picked":"All For One","floor":16},{"not_picked":["Coolheaded","Fusion","Leap"],"picked":"Chill","floor":18},{"not_picked":["Steam+1","Aggregate","Hello World"],"picked":"Fusion","floor":21}],"player_experience":5103,"relics_obtained":[{"floor":7,"key":"Thread and Needle"},{"floor":9,"key":"Question Card"},{"floor":10,"key":"Bottled Lightning"},{"floor":17,"key":"Happy Flower"},{"floor":17,"key":"Kunai"},{"floor":17,"key":"StoneCalendar"}],"event_choices":[{"damage_healed":0,"gold_gain":0,"player_choice":"Leave","damage_taken":0,"max_hp_gain":0,"max_hp_loss":0,"event_name":"The Cleric","floor":2,"gold_loss":0},{"damage_healed":0,"gold_gain":0,"player_choice":"Entered Light","damage_taken":16,"max_hp_gain":0,"max_hp_loss":0,"event_name":"Shining Light","floor":3,"gold_loss":0,"cards_upgraded":["Defend_B","Defend_B"]},{"damage_healed":0,"gold_gain":0,"player_choice":"Success","damage_taken":12,"relics_obtained":["MawBank"],"max_hp_gain":0,"max_hp_loss":0,"event_name":"Scrap Ooze","floor":12,"gold_loss":0},{"damage_healed":0,"gold_gain":75,"player_choice":"Gather Gold","damage_taken":11,"max_hp_gain":0,"max_hp_loss":0,"event_name":"World of Goop","floor":13,"gold_loss":0},{"damage_healed":0,"gold_gain":0,"player_choice":"Ignored","damage_taken":0,"max_hp_gain":0,"max_hp_loss":0,"event_name":"Ghosts","floor":19,"gold_loss":0},{"damage_healed":0,"gold_gain":100,"player_choice":"Bet on Murderer","damage_taken":0,"max_hp_gain":0,"max_hp_loss":0,"event_name":"The Joust","floor":20,"gold_loss":50}],"is_beta":false,"boss_relics":[{"not_picked":["White Beast Statue","Ectoplasm"],"picked":"Calling Bell"}],"items_purged_floors":[22],"is_endless":false,"potions_floor_spawned":[1,11,16,21],"killed_by":"Slavers","ascension_level":0}