{"gold_per_floor":[118,43,57,69,144,144,155,155,180,180,190,190,205,105,105,105],"floor_reached":16,"playtime":532,"items_purged":["Strike_B","Strike_B+1"],"score":103,"play_id":"9906d29f-8fa9-4aa8-8f54-9fc8d9036d8c","local_time":"20180730015743","is_ascension_mode":true,"campfire_choices":[{"data":"Zap","floor":6,"key":"SMITH"},{"data":"Dualcast","floor":8,"key":"SMITH"},{"floor":15,"key":"REST"}],"neow_cost":"TEN_PERCENT_HP_LOSS","seed_source_timestamp":1564515544686067,"circlet_count":0,"master_deck":["Strike_B+1","Defend_B","Defend_B","Defend_B","Zap+1","Dualcast+1","Capacitor"],"relics":["Cracked Core","Bag of Preparation"],"potions_floor_usage":[12,13,16],"damage_taken":[{"damage":0,"enemies":"2 Louse","floor":1,"turns":2},{"damage":2,"enemies":"Jaw Worm","floor":3,"turns":3},{"damage":0,"enemies":"Cultist","floor":4,"turns":4},{"damage":1,"enemies":"2 Fungi Beasts","floor":7,"turns":3},{"damage":0,"enemies":"Exordium Wildlife","floor":11,"turns":4},{"damage":0,"enemies":"Gremlin Gang","floor":12,"turns":1},{"damage":2,"enemies":"Large Slime","floor":13,"turns":5},{"damage":61,"enemies":"Hexaghost","floor":16,"turns":11}],"seed_played":"-6399632304362479489","potions_obtained":[{"floor":1,"key":"Dexterity Potion"},{"floor":3,"key":"SmokeBomb"},{"floor":4,"key":"GamblersBrew"}],"is_trial":false,"path_per_floor":["M","$","M","M","?","R","M","R","T","?","M","M","M","$","R"],"character_chosen":"DEFECT","items_purchased":[],"campfire_rested":1,"item_purchase_floors":[],"current_hp_per_floor":[68,68,66,66,55,55,54,54,54,40,40,40,38,38,58,0],"gold":105,"neow_bonus":"REMOVE_TWO","is_prod":false,"is_daily":false,"chose_seed":false,"campfire_upgraded":2,"win_rate":0,"timestamp":1532908663,"path_taken":["M","$","M","M","?","R","M","R","T","?","M","M","M","?","R","BOSS"],"build_version":"2018-07-26","purchased_purges":2,"victory":false,"max_hp_per_floor":[68,68,68,68,68,68,68,68,68,68,68,68,68,68,68,68],"card_choices":[{"not_picked":["Consume","Sweeping Beam","Leap"],"picked":"SKIP","floor":1},{"not_picked":["Genetic Algorithm","Go for the Eyes","Recycle"],"picked":"SKIP","floor":3},{"not_picked":["Conserve Battery","Chaos"],"picked":"Capacitor","floor":4},{"not_picked":["Barrage","Undo","FTL"],"picked":"SKIP","floor":7},{"not_picked":["Hello World","Streamline","Steam"],"picked":"SKIP","floor":11},{"not_picked":["Ball Lightning","Beam Cell","Leap"],"picked":"SKIP","floor":13}],"player_experience":338246,"relics_obtained":[{"floor":9,"key":"Bag of Preparation"}],"event_choices":[{"event_name":"World of Goop","player_choice":"Gather Gold","floor":5,"damage_taken":0},{"event_name":"Shining Light","player_choice":"Entered Light","floor":10,"damage_taken":0}],"is_beta":false,"boss_relics":[],"items_purged_floors":[2,14],"is_endless":false,"potions_floor_spawned":[1,3,4],"killed_by":"Hexaghost","ascension_level":2}