{"path_per_floor":["M","M","$","?","?","R","M","R","T","E","R","M","T","?","R","B",null,"M","$","M","M","M","R"],"character_chosen":"DEFECT","items_purchased":["Gremlin Horn","Coolheaded"],"gold_per_floor":[367,384,47,47,47,47,66,66,122,156,156,167,167,117,117,216,216,235,109,126,140,159,159,159],"floor_reached":24,"campfire_rested":1,"playtime":1677,"item_purchase_floors":[3,19],"current_hp_per_floor":[64,64,64,69,69,69,67,67,67,49,49,43,43,43,43,43,73,71,71,59,27,10,31,0],"items_purged":["Strike_B","Defend_B"],"gold":159,"score":295,"play_id":"6583d7c2-662b-4d4d-911b-344f67b37f10","local_time":"20180613103903","is_prod":false,"is_daily":false,"chose_seed":false,"is_ascension_mode":true,"campfire_upgraded":4,"win_rate":0,"timestamp":1528857543,"campfire_choices":[{"data":"Gash","floor":6,"key":"SMITH"},{"data":"Zap","floor":8,"key":"SMITH"},{"data":"Dualcast","floor":11,"key":"SMITH"},{"data":"Conserve Battery","floor":15,"key":"SMITH"},{"floor":23,"key":"REST"}],"path_taken":["M","M","$","?","?","R","M","R","T","E","R","?","?","?","R","BOSS","M","$","?","M","M","R","E"],"build_version":"2018-06-07v3","seed_source_timestamp":493536293479723,"purchased_purges":2,"victory":false,"master_deck":["Strike_B","Strike_B","Defend_B","Defend_B","Zap+1","Dualcast+1","Chill","Gash+1","Skim","Conserve Battery+1","Sunder","Meteor Strike","Beam Cell","Coolheaded","Reprogram+1","Compile Driver","Rebound"],"max_hp_per_floor":[68,68,68,73,73,73,73,73,73,73,73,73,73,73,73,73,73,73,73,73,73,73,73,73],"relics":["Cracked Core","Gremlin Horn","Tiny Chest","Du-Vu Doll","Cables","Runic Dome"],"card_choices":[{"not_picked":["Double Energy","Barrage"],"picked":"Chill","floor":1},{"not_picked":["Go for the Eyes","Leap"],"picked":"Gash","floor":2},{"not_picked":["Leap","Tempest"],"picked":"Skim","floor":7},{"not_picked":["Undo","Rip and Tear"],"picked":"Conserve Battery","floor":10},{"not_picked":["Capacitor","Stack"],"picked":"Sunder","floor":12},{"not_picked":["Hyperbeam","Electrodynamics"],"picked":"Meteor Strike","floor":16},{"not_picked":["Go for the Eyes","Redo"],"picked":"Beam Cell","floor":18},{"not_picked":["BootSequence","Beam Cell"],"picked":"Reprogram+1","floor":20},{"not_picked":["Stack","Conserve Battery"],"picked":"Compile Driver","floor":21},{"not_picked":["Stack","Auto Shields"],"picked":"Rebound","floor":22}],"player_experience":256519,"potions_floor_usage":[16],"damage_taken":[{"damage":4,"enemies":"Small Slimes","floor":1,"turns":3},{"damage":0,"enemies":"2 Louse","floor":2,"turns":2},{"damage":2,"enemies":"Jaw Worm","floor":7,"turns":3},{"damage":18,"enemies":"Gremlin Nob","floor":10,"turns":3},{"damage":6,"enemies":"Blue Slaver","floor":12,"turns":3},{"damage":0,"enemies":"Hexaghost","floor":16,"turns":9},{"damage":2,"enemies":"2 Thieves","floor":18,"turns":3},{"damage":12,"enemies":"3 Byrds","floor":20,"turns":4},{"damage":32,"enemies":"Snake Plant","floor":21,"turns":5},{"damage":17,"enemies":"Centurion and Healer","floor":22,"turns":5},{"damage":38,"enemies":"Gremlin Leader","floor":24,"turns":4}],"relics_obtained":[{"floor":9,"key":"Tiny Chest"},{"floor":10,"key":"Du-Vu Doll"},{"floor":13,"key":"Cables"}],"event_choices":[{"event_name":"Big Fish","player_choice":"Donut","floor":4,"damage_taken":0},{"event_name":"Living Wall","player_choice":"Forget","floor":5,"damage_taken":0},{"event_name":"The Cleric","player_choice":"Card Removal","floor":14,"damage_taken":0}],"boss_relics":[{"not_picked":["Velvet Choker","Philosopher\u0027s Stone"],"picked":"Runic Dome"}],"items_purged_floors":[3,19],"potions_floor_spawned":[1,22],"seed_played":"-5819643364099285529","killed_by":"Gremlin Leader","ascension_level":4,"potions_obtained":[{"floor":1,"key":"SkillPotion"},{"floor":22,"key":"FocusPotion"}],"is_trial":false}