{"gold_per_floor":[111,122,122,122,138,171,196,196,219,252,252,268,268],"floor_reached":13,"playtime":1127,"items_purged":[],"score":138,"play_id":"bdd6a2b3-6c6c-4046-974d-ea31c3a8f4e4","local_time":"20190124002828","is_ascension_mode":true,"campfire_choices":[{"floor":8,"key":"REST"},{"floor":11,"key":"REST"}],"neow_cost":"NONE","seed_source_timestamp":0,"circlet_count":0,"master_deck":["Strike_R","Strike_R","Strike_R","Strike_R","Strike_R","Defend_R","Defend_R","Defend_R","Defend_R","Bash+1","Sword Boomerang","Pummel","Injury","Iron Wave","Evolve","Searing Blow","Impervious","Armaments"],"special_seed":0,"relics":["Burning Blood","Golden Idol","Lantern","Potion Belt","Bag of Marbles","Boot"],"potions_floor_usage":[6,7,10],"damage_taken":[{"damage":7,"enemies":"2 Louse","floor":1,"turns":3},{"damage":0,"enemies":"Small Slimes","floor":2,"turns":3},{"damage":6,"enemies":"Cultist","floor":5,"turns":4},{"damage":31,"enemies":"Lagavulin","floor":6,"turns":8},{"damage":26,"enemies":"Lots of Slimes","floor":7,"turns":4},{"damage":25,"enemies":"3 Sentries","floor":10,"turns":11},{"damage":24,"enemies":"Gremlin Gang","floor":12,"turns":7},{"damage":33,"enemies":"Exordium Thugs","floor":13,"turns":3}],"seed_played":"352893221912219401","potions_obtained":[{"floor":5,"key":"PowerPotion"},{"floor":6,"key":"SteroidPotion"},{"floor":7,"key":"Swift Potion"}],"is_trial":false,"path_per_floor":["M","M","?","?","M","E","M","R","T","E","R","M","M"],"character_chosen":"IRONCLAD","items_purchased":[],"campfire_rested":2,"item_purchase_floors":[],"current_hp_per_floor":[71,77,77,59,59,34,14,38,38,19,43,25,0],"gold":268,"neow_bonus":"UPGRADE_CARD","is_prod":false,"is_daily":false,"chose_seed":false,"campfire_upgraded":0,"win_rate":0,"timestamp":1548286108,"path_taken":["M","M","?","?","M","E","M","R","T","E","R","M","M"],"build_version":"2019-01-23","purchased_purges":0,"victory":false,"max_hp_per_floor":[80,80,80,80,80,80,80,80,80,80,80,80,80],"card_choices":[{"not_picked":["True Grit","Blood for Blood"],"picked":"Sword Boomerang","floor":1},{"not_picked":["Heavy Blade","Havoc"],"picked":"Pummel","floor":2},{"not_picked":["Pummel","Corruption"],"picked":"Iron Wave","floor":5},{"not_picked":["Rage","Pummel"],"picked":"Evolve","floor":6},{"not_picked":["Heavy Blade","Hemokinesis"],"picked":"Searing Blow","floor":7},{"not_picked":["Body Slam","Cleave"],"picked":"Impervious","floor":10},{"not_picked":["Power Through","Thunderclap"],"picked":"Armaments","floor":12}],"player_experience":360702,"relics_obtained":[{"floor":6,"key":"Potion Belt"},{"floor":9,"key":"Bag of Marbles"},{"floor":10,"key":"Boot"}],"event_choices":[{"damage_healed":0,"gold_gain":0,"player_choice":"Take Wound","damage_taken":0,"relics_obtained":["Golden Idol"],"max_hp_gain":0,"max_hp_loss":0,"event_name":"Golden Idol","floor":3,"gold_loss":0,"cards_obtained":["Injury"]},{"damage_healed":0,"gold_gain":0,"player_choice":"Success","damage_taken":18,"relics_obtained":["Lantern"],"max_hp_gain":0,"max_hp_loss":0,"event_name":"Scrap Ooze","floor":4,"gold_loss":0}],"is_beta":false,"boss_relics":[],"items_purged_floors":[],"is_endless":false,"potions_floor_spawned":[5,6,7],"killed_by":"Exordium Thugs","ascension_level":9}