{"gold_per_floor":[13,13,36,53,70,70,103,28,28,88,9,59,71,123,123,198,198,214,214,6,21,40,40,52,52,52,384,384,384,394,30,30,107,107,118,118,118,131,157,157,157,157,157,45,79,27,27,47,47,47,47,47,47,47,82,82],"floor_reached":57,"playtime":1957,"items_purged":["Strike_B","Strike_B"],"score":2988,"play_id":"9077ce46-8ae0-4769-a475-dbc8c8acbd4c","local_time":"20190405213157","is_ascension_mode":true,"campfire_choices":[{"data":"Dualcast","floor":6.0,"key":"SMITH"},{"floor":15.0,"key":"REST"},{"data":"Coolheaded","floor":23.0,"key":"SMITH"},{"data":"Turbo","floor":25.0,"key":"SMITH"},{"data":"Enlightenment","floor":28.0,"key":"SMITH"},{"data":"Skim","floor":32.0,"key":"SMITH"},{"data":"Rainbow","floor":40,"key":"SMITH"},{"data":"Ghostly","floor":42,"key":"SMITH"},{"data":"Defragment","floor":47,"key":"SMITH"},{"floor":49,"key":"RECALL"},{"data":"Coolheaded","floor":53,"key":"SMITH"}],"neow_cost":"NO_GOLD","seed_source_timestamp":0,"circlet_count":0,"master_deck":["AscendersBane","Strike_B","Strike_B","Defend_B","Defend_B","Defend_B","Defend_B","Zap","Dualcast+1","Meteor Strike","Coolheaded+1","Conserve Battery","Rainbow+1","Turbo+1","Compile Driver","Skim+1","Meteor Strike","Capacitor","Enlightenment+1","Tempest","Ghostly+1","Ghostly","Ghostly","Double Energy+1","Heatsinks","Biased Cognition","Undo","Apotheosis","Fusion","Heatsinks+1","Coolheaded+1","Defragment+1","Hologram","Capacitor+1","Force Field"],"special_seed":0,"relics":["Cracked Core","Regal Pillow","Blood Vial","Bronze Scales","Calipers","Ice Cream","Strawberry","Coffee Dripper","Sundial","Old Coin","Prayer Wheel","Snecko Eye","Smiling Mask","Symbiotic Virus","Bag of Marbles"],"potions_floor_usage":[56,56],"damage_taken":[{"damage":7.0,"enemies":"Jaw Worm","floor":1.0,"turns":4.0},{"damage":0.0,"enemies":"Cultist","floor":4.0,"turns":3.0},{"damage":5.0,"enemies":"Small Slimes","floor":5.0,"turns":4.0},{"damage":22.0,"enemies":"Lagavulin","floor":7.0,"turns":8.0},{"damage":31.0,"enemies":"Lagavulin Event","floor":10.0,"turns":5.0},{"damage":9.0,"enemies":"Exordium Thugs","floor":13.0,"turns":2.0},{"damage":36.0,"enemies":"Slime Boss","floor":16.0,"turns":9.0},{"damage":19.0,"enemies":"Shell Parasite","floor":18.0,"turns":4.0},{"damage":23.0,"enemies":"2 Thieves","floor":21.0,"turns":3.0},{"damage":13.0,"enemies":"Chosen and Byrds","floor":22.0,"turns":4.0},{"damage":5.0,"enemies":"Centurion and Healer","floor":24.0,"turns":4.0},{"damage":0.0,"enemies":"Gremlin Leader","floor":27.0,"turns":4.0},{"damage":6.0,"enemies":"Snecko","floor":30.0,"turns":4.0},{"damage":18,"enemies":"Champ","floor":33,"turns":6},{"damage":0,"enemies":"Orb Walker","floor":35,"turns":2},{"damage":0,"enemies":"3 Shapes","floor":38,"turns":4},{"damage":0,"enemies":"Nemesis","floor":45,"turns":5},{"damage":0,"enemies":"Spire Growth","floor":48,"turns":5},{"damage":0,"enemies":"Awakened One","floor":50,"turns":8},{"damage":0,"enemies":"Donu and Deca","floor":51,"turns":7},{"damage":0,"enemies":"Shield and Spear","floor":55,"turns":6},{"damage":14,"enemies":"The Heart","floor":56,"turns":7}],"seed_played":"8032568212113965186","potions_obtained":[{"floor":1.0,"key":"Explosive Potion"},{"floor":5.0,"key":"SpeedPotion"},{"floor":10.0,"key":"GamblersBrew"},{"floor":21.0,"key":"EssenceOfSteel"},{"floor":22.0,"key":"FairyPotion"},{"floor":24.0,"key":"GamblersBrew"},{"floor":33,"key":"Strength Potion"},{"floor":35,"key":"Explosive Potion"}],"is_trial":false,"path_per_floor":["M","?","T","M","M","R","E","$","T","?","$","T","M","?","R","B",null,"M","?","$","M","M","R","M","R","T","E","R","?","M","$","R","B",null,"M","?","?","M","T","R","?","R","T","$","E","$","R","M","R","B","B",null,"R","$","E","B",null],"character_chosen":"DEFECT","items_purchased":["Turbo","Compile Driver","Enlightenment","Heatsinks","Prayer Wheel","Coolheaded","Defragment","Hologram"],"campfire_rested":1,"item_purchase_floors":[11,11,20,31,31,44,44,46],"current_hp_per_floor":[57,52,52,54,51,51,31,31,31,2,2,9,2,2,40,6,60,43,43,43,22,11,11,8,8,8,10,10,10,6,6,6,3,30,32,22,22,24,24,24,24,24,24,24,26,26,26,28,28,30,32,37,37,37,39,25],"gold":82,"neow_bonus":"THREE_RARE_CARDS","is_prod":false,"is_daily":false,"chose_seed":true,"campfire_upgraded":9,"win_rate":0,"timestamp":1554471117,"path_taken":["M","?","?","?","?","R","E","$","T","?","?","?","M","?","R","BOSS","M","?","$","M","M","R","M","R","T","E","R","?","M","$","R","BOSS","M","?","?","M","?","R","?","R","T","$","E","?","R","M","R","BOSS","BOSS","R","$","E","BOSS"],"build_version":"2019-01-23","purchased_purges":2,"victory":true,"max_hp_per_floor":[71,71,71,71,71,71,71,71,71,71,71,78,78,78,78,78,78,78,78,78,78,78,78,78,78,78,78,78,39,39,39,39,39,39,39,39,39,39,39,39,39,39,39,39,39,39,39,39,39,39,39,39,39,39,39,39],"card_choices":[{"not_picked":["Electrodynamics","Echo Form"],"picked":"Meteor Strike","floor":0.0},{"not_picked":["Steam Power","Go for the Eyes"],"picked":"Doom and Gloom","floor":1.0},{"not_picked":["Beam Cell","Lockon"],"picked":"Coolheaded","floor":4.0},{"not_picked":["Steam","Hello World"],"picked":"Conserve Battery","floor":5.0},{"not_picked":["Barrage","Storm","Go for the Eyes"],"picked":"SKIP","floor":7.0},{"not_picked":["Storm","Streamline"],"picked":"Rainbow","floor":10.0},{"not_picked":["Fusion","Gash"],"picked":"Skim","floor":13.0},{"not_picked":["Thunder Strike","Creative AI"],"picked":"Meteor Strike","floor":16.0},{"not_picked":["Redo","Compile Driver"],"picked":"Capacitor","floor":18.0},{"not_picked":["Steam Power","Sweeping Beam"],"picked":"Tempest","floor":21.0},{"not_picked":["Conserve Battery","Beam Cell+1","Redo"],"picked":"SKIP","floor":22.0},{"not_picked":["Barrage","Ball Lightning","Aggregate"],"picked":"SKIP","floor":24.0},{"not_picked":["Stack","Barrage+1","Rebound"],"picked":"SKIP","floor":27.0},{"not_picked":["Force Field","Coolheaded"],"picked":"Double Energy+1","floor":30.0},{"not_picked":["All For One","Core Surge"],"picked":"Biased Cognition","floor":33},{"not_picked":["Beam Cell+1","Barrage+1"],"picked":"Undo","floor":35},{"not_picked":["Rebound","Sweeping Beam+1","Conserve Battery"],"picked":"SKIP","floor":35},{"not_picked":["Blind","Impatience"],"picked":"Apotheosis","floor":36},{"not_picked":["Hologram","Compile Driver"],"picked":"Fusion","floor":38},{"not_picked":["Lockon","Redo"],"picked":"Heatsinks+1","floor":38},{"not_picked":["Genetic Algorithm","Hyperbeam","Melter"],"picked":"SKIP","floor":45},{"not_picked":["Hello World+1","Genetic Algorithm+1"],"picked":"Capacitor+1","floor":48},{"not_picked":["Leap","Force Field","Cold Snap"],"picked":"SKIP","floor":48},{"not_picked":["Leap","Cold Snap"],"picked":"Force Field","floor":48},{"not_picked":["Auto Shields","Leap","Ball Lightning"],"picked":"SKIP","floor":55}],"player_experience":1335430,"relics_obtained":[{"floor":3.0,"key":"Blood Vial"},{"floor":7.0,"key":"Bronze Scales"},{"floor":9.0,"key":"Calipers"},{"floor":10.0,"key":"Ice Cream"},{"floor":12.0,"key":"Strawberry"},{"floor":26.0,"key":"Sundial"},{"floor":27.0,"key":"Old Coin"},{"floor":39,"key":"Smiling Mask"},{"floor":45,"key":"Symbiotic Virus"},{"floor":55,"key":"Bag of Marbles"}],"event_choices":[{"damage_healed":0.0,"max_hp_gain":0.0,"max_hp_loss":0.0,"gold_gain":0.0,"event_name":"Scrap Ooze","player_choice":"Success","floor":2.0,"gold_loss":0.0,"damage_taken":5.0,"relics_obtained":["Regal Pillow"]},{"damage_healed":0.0,"max_hp_gain":0.0,"max_hp_loss":0.0,"gold_gain":0.0,"event_name":"Dead Adventurer","player_choice":"Searched \u00271\u0027 times","floor":10.0,"gold_loss":0.0,"damage_taken":0.0},{"damage_healed":0.0,"max_hp_gain":0.0,"max_hp_loss":0.0,"gold_gain":52.0,"event_name":"Golden Wing","player_choice":"Gained Gold","floor":14.0,"gold_loss":0.0,"damage_taken":0.0},{"damage_healed":0.0,"max_hp_gain":0.0,"max_hp_loss":0.0,"gold_gain":0.0,"event_name":"The Mausoleum","player_choice":"Ignored","floor":19.0,"gold_loss":0.0,"damage_taken":0.0},{"damage_healed":0.0,"max_hp_gain":0.0,"max_hp_loss":39.0,"gold_gain":0.0,"event_name":"Ghosts","player_choice":"Became a Ghost","floor":29.0,"gold_loss":0.0,"damage_taken":0.0,"cards_obtained":["Ghostly","Ghostly","Ghostly"]},{"damage_healed":0,"gold_gain":0,"player_choice":"Memory 3","damage_taken":10,"max_hp_gain":0,"max_hp_loss":0,"event_name":"SensoryStone","floor":36,"gold_loss":0},{"damage_healed":0,"gold_gain":0,"player_choice":"Ignored","damage_taken":0,"max_hp_gain":0,"max_hp_loss":0,"event_name":"Tomb of Lord Red Mask","floor":37,"gold_loss":0},{"cards_removed":["Doom and Gloom"],"damage_healed":0,"gold_gain":0,"player_choice":"Removed Attack","damage_taken":0,"max_hp_gain":0,"max_hp_loss":0,"event_name":"Falling","floor":41,"gold_loss":0}],"is_beta":false,"boss_relics":[{"not_picked":["FrozenCore","Velvet Choker"],"picked":"Coffee Dripper"},{"not_picked":["Astrolabe","Runic Pyramid"],"picked":"Snecko Eye"}],"items_purged_floors":[8,20],"is_endless":false,"potions_floor_spawned":[1,5,10,21,22,24,33,35,38,45],"ascension_level":20}