{"gold_per_floor":[116,134,134,134,59,59,87,105,105,105,118,68,68,83,83,180,180,197,197,197,197,97,97],"floor_reached":23,"playtime":688,"items_purged":["Strike_B","Strike_B"],"score":318,"play_id":"dcad3679-d828-4239-9159-2c86834b81ed","local_time":"20190416201743","is_ascension_mode":true,"campfire_choices":[{"data":"Zap","floor":6,"key":"SMITH"},{"data":"1","floor":10,"key":"LIFT"},{"data":"2","floor":15,"key":"LIFT"}],"neow_cost":"NONE","seed_source_timestamp":474728151247200,"circlet_count":0,"master_deck":["AscendersBane","Strike_B","Defend_B","Defend_B+1","Defend_B","Zap+1","Dualcast+1","Gash","Coolheaded","Scrape+1","Biased Cognition","Gash"],"relics":["Cracked Core","NeowsBlessing","Girya","Pantograph","Coffee Dripper","Symbiotic Virus"],"potions_floor_usage":[],"damage_taken":[{"damage":0,"enemies":"Cultist","floor":1,"turns":1},{"damage":0,"enemies":"Jaw Worm","floor":2,"turns":1},{"damage":0,"enemies":"Gremlin Nob","floor":7,"turns":1},{"damage":0,"enemies":"2 Louse","floor":8,"turns":3},{"damage":13,"enemies":"2 Fungi Beasts","floor":11,"turns":3},{"damage":9,"enemies":"Red Slaver","floor":14,"turns":2},{"damage":19,"enemies":"The Guardian","floor":16,"turns":11},{"damage":26,"enemies":"2 Thieves","floor":18,"turns":3},{"damage":40,"enemies":"Slavers","floor":23,"turns":2}],"seed_played":"317887917532887583","potions_obtained":[{"floor":2,"key":"SmokeBomb"},{"floor":14,"key":"Energy Potion"}],"is_trial":false,"path_per_floor":["M","M","?","?","$","R","E","M","T","R","M","?","?","M","R","B",null,"M","?","?","?","$","E"],"character_chosen":"DEFECT","items_purchased":[],"campfire_rested":0,"item_purchase_floors":[],"current_hp_per_floor":[68,68,53,53,53,53,53,53,53,53,40,40,40,31,31,37,66,40,40,40,40,40,0],"gold":97,"neow_bonus":"THREE_ENEMY_KILL","is_prod":false,"is_daily":false,"chose_seed":false,"campfire_upgraded":1,"win_rate":0,"timestamp":1555417063,"path_taken":["M","?","?","?","$","R","E","M","T","R","M","?","?","M","R","BOSS","M","?","?","?","$","E"],"build_version":"2019-01-23","purchased_purges":2,"victory":false,"max_hp_per_floor":[75,75,75,75,75,75,75,75,75,75,75,75,75,75,75,75,75,75,75,75,75,75,75],"card_choices":[{"not_picked":["Barrage","Lockon"],"picked":"Gash","floor":1},{"not_picked":["Scrape","Sweeping Beam"],"picked":"Coolheaded","floor":2},{"not_picked":["Ball Lightning","Redo","Rebound"],"picked":"SKIP","floor":7},{"not_picked":["Hello World","Streamline"],"picked":"Scrape","floor":8},{"not_picked":["Rainbow","Ball Lightning","Beam Cell"],"picked":"SKIP","floor":11},{"not_picked":["Rainbow","Ball Lightning","Beam Cell"],"picked":"SKIP","floor":11},{"not_picked":["Turbo","Storm","Force Field"],"picked":"SKIP","floor":14},{"not_picked":["Echo Form","Core Surge"],"picked":"Biased Cognition","floor":16},{"not_picked":["Aggregate","Static Discharge","Leap"],"picked":"SKIP","floor":18}],"player_experience":495898,"relics_obtained":[{"floor":7,"key":"Girya"},{"floor":9,"key":"Pantograph"}],"event_choices":[{"damage_healed":0,"gold_gain":0,"player_choice":"Entered Light","damage_taken":15,"max_hp_gain":0,"max_hp_loss":0,"event_name":"Shining Light","floor":3,"gold_loss":0,"cards_upgraded":["Defend_B","Dualcast"]},{"cards_removed":["Strike_B"],"damage_healed":0,"gold_gain":0,"player_choice":"Forget","damage_taken":0,"max_hp_gain":0,"max_hp_loss":0,"event_name":"Living Wall","floor":4,"gold_loss":0},{"cards_removed":["Defend_B"],"damage_healed":0,"gold_gain":0,"player_choice":"Card Removal","damage_taken":0,"max_hp_gain":0,"max_hp_loss":0,"event_name":"The Cleric","floor":12,"gold_loss":50},{"damage_healed":0,"gold_gain":0,"player_choice":"Forge","damage_taken":0,"max_hp_gain":0,"max_hp_loss":0,"event_name":"Accursed Blacksmith","floor":13,"gold_loss":0,"cards_upgraded":["Scrape"]},{"damage_healed":0,"gold_gain":0,"player_choice":"Opened","damage_taken":0,"relics_obtained":["Symbiotic Virus"],"max_hp_gain":0,"max_hp_loss":0,"event_name":"The Mausoleum","floor":19,"gold_loss":0},{"damage_healed":0,"gold_gain":0,"player_choice":"Ignored","damage_taken":0,"max_hp_gain":0,"max_hp_loss":0,"event_name":"Cursed Tome","floor":20,"gold_loss":0},{"damage_healed":0,"gold_gain":0,"player_choice":"Copied","damage_taken":0,"max_hp_gain":0,"max_hp_loss":0,"event_name":"Duplicator","floor":21,"gold_loss":0,"cards_obtained":["Gash"]}],"is_beta":false,"boss_relics":[{"not_picked":["Inserter","Philosopher\u0027s Stone"],"picked":"Coffee Dripper"}],"items_purged_floors":[5,22],"is_endless":false,"potions_floor_spawned":[2,14],"killed_by":"Slavers","ascension_level":10}