{"gold_per_floor":[118,118,118,132,54,88,88,120,120,120],"floor_reached":10,"playtime":215,"items_purged":[],"score":198,"play_id":"a716ca52-7a17-4ee7-8319-79800523f771","local_time":"20190408162524","is_ascension_mode":true,"campfire_choices":[],"neow_cost":"NONE","seed_source_timestamp":0,"circlet_count":0,"master_deck":["AscendersBane","Strike_B","Strike_B","Strike_B","Strike_B","Defend_B","Defend_B","Defend_B","Defend_B","Zap","Dualcast","Sweeping Beam","Cold Snap","Self Repair","Steam"],"special_seed":0,"relics":["Cracked Core","NeowsBlessing","FossilizedHelix","Dodecahedron","The Courier"],"potions_floor_usage":[],"damage_taken":[{"damage":0.0,"enemies":"Jaw Worm","floor":1.0,"turns":1.0},{"damage":0.0,"enemies":"2 Louse","floor":4.0,"turns":1.0},{"damage":0.0,"enemies":"Gremlin Nob","floor":6.0,"turns":1.0},{"damage":32.0,"enemies":"3 Sentries","floor":8.0,"turns":13.0}],"seed_played":"6535593809827138898","potions_obtained":[{"floor":4.0,"key":"Poison Potion"}],"is_trial":false,"path_per_floor":["M","?","?","M","$","E","?","E","T","R"],"character_chosen":"DEFECT","items_purchased":["Self Repair"],"campfire_rested":0,"item_purchase_floors":[5],"current_hp_per_floor":[64,64,64,64,64,64,69,44,44,44],"gold":120,"neow_bonus":"THREE_ENEMY_KILL","is_prod":false,"is_daily":false,"chose_seed":false,"campfire_upgraded":0,"win_rate":0,"timestamp":1554755124,"path_taken":["M","?","?","M","$","E","?","E","T","R"],"build_version":"2019-01-23","purchased_purges":0,"victory":false,"max_hp_per_floor":[71,71,71,71,71,71,76,76,76,76],"card_choices":[{"not_picked":["Auto Shields","Darkness"],"picked":"Sweeping Beam","floor":1.0},{"not_picked":["Reinforced Body","Lockon"],"picked":"Cold Snap","floor":4.0},{"not_picked":["Reprogram","Sweeping Beam"],"picked":"Steam","floor":6.0},{"not_picked":["Coolheaded","Meteor Strike","Lockon"],"picked":"SKIP","floor":8.0}],"player_experience":885076,"relics_obtained":[{"floor":6.0,"key":"FossilizedHelix"},{"floor":8.0,"key":"Dodecahedron"},{"floor":9.0,"key":"The Courier"}],"event_choices":[{"damage_healed":0.0,"max_hp_gain":0.0,"max_hp_loss":0.0,"gold_gain":0.0,"event_name":"Golden Idol","player_choice":"Ignored","floor":2.0,"gold_loss":0.0,"damage_taken":0.0},{"damage_healed":0.0,"max_hp_gain":0.0,"max_hp_loss":0.0,"gold_gain":0.0,"event_name":"Scrap Ooze","player_choice":"Fled","floor":3.0,"gold_loss":0.0,"damage_taken":0.0},{"damage_healed":0.0,"max_hp_gain":5.0,"max_hp_loss":0.0,"gold_gain":0.0,"event_name":"Big Fish","player_choice":"Donut","floor":7.0,"gold_loss":0.0,"damage_taken":0.0}],"is_beta":false,"boss_relics":[],"items_purged_floors":[],"is_endless":false,"potions_floor_spawned":[4],"ascension_level":20}