{"gold_per_floor":[115,115,184,201,213,213,243,259,285,285,410,410,439,489,489,489],"floor_reached":16,"playtime":796,"items_purged":[],"score":160,"play_id":"8ba70f95-ab6b-4ead-901a-3ee90b576f4a","local_time":"20190124004154","is_ascension_mode":true,"campfire_choices":[{"data":"Armaments","floor":6,"key":"SMITH"},{"data":"Bash","floor":10,"key":"SMITH"},{"floor":12,"key":"REST"},{"data":"Seeing Red","floor":15,"key":"SMITH"}],"neow_cost":"NONE","seed_source_timestamp":87386715563795,"circlet_count":0,"master_deck":["Strike_R","Strike_R","Strike_R","Strike_R","Strike_R","Defend_R","Defend_R","Defend_R","Defend_R","Bash+1","Combust","Armaments+1","Seeing Red+1","Warcry","Disarm","Warcry","True Grit+1"],"relics":["Burning Blood","NeowsBlessing","SsserpentHead","Strawberry","Blood Vial","Dream Catcher"],"potions_floor_usage":[7,13,13,16],"damage_taken":[{"damage":0,"enemies":"2 Louse","floor":1,"turns":1},{"damage":0,"enemies":"Cultist","floor":3,"turns":1},{"damage":0,"enemies":"Small Slimes","floor":4,"turns":1},{"damage":17,"enemies":"Exordium Wildlife","floor":5,"turns":5},{"damage":15,"enemies":"3 Sentries","floor":7,"turns":5},{"damage":7,"enemies":"Lots of Slimes","floor":8,"turns":2},{"damage":10,"enemies":"Lagavulin","floor":13,"turns":7},{"damage":85,"enemies":"Slime Boss","floor":16,"turns":9}],"seed_played":"-8227989442042060457","potions_obtained":[{"floor":1,"key":"EssenceOfSteel"},{"floor":4,"key":"Fire Potion"},{"floor":5,"key":"EssenceOfSteel"},{"floor":13,"key":"EssenceOfSteel"}],"is_trial":false,"path_per_floor":["M","?","M","M","M","R","E","M","T","R","?","R","E","?","R","B"],"character_chosen":"IRONCLAD","items_purchased":[],"campfire_rested":1,"item_purchase_floors":[],"current_hp_per_floor":[78,78,80,80,69,69,67,66,66,66,55,81,79,79,79,0],"gold":489,"neow_bonus":"THREE_ENEMY_KILL","is_prod":false,"is_daily":false,"chose_seed":false,"campfire_upgraded":3,"win_rate":0,"timestamp":1548286914,"path_taken":["M","?","?","M","M","R","E","M","T","R","?","R","E","?","R","BOSS"],"build_version":"2019-01-23","purchased_purges":0,"victory":false,"max_hp_per_floor":[80,80,80,80,80,80,87,87,87,87,87,87,87,87,87,87],"card_choices":[{"not_picked":["Sever Soul","Dual Wield"],"picked":"Combust","floor":1},{"not_picked":["Wild Strike","Sever Soul"],"picked":"Armaments","floor":3},{"not_picked":["Pommel Strike","Blood for Blood"],"picked":"Seeing Red","floor":4},{"not_picked":["Hemokinesis","Combust"],"picked":"Warcry","floor":5},{"not_picked":["Exhume","Intimidate"],"picked":"Disarm","floor":7},{"not_picked":["True Grit","Headbutt"],"picked":"Warcry","floor":8},{"not_picked":["Havoc","Armaments"],"picked":"True Grit","floor":13}],"player_experience":361829,"relics_obtained":[{"floor":7,"key":"Strawberry"},{"floor":9,"key":"Blood Vial"},{"floor":13,"key":"Dream Catcher"}],"event_choices":[{"damage_healed":0,"gold_gain":0,"player_choice":"Trade","damage_taken":0,"relics_obtained":["SsserpentHead"],"max_hp_gain":0,"max_hp_loss":0,"event_name":"FaceTrader","floor":2,"gold_loss":0},{"damage_healed":0,"gold_gain":75,"player_choice":"Gather Gold","damage_taken":11,"max_hp_gain":0,"max_hp_loss":0,"event_name":"World of Goop","floor":11,"gold_loss":0},{"damage_healed":0,"gold_gain":0,"player_choice":"Forge","damage_taken":0,"max_hp_gain":0,"max_hp_loss":0,"event_name":"Accursed Blacksmith","floor":14,"gold_loss":0,"cards_upgraded":["True Grit"]}],"is_beta":false,"boss_relics":[],"items_purged_floors":[],"is_endless":false,"potions_floor_spawned":[1,4,5,13],"killed_by":"Slime Boss","ascension_level":9}