{"gold_per_floor":[116,116,134,134,152,152,162,178,178,201,201,216,233,253,253,253],"floor_reached":16,"playtime":11738,"items_purged":[],"score":106,"play_id":"bbb7b6b7-f274-469f-b963-22a15eec4b55","local_time":"20180716051542","is_ascension_mode":true,"campfire_choices":[{"data":"Fusion","floor":6,"key":"SMITH"},{"data":"Zap","floor":11,"key":"SMITH"},{"floor":15,"key":"REST"}],"neow_cost":"NONE","seed_source_timestamp":355554969877951,"circlet_count":0,"master_deck":["Strike_B","Strike_B","Strike_B","Defend_B","Defend_B","Defend_B","Zap+1","Dualcast","Fusion+1","BootSequence","Coolheaded"],"relics":["Sozu","Singing Bowl","Vajra"],"potions_floor_usage":[],"damage_taken":[{"damage":0,"enemies":"Small Slimes","floor":1,"turns":3},{"damage":0,"enemies":"2 Louse","floor":3,"turns":3},{"damage":1,"enemies":"Cultist","floor":5,"turns":4},{"damage":24,"enemies":"Large Slime","floor":7,"turns":6},{"damage":10,"enemies":"Looter","floor":8,"turns":4},{"damage":14,"enemies":"Lots of Slimes","floor":12,"turns":6},{"damage":1,"enemies":"Blue Slaver","floor":13,"turns":4},{"damage":0,"enemies":"Gremlin Gang","floor":14,"turns":6},{"damage":51,"enemies":"Hexaghost","floor":16,"turns":11}],"seed_played":"1941898835572102992","potions_obtained":[],"is_trial":false,"path_per_floor":["M","?","M","?","M","R","M","M","T","T","R","M","M","M","R"],"character_chosen":"DEFECT","items_purchased":[],"campfire_rested":1,"item_purchase_floors":[],"current_hp_per_floor":[75,68,68,68,67,67,43,33,33,33,33,19,20,22,45,0],"gold":253,"neow_bonus":"BOSS_RELIC","is_prod":false,"is_daily":false,"chose_seed":false,"campfire_upgraded":2,"win_rate":0,"timestamp":1531710942,"path_taken":["M","?","?","?","M","R","M","M","T","?","R","?","M","M","R","BOSS"],"build_version":"2018-07-12","purchased_purges":0,"victory":false,"max_hp_per_floor":[75,75,75,75,75,75,75,75,75,75,75,75,77,79,79,79],"card_choices":[{"not_picked":["Scrape","Beam Cell","Go for the Eyes"],"picked":"SKIP","floor":1},{"not_picked":["Turbo","Sweeping Beam"],"picked":"Fusion","floor":3},{"not_picked":["Steam","Gash","Leap"],"picked":"SKIP","floor":5},{"not_picked":["Rebound","Stack"],"picked":"BootSequence","floor":7},{"not_picked":["Buffer","Steam Power","Steam"],"picked":"SKIP","floor":8},{"not_picked":["Lockon","Skim"],"picked":"Coolheaded","floor":12},{"not_picked":["Leap","Scrape","Beam Cell"],"picked":"Singing Bowl","floor":13},{"not_picked":["Go for the Eyes","Coolheaded","Auto Shields"],"picked":"Singing Bowl","floor":14}],"player_experience":288129,"relics_obtained":[{"floor":9,"key":"Singing Bowl"},{"floor":10,"key":"Vajra"}],"event_choices":[{"event_name":"Golden Wing","player_choice":"Card Removal","floor":2,"damage_taken":0},{"event_name":"Living Wall","player_choice":"Forget","floor":4,"damage_taken":0}],"boss_relics":[],"items_purged_floors":[],"is_endless":false,"potions_floor_spawned":[1,8,13],"killed_by":"Hexaghost","ascension_level":2}