{"gold_per_floor":[117,131,145,163,176,195,195,222,222,222,222,241,241,266,266,266],"floor_reached":16,"playtime":426,"items_purged":[],"score":173,"play_id":"e6be8da2-23e0-4827-a91b-2f674da01696","local_time":"20190507175347","is_ascension_mode":true,"campfire_choices":[{"floor":7,"key":"REST"},{"data":"Perfected Strike","floor":13,"key":"SMITH"},{"data":"Perfected Strike","floor":15,"key":"SMITH"}],"neow_cost":"TEN_PERCENT_HP_LOSS","seed_source_timestamp":204335370011200,"circlet_count":0,"master_deck":["AscendersBane","Strike_R","Strike_R","Strike_R","Strike_R","Strike_R","Defend_R","Defend_R","Defend_R","Defend_R","Bash","Immolate","True Grit","Pommel Strike","Carnage","Perfected Strike+1","Flame Barrier","Perfected Strike+1","Second Wind","Shockwave","Ghostly Armor"],"relics":["Burning Blood","Odd Mushroom","Bottled Lightning","Golden Idol"],"potions_floor_usage":[5,16],"damage_taken":[{"damage":3,"enemies":"Cultist","floor":1,"turns":4},{"damage":16,"enemies":"Small Slimes","floor":2,"turns":3},{"damage":4,"enemies":"Jaw Worm","floor":3,"turns":3},{"damage":16,"enemies":"2 Fungi Beasts","floor":4,"turns":3},{"damage":37,"enemies":"Exordium Thugs","floor":5,"turns":6},{"damage":15,"enemies":"Large Slime","floor":6,"turns":5},{"damage":12,"enemies":"The Mushroom Lair","floor":8,"turns":2},{"damage":11,"enemies":"Looter","floor":12,"turns":2},{"damage":0,"enemies":"2 Fungi Beasts","floor":14,"turns":2},{"damage":31,"enemies":"Hexaghost","floor":16,"turns":9}],"seed_played":"-1806267814041070389","potions_obtained":[{"floor":1,"key":"BloodPotion"},{"floor":3,"key":"FearPotion"},{"floor":5,"key":"LiquidBronze"},{"floor":8,"key":"Explosive Potion"}],"is_trial":false,"path_per_floor":["M","M","M","M","M","M","R","?","T","?","$","M","R","M","R","B"],"character_chosen":"IRONCLAD","items_purchased":[],"campfire_rested":1,"item_purchase_floors":[],"current_hp_per_floor":[68,58,60,50,25,16,36,30,30,30,30,25,25,31,31,0],"gold":266,"neow_bonus":"THREE_RARE_CARDS","is_prod":false,"is_daily":false,"chose_seed":false,"campfire_upgraded":2,"win_rate":0,"timestamp":1557222827,"path_taken":["M","M","M","M","M","?","R","?","T","?","$","M","R","M","R","BOSS"],"build_version":"2019-01-23","purchased_purges":0,"victory":false,"max_hp_per_floor":[68,68,68,68,68,68,68,68,68,62,62,62,62,62,62,62],"card_choices":[{"not_picked":["Brutality","Exhume"],"picked":"Immolate","floor":0},{"not_picked":["Corruption","Iron Wave"],"picked":"True Grit","floor":1},{"not_picked":["Anger","Pummel"],"picked":"Pommel Strike","floor":2},{"not_picked":["Reckless Charge","Armaments"],"picked":"Carnage","floor":3},{"not_picked":["Twin Strike","Clothesline"],"picked":"Perfected Strike","floor":4},{"not_picked":["Heavy Blade","Fiend Fire"],"picked":"Flame Barrier","floor":5},{"not_picked":["Corruption","Intimidate"],"picked":"Perfected Strike","floor":6},{"not_picked":["Havoc","Wild Strike"],"picked":"Second Wind","floor":8},{"not_picked":["Cleave","Twin Strike"],"picked":"Shockwave","floor":12},{"not_picked":["Body Slam","Spot Weakness"],"picked":"Ghostly Armor","floor":14}],"player_experience":579312,"relics_obtained":[{"floor":8,"key":"Odd Mushroom"},{"floor":9,"key":"Bottled Lightning"}],"event_choices":[{"damage_healed":0,"gold_gain":0,"player_choice":"Fought Mushrooms","damage_taken":0,"max_hp_gain":0,"max_hp_loss":0,"event_name":"Mushrooms","floor":8,"gold_loss":0},{"damage_healed":0,"gold_gain":0,"player_choice":"Lose Max HP","damage_taken":0,"relics_obtained":["Golden Idol"],"max_hp_gain":0,"max_hp_loss":6,"event_name":"Golden Idol","floor":10,"gold_loss":0}],"is_beta":false,"boss_relics":[],"items_purged_floors":[],"is_endless":false,"potions_floor_spawned":[1,3,4,5,8],"killed_by":"Hexaghost","ascension_level":16}