{"gold_per_floor":[110,75,75,86,101,101,101,57,57,70,84,84,118,118,118,190,190,202,23,36,62,75,103,117,117,117,131,146,163,163,179,179,256,256,268,36,52,52,52,52,81,98,98,98,116,134,163,181,181,181,181],"floor_reached":51,"playtime":2237,"items_purged":["Writhe"],"score":1466,"play_id":"35676685-2b85-41e5-a9b9-e59665882e08","local_time":"20190502101457","is_ascension_mode":true,"campfire_choices":[{"data":"Bash","floor":6.0,"key":"SMITH"},{"data":"Uppercut","floor":12.0,"key":"SMITH"},{"floor":15.0,"key":"REST"},{"floor":25.0,"key":"REST"},{"data":"Double Tap","floor":32.0,"key":"SMITH"},{"floor":40.0,"key":"REST"},{"data":"Dual Wield","floor":44.0,"key":"SMITH"},{"floor":49.0,"key":"REST"}],"neow_cost":"NONE","seed_source_timestamp":0,"circlet_count":0,"master_deck":["AscendersBane","Strike_R","Strike_R","Strike_R","Strike_R","Defend_R","Defend_R","Defend_R","Defend_R","Bash+1","Flame Barrier","Brutality+1","Uppercut+1","Corruption","Pummel","Heavy Blade","Hemokinesis","Rupture","Double Tap+1","Spot Weakness","Sword Boomerang+1","Flex","Cleave+1","True Grit+1","Exhume","Dual Wield+1","Dual Wield+1","Infernal Blade","Sword Boomerang+1"],"special_seed":0,"relics":["Black Blood","Regal Pillow","The Courier","Bag of Marbles","Snecko Eye","Lee\u0027s Waffle","Lantern","FossilizedHelix","Question Card","Mummified Hand","Brimstone","Orichalcum","Bottled Tornado","Pen Nib"],"potions_floor_usage":[],"damage_taken":[{"damage":14.0,"enemies":"Jaw Worm","floor":1.0,"turns":3.0},{"damage":13.0,"enemies":"Small Slimes","floor":4.0,"turns":4.0},{"damage":9.0,"enemies":"Cultist","floor":5.0,"turns":4.0},{"damage":9.0,"enemies":"Exordium Wildlife","floor":10.0,"turns":3.0},{"damage":10.0,"enemies":"Red Slaver","floor":11.0,"turns":3.0},{"damage":42.0,"enemies":"3 Sentries","floor":13.0,"turns":7.0},{"damage":29.0,"enemies":"Hexaghost","floor":16.0,"turns":8.0},{"damage":23.0,"enemies":"Shell Parasite","floor":18.0,"turns":3.0},{"damage":31.0,"enemies":"2 Thieves","floor":20.0,"turns":4.0},{"damage":16.0,"enemies":"Centurion and Healer","floor":22.0,"turns":5.0},{"damage":26.0,"enemies":"Gremlin Leader","floor":23.0,"turns":4.0},{"damage":23.0,"enemies":"Cultist and Chosen","floor":24.0,"turns":5.0},{"damage":0.0,"enemies":"Sentry and Sphere","floor":27.0,"turns":4.0},{"damage":11.0,"enemies":"Centurion and Healer","floor":28.0,"turns":3.0},{"damage":4.0,"enemies":"Snecko","floor":29.0,"turns":3.0},{"damage":1.0,"enemies":"3 Cultists","floor":31.0,"turns":3.0},{"damage":35.0,"enemies":"Collector","floor":33.0,"turns":6.0},{"damage":12.0,"enemies":"Orb Walker","floor":35.0,"turns":3.0},{"damage":37.0,"enemies":"3 Shapes","floor":37.0,"turns":5.0},{"damage":5.0,"enemies":"Giant Head","floor":41.0,"turns":3.0},{"damage":9.0,"enemies":"Transient","floor":42.0,"turns":5.0},{"damage":0.0,"enemies":"Spire Growth","floor":45.0,"turns":2.0},{"damage":3.0,"enemies":"Writhing Mass","floor":46.0,"turns":3.0},{"damage":27.0,"enemies":"Reptomancer","floor":47.0,"turns":4.0},{"damage":26.0,"enemies":"4 Shapes","floor":48.0,"turns":3.0},{"damage":75.0,"enemies":"Awakened One","floor":50.0,"turns":6.0},{"damage":22,"enemies":"Donu and Deca","floor":51,"turns":2}],"seed_played":"-2567574878140128611","potions_obtained":[{"floor":1.0,"key":"Strength Potion"},{"floor":5.0,"key":"Weak Potion"},{"floor":16.0,"key":"Ancient Potion"},{"floor":20.0,"key":"SpeedPotion"},{"floor":23.0,"key":"BloodPotion"},{"floor":31.0,"key":"Dexterity Potion"},{"floor":37.0,"key":"GamblersBrew"},{"floor":46.0,"key":"Strength Potion"},{"floor":47.0,"key":"Explosive Potion"}],"is_trial":false,"path_per_floor":["M","?","?","M","M","R","?","$","T","M","M","R","E","$","R","B",null,"M","$","M","T","M","E","M","R","T","M","M","M","?","M","R","B",null,"M","$","M","?","$","R","E","M","T","R","M","M","E","M","R","B","B"],"character_chosen":"IRONCLAD","items_purchased":["Pummel","Lee\u0027s Waffle","Brimstone"],"campfire_rested":4,"item_purchase_floors":[8,19,36],"current_hp_per_floor":[60,75,75,68,65,65,65,65,65,62,58,58,22,22,59,36,65,48,82,57,57,47,27,18,57,57,63,58,60,60,65,65,36,71,69,69,42,42,42,81,82,82,82,82,82,82,65,49,82,17,0],"gold":181,"neow_bonus":"RANDOM_COMMON_RELIC","is_prod":false,"is_daily":false,"chose_seed":false,"campfire_upgraded":4,"win_rate":0,"timestamp":1556806497,"path_taken":["M","?","?","?","M","R","?","$","T","M","M","R","E","$","R","BOSS","M","$","M","?","?","E","M","R","T","M","M","M","?","M","R","BOSS","M","$","M","?","?","R","E","M","T","R","M","M","E","M","R","BOSS","BOSS"],"build_version":"2019-01-23","purchased_purges":1,"victory":false,"max_hp_per_floor":[75,75,75,75,75,75,75,75,75,75,75,75,75,75,75,75,75,75,82,82,82,82,82,82,82,82,82,82,82,82,82,82,82,82,82,82,82,82,82,82,82,82,82,82,82,82,82,82,82,82,82],"card_choices":[{"not_picked":["Havoc","Body Slam"],"picked":"Flame Barrier","floor":1.0},{"not_picked":["Reckless Charge","Headbutt"],"picked":"Uppercut","floor":4.0},{"not_picked":["Headbutt","Rupture"],"picked":"Corruption","floor":5.0},{"not_picked":["Havoc","True Grit"],"picked":"Heavy Blade","floor":10.0},{"not_picked":["Clothesline","Seeing Red"],"picked":"Hemokinesis","floor":11.0},{"not_picked":["Pummel","Wild Strike"],"picked":"Rupture","floor":13.0},{"not_picked":["Feed","Juggernaut"],"picked":"Double Tap","floor":16.0},{"not_picked":["Twin Strike","Shrug It Off","Sever Soul"],"picked":"SKIP","floor":18.0},{"not_picked":["Pommel Strike","Dropkick"],"picked":"Spot Weakness","floor":20.0},{"not_picked":["Wild Strike","Intimidate"],"picked":"Sword Boomerang+1","floor":22.0},{"not_picked":["Clash","Twin Strike"],"picked":"Flex","floor":23.0},{"not_picked":["Cleave","Anger+1","Perfected Strike"],"picked":"SKIP","floor":24.0},{"not_picked":["Wild Strike","Berserk","Body Slam","Heavy Blade"],"picked":"SKIP","floor":27.0},{"not_picked":["Uppercut","Metallicize+1","Shrug It Off"],"picked":"Cleave+1","floor":28.0},{"not_picked":["Clash","Shrug It Off","Burning Pact","Wild Strike"],"picked":"SKIP","floor":29.0},{"not_picked":["Hemokinesis","Armaments","Clothesline"],"picked":"True Grit+1","floor":31.0},{"not_picked":["Bludgeon","Double Tap","Berserk"],"picked":"Exhume","floor":33.0},{"not_picked":["Power Through","Searing Blow","Whirlwind"],"picked":"Dual Wield","floor":35.0},{"not_picked":["Havoc","Pommel Strike+1","Bloodletting+1"],"picked":"Dual Wield+1","floor":37.0},{"not_picked":["Sentinel","Barricade","Seeing Red+1","Armaments"],"picked":"SKIP","floor":41.0},{"not_picked":["Shockwave","True Grit+1","Clothesline"],"picked":"Infernal Blade","floor":42.0},{"not_picked":["Cleave+1","Carnage","Warcry","Headbutt"],"picked":"SKIP","floor":45.0},{"not_picked":["Wild Strike","Heavy Blade","Blood for Blood+1","Shrug It Off"],"picked":"SKIP","floor":46.0},{"not_picked":["Juggernaut","Clash+1","Body Slam+1"],"picked":"Sword Boomerang+1","floor":47.0},{"not_picked":["Pommel Strike","Metallicize","Thunderclap","Fire Breathing"],"picked":"SKIP","floor":48.0}],"player_experience":940983,"relics_obtained":[{"floor":9.0,"key":"The Courier"},{"floor":13.0,"key":"Bag of Marbles"},{"floor":21.0,"key":"Lantern"},{"floor":23.0,"key":"FossilizedHelix"},{"floor":26.0,"key":"Question Card"},{"floor":41.0,"key":"Orichalcum"},{"floor":43.0,"key":"Bottled Tornado"},{"floor":47.0,"key":"Pen Nib"}],"event_choices":[{"damage_healed":18.0,"max_hp_gain":0.0,"max_hp_loss":0.0,"gold_gain":0.0,"event_name":"The Cleric","player_choice":"Healed","floor":2.0,"gold_loss":35.0,"damage_taken":0.0},{"damage_healed":0.0,"max_hp_gain":0.0,"max_hp_loss":0.0,"gold_gain":0.0,"cards_transformed":["Strike_R"],"event_name":"Transmorgrifier","player_choice":"Transformed","floor":3.0,"gold_loss":0.0,"damage_taken":0.0,"cards_obtained":["Brutality"]},{"damage_healed":0.0,"max_hp_gain":0.0,"max_hp_loss":0.0,"gold_gain":0.0,"event_name":"Upgrade Shrine","player_choice":"Upgraded","floor":7.0,"gold_loss":0.0,"damage_taken":0.0,"cards_upgraded":["Brutality"]},{"damage_healed":0.0,"max_hp_gain":0.0,"max_hp_loss":0.0,"gold_gain":0.0,"event_name":"The Mausoleum","player_choice":"Opened","floor":30.0,"gold_loss":0.0,"damage_taken":0.0,"relics_obtained":["Mummified Hand"],"cards_obtained":["Writhe"]},{"damage_healed":0.0,"max_hp_gain":0.0,"max_hp_loss":0.0,"gold_gain":0.0,"event_name":"SecretPortal","player_choice":"Ignored","floor":38.0,"gold_loss":0.0,"damage_taken":0.0}],"is_beta":false,"boss_relics":[{"not_picked":["Black Star","Orrery"],"picked":"Snecko Eye"},{"not_picked":["Empty Cage","Sozu"],"picked":"Black Blood"}],"items_purged_floors":[36],"is_endless":false,"potions_floor_spawned":[1,5,16,20,23,31,37,46,47],"killed_by":"Donu and Deca","ascension_level":20}