{"gold_per_floor":[115,135,310,310,310,344,344,370,395,409,426,440,440,465,465,562,562,572,591,591,791,803,835,835,845,894,894],"floor_reached":27,"playtime":1352,"items_purged":[],"score":268,"play_id":"9e92e1f7-e570-415f-b32e-bc00012e5774","local_time":"20190217161141","is_ascension_mode":false,"campfire_choices":[{"floor":7,"key":"REST"},{"data":"Loop","floor":13,"key":"SMITH"},{"floor":15,"key":"REST"},{"floor":24,"key":"REST"}],"neow_cost":"NONE","seed_source_timestamp":78447678437662,"circlet_count":0,"master_deck":["Strike_B","Strike_B+1","Strike_B+1","Strike_B","Defend_B","Defend_B","Defend_B","Defend_B+1","Zap+1","Dualcast","Static Discharge+1","Loop+1","Doubt","Darkness","Electrodynamics","White Noise","Redo","Heatsinks","Conserve Battery","Hyperbeam","Cold Snap","Storm+1","Storm+1","Rebound","Force Field+1"],"relics":["Cracked Core","Regal Pillow","Bottled Tornado","War Paint","Odd Mushroom","Inserter","Pear","Boot"],"potions_floor_usage":[16,23,23],"damage_taken":[{"damage":8,"enemies":"2 Louse","floor":1,"turns":2},{"damage":0,"enemies":"Small Slimes","floor":2,"turns":3},{"damage":28,"enemies":"Gremlin Nob","floor":6,"turns":4},{"damage":13,"enemies":"Lagavulin","floor":8,"turns":5},{"damage":6,"enemies":"Cultist","floor":10,"turns":2},{"damage":8,"enemies":"3 Louse","floor":11,"turns":2},{"damage":14,"enemies":"Large Slime","floor":12,"turns":3},{"damage":22,"enemies":"The Mushroom Lair","floor":14,"turns":3},{"damage":38,"enemies":"The Guardian","floor":16,"turns":6},{"damage":20,"enemies":"2 Thieves","floor":18,"turns":3},{"damage":10,"enemies":"Chosen","floor":19,"turns":4},{"damage":31,"enemies":"Sentry and Sphere","floor":22,"turns":4},{"damage":13,"enemies":"Book of Stabbing","floor":23,"turns":4},{"damage":24,"enemies":"Centurion and Healer","floor":25,"turns":5},{"damage":38,"enemies":"Shelled Parasite and Fungi","floor":27,"turns":3}],"seed_played":"6481158354855725257","potions_obtained":[{"floor":8,"key":"FearPotion"},{"floor":11,"key":"Dexterity Potion"},{"floor":14,"key":"SteroidPotion"},{"floor":19,"key":"Dexterity Potion"},{"floor":23,"key":"Explosive Potion"},{"floor":25,"key":"Strength Potion"}],"is_trial":false,"path_per_floor":["M","M","?","?","?","E","R","E","T","M","M","M","R","?","R","B",null,"M","M","?","?","M","E","R","M","T","M"],"character_chosen":"DEFECT","items_purchased":[],"campfire_rested":3,"item_purchase_floors":[],"current_hp_per_floor":[74,74,74,58,58,30,69,56,56,50,42,28,28,6,45,7,82,62,52,52,52,21,18,60,36,36,0],"gold":894,"neow_bonus":"TEN_PERCENT_HP_BONUS","is_prod":false,"is_daily":false,"chose_seed":false,"campfire_upgraded":1,"win_rate":0.0,"timestamp":1550441501,"path_taken":["M","M","?","?","?","E","R","E","T","?","M","M","R","?","R","BOSS","M","M","?","?","?","E","R","M","T","M"],"build_version":"2019-01-23","purchased_purges":0,"victory":false,"max_hp_per_floor":[82,82,82,82,82,82,82,82,82,82,82,82,82,82,82,82,82,82,82,82,82,82,92,92,92,92,92],"card_choices":[{"not_picked":["Beam Cell","Hologram"],"picked":"Static Discharge","floor":1},{"not_picked":["BootSequence","Defragment"],"picked":"Loop","floor":2},{"not_picked":["Stack","Blizzard"],"picked":"Darkness","floor":6},{"not_picked":["Streamline","Consume"],"picked":"Electrodynamics","floor":8},{"not_picked":["Coolheaded","Rebound"],"picked":"White Noise","floor":10},{"not_picked":["Leap","Beam Cell"],"picked":"Redo","floor":11},{"not_picked":["Stack","Fusion"],"picked":"Heatsinks","floor":12},{"not_picked":["Coolheaded","Doom and Gloom"],"picked":"Conserve Battery","floor":14},{"not_picked":["Meteor Strike","Thunder Strike"],"picked":"Hyperbeam","floor":16},{"not_picked":["Compile Driver+1","Beam Cell+1"],"picked":"Cold Snap","floor":18},{"not_picked":["Turbo","Streamline"],"picked":"Storm+1","floor":19},{"not_picked":["Doom and Gloom","Conserve Battery"],"picked":"Storm+1","floor":22},{"not_picked":["Reprogram+1","Blizzard"],"picked":"Rebound","floor":23},{"not_picked":["Go for the Eyes+1","Genetic Algorithm+1"],"picked":"Force Field+1","floor":25}],"player_experience":17468,"relics_obtained":[{"floor":6,"key":"Regal Pillow"},{"floor":8,"key":"Bottled Tornado"},{"floor":9,"key":"War Paint"},{"floor":14,"key":"Odd Mushroom"},{"floor":23,"key":"Pear"},{"floor":26,"key":"Boot"}],"event_choices":[{"damage_healed":0,"gold_gain":175,"player_choice":"AGREE","damage_taken":0,"max_hp_gain":0,"max_hp_loss":0,"event_name":"Liars Game","floor":3,"gold_loss":0,"cards_obtained":["Doubt"]},{"damage_healed":0,"gold_gain":0,"player_choice":"Entered Light","damage_taken":16,"max_hp_gain":0,"max_hp_loss":0,"event_name":"Shining Light","floor":4,"gold_loss":0,"cards_upgraded":["Strike_B","Strike_B"]},{"damage_healed":0,"gold_gain":0,"player_choice":"Upgraded","damage_taken":0,"max_hp_gain":0,"max_hp_loss":0,"event_name":"Upgrade Shrine","floor":5,"gold_loss":0,"cards_upgraded":["Static Discharge"]},{"damage_healed":0,"gold_gain":0,"player_choice":"Fought Mushrooms","damage_taken":0,"max_hp_gain":0,"max_hp_loss":0,"event_name":"Mushrooms","floor":14,"gold_loss":0},{"damage_healed":0,"gold_gain":0,"player_choice":"Ignored","damage_taken":0,"max_hp_gain":0,"max_hp_loss":0,"event_name":"Vampires","floor":20,"gold_loss":0},{"damage_healed":0,"gold_gain":200,"player_choice":"Gold","damage_taken":0,"max_hp_gain":0,"max_hp_loss":0,"event_name":"Wheel of Change","floor":21,"gold_loss":0}],"is_beta":false,"boss_relics":[{"not_picked":["Coffee Dripper","Sozu"],"picked":"Inserter"}],"items_purged_floors":[],"is_endless":false,"potions_floor_spawned":[8,11,14,19,22,23,25],"killed_by":"Shelled Parasite and Fungi","ascension_level":0}