{"gold_per_floor":[116,44,44,44,58,92,92,108,187,187,201,227,227],"floor_reached":13,"playtime":6104,"items_purged":[],"score":118,"play_id":"f10e6297-3b84-4cd4-9410-3f29e7e1fcb1","local_time":"20190312023720","is_ascension_mode":false,"campfire_choices":[{"data":"Burst","floor":7.0,"key":"SMITH"},{"data":"Riddle With Holes","floor":10.0,"key":"SMITH"}],"neow_cost":"NONE","seed_source_timestamp":0,"circlet_count":0,"master_deck":["Burst+1","Caltrops","Cloak And Dagger","Defend_G","Defend_G","Defend_G","Defend_G","Defend_G","Heel Hook","Neutralize","Poisoned Stab","Riddle With Holes","Riddle With Holes+1","Strike_G","Strike_G","Strike_G","Strike_G","Survivor"],"special_seed":0,"relics":["Ring of the Snake","NeowsBlessing","Strawberry","Bag of Preparation","Bottled Lightning","Bronze Scales"],"potions_floor_usage":[],"damage_taken":[{"damage":0.0,"enemies":"Small Slimes","floor":1.0,"turns":1.0},{"damage":0.0,"enemies":"Jaw Worm","floor":5.0,"turns":1.0},{"damage":0.0,"enemies":"Gremlin Nob","floor":6.0,"turns":1.0},{"damage":0.0,"enemies":"Cultist","floor":8.0,"turns":3.0},{"damage":12.0,"enemies":"3 Louse","floor":11.0,"turns":4.0},{"damage":57.0,"enemies":"Lagavulin","floor":12.0,"turns":10.0},{"damage":0,"enemies":"2 Fungi Beasts","floor":13,"turns":1}],"seed_played":"-7991229193095977538","potions_obtained":[{"floor":8.0,"key":"SkillPotion"},{"floor":12.0,"key":"GamblersBrew"}],"is_trial":false,"path_per_floor":["M","$","?","?","M","E","R","M","T","R","M","E","M"],"character_chosen":"THE_SILENT","items_purchased":["Riddle With Holes"],"campfire_rested":0,"item_purchase_floors":[2],"current_hp_per_floor":[70,70,70,77,77,77,77,77,77,77,65,8,8],"gold":227,"neow_bonus":"THREE_ENEMY_KILL","is_prod":false,"is_daily":false,"chose_seed":false,"campfire_upgraded":2,"win_rate":0.0,"timestamp":1552376240,"path_taken":["M","$","?","?","M","E","R","M","T","R","M","E","M"],"build_version":"2019-01-23","purchased_purges":0,"victory":false,"max_hp_per_floor":[70,70,70,77,77,77,77,77,77,77,77,77,77],"card_choices":[{"not_picked":["Bane","Poisoned Stab"],"picked":"Dagger Spray","floor":1.0},{"not_picked":["Slice","Endless Agony"],"picked":"Cloak And Dagger","floor":5.0},{"not_picked":["Leg Sweep","Blade Dance"],"picked":"Burst","floor":6.0},{"not_picked":["Dodge and Roll","PiercingWail"],"picked":"Heel Hook","floor":8.0},{"not_picked":["Endless Agony","Finisher"],"picked":"Riddle With Holes","floor":11.0},{"not_picked":["Glass Knife","Slice"],"picked":"Poisoned Stab","floor":12.0}],"player_experience":44320,"relics_obtained":[{"floor":6.0,"key":"Bag of Preparation"},{"floor":9.0,"key":"Bottled Lightning"},{"floor":12.0,"key":"Bronze Scales"}],"event_choices":[{"damage_healed":0.0,"max_hp_gain":0.0,"max_hp_loss":0.0,"gold_gain":0.0,"cards_transformed":["Strike_G"],"event_name":"Living Wall","player_choice":"Change","floor":3.0,"gold_loss":0.0,"damage_taken":0.0,"cards_obtained":["Caltrops"]},{"cards_removed":["Dagger Spray"],"damage_healed":0.0,"max_hp_gain":0.0,"max_hp_loss":0.0,"gold_gain":0.0,"event_name":"WeMeetAgain","player_choice":"Gave Card","floor":4.0,"gold_loss":0.0,"damage_taken":0.0,"relics_obtained":["Strawberry"]}],"is_beta":false,"boss_relics":[],"items_purged_floors":[],"is_endless":false,"potions_floor_spawned":[8,12],"killed_by":"2 Fungi Beasts","ascension_level":0}