{"gold_per_floor":[16,16,32,43,318,318,347,95,95,120,132,132,191,208,208,285,285,297,297,40,40,40,40,59,59,59,59],"floor_reached":27,"playtime":572,"items_purged":["Regret","Writhe"],"score":418,"play_id":"d2493529-28f5-4261-b6c6-19c71023e1e6","local_time":"20190428084218","is_ascension_mode":true,"campfire_choices":[{"data":"Sunder","floor":6,"key":"SMITH"},{"data":"Beam Cell","floor":12,"key":"SMITH"},{"data":"Fusion","floor":15,"key":"SMITH"},{"floor":23,"key":"REST"},{"floor":25,"key":"REST"}],"neow_cost":"NO_GOLD","seed_source_timestamp":413709615093695,"circlet_count":0,"master_deck":["AscendersBane","Strike_B","Strike_B","Strike_B","Defend_B","Defend_B","Defend_B+1","Zap","Dualcast","Reprogram+1","Meteor Strike","Sunder+1","Fusion+1","Ball Lightning","Turbo","Self Repair","Beam Cell+1","Steam","Thunder Strike","Injury","Writhe","Coolheaded+1","Shame"],"relics":["Cracked Core","Bottled Flame","Dead Branch","Strawberry","Calling Bell","Juzu Bracelet","Blue Candle","Peace Pipe","Art of War","War Paint","Nilry\u0027s Codex","Blood Vial"],"potions_floor_usage":[7,7,16,24],"damage_taken":[{"damage":3,"enemies":"Small Slimes","floor":1,"turns":3},{"damage":1,"enemies":"Cultist","floor":3,"turns":3},{"damage":14,"enemies":"Jaw Worm","floor":4,"turns":3},{"damage":20,"enemies":"3 Sentries","floor":7,"turns":4},{"damage":0,"enemies":"Exordium Wildlife","floor":11,"turns":2},{"damage":0,"enemies":"Looter","floor":14,"turns":1},{"damage":50,"enemies":"The Guardian","floor":16,"turns":7},{"damage":22,"enemies":"Chosen","floor":18,"turns":5},{"damage":30,"enemies":"3 Byrds","floor":24,"turns":3},{"damage":32,"enemies":"Shelled Parasite and Fungi","floor":27,"turns":2}],"seed_played":"-1380017073826272646","potions_obtained":[{"floor":1,"key":"Weak Potion"},{"floor":3,"key":"Swift Potion"},{"floor":4,"key":"Strength Potion"},{"floor":11,"key":"EssenceOfSteel"}],"is_trial":false,"path_per_floor":["M","$","M","M","?","R","E","$","T","T","M","R","?","M","R","B",null,"M","?","$","?","?","R","M","R","T","M"],"character_chosen":"DEFECT","items_purchased":["Turbo","Self Repair","Regen Potion","War Paint"],"campfire_rested":2,"item_purchase_floors":[8,8,8,20],"current_hp_per_floor":[61,61,60,46,46,46,26,26,26,33,40,40,40,40,40,12,62,47,47,47,47,26,49,19,42,42,12],"gold":59,"neow_bonus":"TRANSFORM_TWO_CARDS","is_prod":false,"is_daily":false,"chose_seed":false,"campfire_upgraded":3,"win_rate":0,"timestamp":1556455338,"path_taken":["M","$","M","M","?","R","E","?","T","?","?","R","?","M","R","BOSS","M","?","$","?","?","R","M","R","T","M"],"build_version":"2019-01-23","purchased_purges":2,"victory":false,"max_hp_per_floor":[71,71,71,71,71,71,71,71,71,78,78,78,78,78,78,78,78,78,78,78,78,78,78,78,78,78,78],"card_choices":[{"not_picked":["Skim","Stack"],"picked":"Sunder","floor":1},{"not_picked":["Lockon","Coolheaded"],"picked":"Fusion","floor":3},{"not_picked":["Cold Snap","Melter"],"picked":"Ball Lightning","floor":4},{"not_picked":["Barrage","Stack","Turbo"],"picked":"SKIP","floor":7},{"not_picked":["Cold Snap","Tempest"],"picked":"Beam Cell","floor":11},{"not_picked":["Blizzard","Leap"],"picked":"Steam","floor":14},{"not_picked":["Amplify","Buffer"],"picked":"Thunder Strike","floor":16},{"not_picked":["Sunder","Steam"],"picked":"Coolheaded+1","floor":18},{"not_picked":["Darkness","Hello World","Leap"],"picked":"SKIP","floor":24}],"player_experience":932387,"relics_obtained":[{"floor":7,"key":"Bottled Flame"},{"floor":9,"key":"Dead Branch"},{"floor":10,"key":"Strawberry"},{"floor":17,"key":"Juzu Bracelet"},{"floor":17,"key":"Blue Candle"},{"floor":17,"key":"Peace Pipe"},{"floor":22,"key":"Nilry\u0027s Codex"},{"floor":26,"key":"Blood Vial"}],"event_choices":[{"damage_healed":0,"gold_gain":275,"player_choice":"Desecrate","damage_taken":0,"max_hp_gain":0,"max_hp_loss":0,"event_name":"Golden Shrine","floor":5,"gold_loss":0,"cards_obtained":["Regret"]},{"damage_healed":0,"gold_gain":59,"player_choice":"Gained Gold","damage_taken":0,"max_hp_gain":0,"max_hp_loss":0,"event_name":"Golden Wing","floor":13,"gold_loss":0},{"damage_healed":0,"gold_gain":0,"player_choice":"Stole Relic","damage_taken":0,"relics_obtained":["Art of War"],"max_hp_gain":0,"max_hp_loss":0,"event_name":"Addict","floor":19,"gold_loss":0,"cards_obtained":["Shame"]},{"damage_healed":0,"gold_gain":0,"player_choice":"Ignored","damage_taken":0,"max_hp_gain":0,"max_hp_loss":0,"event_name":"Beggar","floor":21,"gold_loss":0},{"damage_healed":0,"gold_gain":0,"player_choice":"Obtained Book","damage_taken":21,"max_hp_gain":0,"max_hp_loss":0,"event_name":"Cursed Tome","floor":22,"gold_loss":0}],"is_beta":false,"boss_relics":[{"not_picked":["Empty Cage","Philosopher\u0027s Stone"],"picked":"Calling Bell"}],"items_purged_floors":[8,20],"is_endless":false,"potions_floor_spawned":[1,3,4,11],"killed_by":"Shelled Parasite and Fungi","ascension_level":20}