{"gold_per_floor":[119,137,152,166,166,166,176,193,239,253,270,270,270,281,281,385,385,400,400,410,423,423],"floor_reached":22,"playtime":1154,"items_purged":[],"score":258,"play_id":"f6bd865c-bf14-4b5b-9caf-2b302555b6ec","local_time":"20180827180755","is_ascension_mode":true,"campfire_choices":[{"data":"Zap","floor":6,"key":"SMITH"},{"data":"Self Repair","floor":12,"key":"SMITH"},{"data":"Reinforced Body","floor":15,"key":"SMITH"}],"neow_cost":"PERCENT_DAMAGE","seed_source_timestamp":322604667213912,"circlet_count":0,"master_deck":["Defend_B","Defend_B","Defend_B","Zap+1","Dualcast","Reinforced Body+1","Gash","Rebound","Self Repair+1","Gash","Ball Lightning+1","Force Field+1","Fusion+1"],"relics":["Cracked Core","Oddly Smooth Stone","Astrolabe"],"potions_floor_usage":[11,16,16,21,21,21],"damage_taken":[{"damage":0,"enemies":"Small Slimes","floor":1,"turns":5},{"damage":1,"enemies":"Cultist","floor":2,"turns":4},{"damage":0,"enemies":"Jaw Worm","floor":3,"turns":4},{"damage":3,"enemies":"Blue Slaver","floor":4,"turns":5},{"damage":2,"enemies":"Exordium Wildlife","floor":7,"turns":5},{"damage":10,"enemies":"2 Fungi Beasts","floor":8,"turns":4},{"damage":0,"enemies":"3 Louse","floor":10,"turns":4},{"damage":10,"enemies":"Gremlin Gang","floor":11,"turns":3},{"damage":0,"enemies":"2 Fungi Beasts","floor":14,"turns":4},{"damage":24,"enemies":"The Guardian","floor":16,"turns":9},{"damage":30,"enemies":"3 Byrds","floor":18,"turns":7},{"damage":19,"enemies":"Spheric Guardian","floor":20,"turns":4},{"damage":32,"enemies":"3 Cultists","floor":21,"turns":7},{"damage":31,"enemies":"Chosen and Byrds","floor":22,"turns":4}],"seed_played":"5155582591240589734","potions_obtained":[{"floor":7,"key":"AttackPotion"},{"floor":8,"key":"SpeedPotion"},{"floor":10,"key":"Explosive Potion"},{"floor":11,"key":"Weak Potion"},{"floor":18,"key":"SpeedPotion"},{"floor":20,"key":"SkillPotion"}],"is_trial":false,"path_per_floor":["M","M","M","M","?","R","M","M","T","M","M","R","?","M","R","B",null,"M","?","M","M"],"character_chosen":"DEFECT","items_purchased":[],"campfire_rested":0,"item_purchase_floors":[],"current_hp_per_floor":[50,49,49,46,75,75,73,63,63,63,53,53,53,63,63,49,69,49,49,40,18,0],"gold":423,"neow_bonus":"TRANSFORM_TWO_CARDS","is_prod":false,"is_daily":false,"chose_seed":false,"campfire_upgraded":3,"win_rate":0,"timestamp":1535386075,"path_taken":["M","M","M","M","?","R","M","M","T","M","M","R","?","M","R","BOSS","M","?","M","M","M"],"build_version":"2018-08-23v2","purchased_purges":0,"victory":false,"max_hp_per_floor":[75,75,75,75,75,75,75,75,75,75,75,75,75,75,75,75,75,75,75,75,75,75],"card_choices":[{"not_picked":["Cold Snap","Barrage"],"picked":"Turbo","floor":1},{"not_picked":["Leap","Aggregate","Sweeping Beam"],"picked":"SKIP","floor":2},{"not_picked":["Redo","Chill","Compile Driver"],"picked":"SKIP","floor":3},{"not_picked":["Turbo","Barrage"],"picked":"Gash","floor":4},{"not_picked":["Stack","Melter"],"picked":"Rebound","floor":7},{"not_picked":["Reprogram","Turbo","Sweeping Beam"],"picked":"SKIP","floor":8},{"not_picked":["Beam Cell","Stack"],"picked":"Self Repair","floor":10},{"not_picked":["Chaos","Defragment"],"picked":"Gash","floor":11},{"not_picked":["Skim","Sweeping Beam","Cold Snap"],"picked":"SKIP","floor":14},{"not_picked":["Reprogram","Beam Cell","Rebound+1"],"picked":"SKIP","floor":18},{"not_picked":["Hello World+1","Recycle+1","Rip and Tear"],"picked":"SKIP","floor":20},{"not_picked":["Rebound","Cold Snap","Go for the Eyes"],"picked":"SKIP","floor":21}],"player_experience":541826,"relics_obtained":[{"floor":9,"key":"Oddly Smooth Stone"}],"event_choices":[{"event_name":"Bonfire Elementals","player_choice":"UNCOMMON","floor":5,"damage_taken":0},{"event_name":"Living Wall","player_choice":"Forget","floor":13,"damage_taken":0},{"event_name":"Cursed Tome","player_choice":"Ignored","floor":19,"damage_taken":0}],"is_beta":false,"boss_relics":[{"not_picked":["Black Star","Philosopher\u0027s Stone"],"picked":"Astrolabe"}],"items_purged_floors":[],"is_endless":false,"potions_floor_spawned":[7,8,10,11,18,20],"killed_by":"Chosen and Byrds","ascension_level":8}