{"gold_per_floor":[111,126,146,163,103,103,103,103,103,103,103,103,117,5,5,84,84,102,18,18,31,61,61,91,91,173,173,203,217,217],"floor_reached":30,"playtime":1423,"items_purged":["Strike_G"],"score":499,"play_id":"ad0d620b-653c-4ca8-99fa-bcd1ddc8fc83","local_time":"20190508125323","is_ascension_mode":true,"campfire_choices":[{"data":"Crippling Poison","floor":6.0,"key":"SMITH"},{"data":"Noxious Fumes","floor":8.0,"key":"SMITH"},{"data":"Footwork","floor":10.0,"key":"SMITH"},{"data":"Deadly Poison","floor":12.0,"key":"SMITH"},{"data":"Venomology","floor":15.0,"key":"SMITH"},{"floor":23.0,"key":"REST"},{"floor":25.0,"key":"REST"},{"floor":27.0,"key":"REST"}],"neow_cost":"NONE","seed_source_timestamp":10027522924746,"circlet_count":0,"master_deck":["AscendersBane","Defend_G","Defend_G","Defend_G","Defend_G","Defend_G","Strike_G","Survivor","Neutralize","Footwork+1","Crippling Poison+1","Skewer","Noxious Fumes+1","Deadly Poison+1","Riddle With Holes","Venomology+1","Backstab","Night Terror","Well Laid Plans","Noxious Fumes","Outmaneuver+1"],"special_seed":0,"relics":["Ring of the Serpent","Pear","Red Mask","Paper Crane","Gremlin Horn","Molten Egg 2"],"potions_floor_usage":[30],"damage_taken":[{"damage":3.0,"enemies":"Cultist","floor":1.0,"turns":5.0},{"damage":1.0,"enemies":"2 Louse","floor":2.0,"turns":4.0},{"damage":2.0,"enemies":"Jaw Worm","floor":3.0,"turns":6.0},{"damage":16.0,"enemies":"3 Louse","floor":4.0,"turns":6.0},{"damage":1.0,"enemies":"Looter","floor":5.0,"turns":5.0},{"damage":1.0,"enemies":"Large Slime","floor":13.0,"turns":5.0},{"damage":4.0,"enemies":"Hexaghost","floor":16.0,"turns":9.0},{"damage":8.0,"enemies":"Spheric Guardian","floor":18.0,"turns":5.0},{"damage":16.0,"enemies":"Shell Parasite","floor":21.0,"turns":5.0},{"damage":21.0,"enemies":"Masked Bandits","floor":22.0,"turns":3.0},{"damage":37.0,"enemies":"Slavers","floor":24.0,"turns":5.0},{"damage":25.0,"enemies":"Gremlin Leader","floor":28.0,"turns":7.0},{"damage":30.0,"enemies":"3 Cultists","floor":29.0,"turns":6.0},{"damage":8,"enemies":"Shelled Parasite and Fungi","floor":30,"turns":3}],"seed_played":"-2009217313352423712","potions_obtained":[{"floor":3.0,"key":"LiquidBronze"},{"floor":13.0,"key":"Swift Potion"},{"floor":18.0,"key":"Explosive Potion"},{"floor":22.0,"key":"Block Potion"},{"floor":29.0,"key":"Swift Potion"}],"is_trial":false,"path_per_floor":["M","M","M","M","M","R","?","R","T","R","?","R","M","$","R","B",null,"M","$","?","M","?","R","E","R","T","R","E","M","M"],"character_chosen":"THE_SILENT","items_purchased":["Backstab","Noxious Fumes"],"campfire_rested":3,"item_purchase_floors":[14,19],"current_hp_per_floor":[56,55,53,37,36,36,36,36,46,46,46,46,45,45,45,41,67,59,59,59,43,22,44,7,29,29,51,26,7,0],"gold":217,"neow_bonus":"REMOVE_CARD","is_prod":false,"is_daily":false,"chose_seed":false,"campfire_upgraded":5,"win_rate":0,"timestamp":1557287603,"path_taken":["M","M","M","M","?","R","?","R","T","R","?","R","?","$","R","BOSS","M","$","?","M","?","R","E","R","T","R","E","M","M"],"build_version":"2019-01-23","purchased_purges":1,"victory":false,"max_hp_per_floor":[66,66,66,66,66,66,66,66,76,76,76,76,76,76,76,76,76,76,76,76,76,76,76,76,76,76,76,76,76,76],"card_choices":[{"not_picked":["PiercingWail","Deflect"],"picked":"Footwork","floor":1.0},{"not_picked":["Terror","Cloak And Dagger"],"picked":"Crippling Poison","floor":2.0},{"not_picked":["Underhanded Strike","Riddle With Holes"],"picked":"Skewer","floor":3.0},{"not_picked":["Dodge and Roll","Endless Agony"],"picked":"Noxious Fumes","floor":4.0},{"not_picked":["Expertise","Sucker Punch"],"picked":"Deadly Poison","floor":5.0},{"not_picked":["Dagger Throw","Cloak And Dagger"],"picked":"Venomology","floor":13.0},{"not_picked":["Burst","Grand Finale"],"picked":"Night Terror","floor":16.0},{"not_picked":["Prepared","Underhanded Strike"],"picked":"Well Laid Plans","floor":18.0},{"not_picked":["Poisoned Stab","Outmaneuver","Distraction"],"picked":"SKIP","floor":21.0},{"not_picked":["Blade Dance","Sucker Punch"],"picked":"Outmaneuver+1","floor":22.0},{"not_picked":["A Thousand Cuts","Heel Hook","Underhanded Strike"],"picked":"SKIP","floor":24.0},{"not_picked":["Poisoned Stab","Endless Agony","Crippling Poison"],"picked":"SKIP","floor":28.0},{"not_picked":["Cloak And Dagger","Underhanded Strike+1","Storm of Steel"],"picked":"SKIP","floor":29.0}],"player_experience":764417,"relics_obtained":[{"floor":9.0,"key":"Pear"},{"floor":22.0,"key":"Red Mask"},{"floor":24.0,"key":"Paper Crane"},{"floor":26.0,"key":"Gremlin Horn"},{"floor":28.0,"key":"Molten Egg 2"}],"event_choices":[{"damage_healed":0.0,"max_hp_gain":0.0,"max_hp_loss":0.0,"gold_gain":0.0,"cards_transformed":["Strike_G"],"event_name":"Living Wall","player_choice":"Change","floor":7.0,"gold_loss":0.0,"damage_taken":0.0,"cards_obtained":["Riddle With Holes"]},{"cards_removed":["Strike_G"],"damage_healed":0.0,"max_hp_gain":0.0,"max_hp_loss":0.0,"gold_gain":0.0,"event_name":"Bonfire Elementals","player_choice":"Offered Basic","floor":11.0,"gold_loss":0.0,"damage_taken":0.0},{"damage_healed":0.0,"max_hp_gain":0.0,"max_hp_loss":0.0,"gold_gain":0.0,"event_name":"Cursed Tome","player_choice":"Ignored","floor":20.0,"gold_loss":0.0,"damage_taken":0.0},{"damage_healed":0.0,"max_hp_gain":0.0,"max_hp_loss":0.0,"gold_gain":0.0,"event_name":"Masked Bandits","player_choice":"Fought Bandits","floor":22.0,"gold_loss":0.0,"damage_taken":0.0}],"is_beta":false,"boss_relics":[{"not_picked":["Lizard Tail","Snecko Eye"],"picked":"Ring of the Serpent"}],"items_purged_floors":[14],"is_endless":false,"potions_floor_spawned":[3,13,18,22,29],"killed_by":"Shelled Parasite and Fungi","ascension_level":19}