{"gold_per_floor":[109,124,49,61,61,61,75,75,75,75,250,279,295,295,295,390,390,405,20,20,32,51,51,69,69,69,0,0,0,13,27,27,127,127,142,159,169,169,37,37,68,88,161,161,195,212,212,232,232,232],"floor_reached":51,"playtime":2371,"items_purged":["Strike_B","Doubt","Decay"],"score":784,"play_id":"8d589157-4ed5-47fc-b6ac-9275e88dfa57","local_time":"20190317134718","is_ascension_mode":false,"campfire_choices":[{"data":"Zap","floor":6.0,"key":"SMITH"},{"data":"Streamline","floor":8.0,"key":"SMITH"},{"data":"Hologram","floor":10.0,"key":"SMITH"},{"data":"Darkness","floor":15.0,"key":"SMITH"},{"floor":23.0,"key":"REST"},{"data":"Hologram","floor":25.0,"key":"SMITH"},{"data":"Dualcast","floor":29.0,"key":"SMITH"},{"floor":32.0,"key":"REST"},{"floor":40.0,"key":"REST"},{"floor":44.0,"key":"REST"},{"floor":49,"key":"REST"}],"neow_cost":"NONE","seed_source_timestamp":51932913701000,"circlet_count":0,"master_deck":["Strike_B","Strike_B","Defend_B","Defend_B","Defend_B","Defend_B","Zap+1","Dualcast+1","Aggregate","Streamline+1","Hologram+1","Beam Cell","Darkness+1","Buffer+1","Electrodynamics+1","Gash","Heatsinks+1","Capacitor+1","Biased Cognition+1","Hello World+1","Loop+1","Hologram+1","Gash","Meteor Strike","Gash","Thunder Strike","Storm+1","Hologram","Turbo+1","Glacier","Machine Learning+1","Heatsinks+1","Hologram+1","Writhe","Loop+1"],"special_seed":0,"relics":["Cracked Core","Frozen Egg 2","Sundial","The Courier","Nuclear Battery","Torii","Fusion Hammer","FaceOfCleric","Bag of Marbles","Singing Bowl","Bottled Flame"],"potions_floor_usage":[48],"damage_taken":[{"damage":0.0,"enemies":"2 Louse","floor":1.0,"turns":3.0},{"damage":5.0,"enemies":"Small Slimes","floor":2.0,"turns":2.0},{"damage":6.0,"enemies":"Jaw Worm","floor":4.0,"turns":3.0},{"damage":0.0,"enemies":"3 Louse","floor":7.0,"turns":3.0},{"damage":16.0,"enemies":"Lagavulin","floor":12.0,"turns":4.0},{"damage":8.0,"enemies":"2 Fungi Beasts","floor":13.0,"turns":4.0},{"damage":18.0,"enemies":"The Guardian","floor":16.0,"turns":9.0},{"damage":0.0,"enemies":"Spheric Guardian","floor":18.0,"turns":4.0},{"damage":18.0,"enemies":"2 Thieves","floor":21.0,"turns":3.0},{"damage":39.0,"enemies":"Snake Plant","floor":22.0,"turns":4.0},{"damage":0.0,"enemies":"Snecko","floor":24.0,"turns":4.0},{"damage":34.0,"enemies":"Shelled Parasite and Fungi","floor":30.0,"turns":4.0},{"damage":1.0,"enemies":"Cultist and Chosen","floor":31.0,"turns":3.0},{"damage":41.0,"enemies":"Collector","floor":33.0,"turns":8.0},{"damage":1.0,"enemies":"Orb Walker","floor":35.0,"turns":2.0},{"damage":2.0,"enemies":"3 Shapes","floor":36.0,"turns":3.0},{"damage":50.0,"enemies":"Writhing Mass","floor":37.0,"turns":6.0},{"damage":8.0,"enemies":"Giant Head","floor":41.0,"turns":7.0},{"damage":6.0,"enemies":"Spire Growth","floor":42.0,"turns":3.0},{"damage":47.0,"enemies":"Reptomancer","floor":45.0,"turns":5.0},{"damage":1,"enemies":"Sphere and 2 Shapes","floor":46,"turns":4},{"damage":11,"enemies":"Jaw Worm Horde","floor":48,"turns":2},{"damage":65,"enemies":"Donu and Deca","floor":50,"turns":5}],"seed_played":"4124065783453891900","potions_obtained":[{"floor":1.0,"key":"Explosive Potion"},{"floor":12.0,"key":"SpeedPotion"},{"floor":13.0,"key":"SkillPotion"},{"floor":22.0,"key":"SneckoOil"},{"floor":30.0,"key":"Fruit Juice"},{"floor":33.0,"key":"Explosive Potion"},{"floor":36.0,"key":"SkillPotion"},{"floor":42.0,"key":"Dexterity Potion"},{"floor":45.0,"key":"Swift Potion"}],"is_trial":false,"path_per_floor":["M","M","$","M","?","R","M","R","T","R","?","E","M","?","R","B",null,"M","$","?","M","M","R","M","R","T","?","?","R","M","M","R","B",null,"M","M","M","?","$","R","E","M","T","R","E","M","?","M","R","B",null],"character_chosen":"DEFECT","items_purchased":["Heatsinks+1","Capacitor+1","Biased Cognition+1","Hello World+1","Glacier"],"campfire_rested":5,"item_purchase_floors":[19,19,19,19,39],"current_hp_per_floor":[82,77,77,71,64,64,64,64,64,64,64,48,40,40,40,22,82,82,82,82,64,25,49,49,49,49,49,49,49,15,19,45,4,87,86,84,34,34,34,60,53,48,48,74,28,30,53,43,71,7],"gold":232,"neow_bonus":"TEN_PERCENT_HP_BONUS","is_prod":false,"is_daily":false,"chose_seed":false,"campfire_upgraded":6,"win_rate":0,"timestamp":1552801638,"path_taken":["M","M","$","M","?","R","M","R","T","R","?","E","M","?","R","BOSS","M","$","?","M","M","R","M","R","T","?","?","R","M","M","R","BOSS","M","M","M","?","$","R","E","M","T","R","E","?","?","M","R","BOSS"],"build_version":"2019-01-23","purchased_purges":3,"victory":true,"max_hp_per_floor":[82,82,82,82,82,82,82,82,82,82,82,82,82,82,82,82,82,82,82,82,82,82,82,82,82,82,82,82,82,82,87,87,87,87,87,87,87,87,87,87,88,89,89,89,90,93,93,94,94,95],"card_choices":[{"not_picked":["Darkness","Rebound"],"picked":"Aggregate","floor":1.0},{"not_picked":["Compile Driver","Barrage"],"picked":"Streamline","floor":2.0},{"not_picked":["Fusion","Rebound"],"picked":"Hologram","floor":4.0},{"not_picked":["Auto Shields","Consume"],"picked":"Beam Cell","floor":7.0},{"not_picked":["Melter","Turbo"],"picked":"Darkness","floor":12.0},{"not_picked":["Storm+1","Conserve Battery"],"picked":"Buffer+1","floor":13.0},{"not_picked":["Echo Form+1","Thunder Strike"],"picked":"Electrodynamics+1","floor":16.0},{"not_picked":["Darkness+1","Coolheaded"],"picked":"Gash","floor":18.0},{"not_picked":["Sweeping Beam","Darkness"],"picked":"Loop+1","floor":21.0},{"not_picked":["Rebound","Conserve Battery+1"],"picked":"Hologram","floor":22.0},{"not_picked":["Blizzard","Go for the Eyes"],"picked":"Gash","floor":24.0},{"not_picked":["Undo","Scrape"],"picked":"Meteor Strike","floor":30.0},{"not_picked":["Blizzard","Turbo"],"picked":"Gash","floor":31.0},{"not_picked":["All For One","Reboot"],"picked":"Thunder Strike","floor":33.0},{"not_picked":["Reprogram","Gash+1"],"picked":"Storm+1","floor":35.0},{"not_picked":["Conserve Battery","Coolheaded"],"picked":"Hologram","floor":36.0},{"not_picked":["Scrape","Auto Shields"],"picked":"Turbo+1","floor":37.0},{"not_picked":["Cold Snap","Beam Cell+1"],"picked":"Machine Learning+1","floor":41.0},{"not_picked":["Storm+1","Conserve Battery+1"],"picked":"Heatsinks+1","floor":42.0},{"not_picked":["Hologram+1","Stack","Recycle"],"picked":"SKIP","floor":45.0},{"not_picked":["Stack","Recycle"],"picked":"Hologram+1","floor":45.0},{"not_picked":["Melter+1","Gash","Hologram"],"picked":"Singing Bowl","floor":46},{"not_picked":["Conserve Battery","Sweeping Beam"],"picked":"Loop+1","floor":48}],"player_experience":389303,"relics_obtained":[{"floor":9.0,"key":"Frozen Egg 2"},{"floor":12.0,"key":"Sundial"},{"floor":26.0,"key":"Torii"},{"floor":41.0,"key":"Bag of Marbles"},{"floor":43.0,"key":"Singing Bowl"},{"floor":45.0,"key":"Bottled Flame"}],"event_choices":[{"cards_removed":["Strike_B"],"damage_healed":0.0,"max_hp_gain":0.0,"max_hp_loss":0.0,"gold_gain":0.0,"event_name":"Golden Wing","player_choice":"Card Removal","floor":5.0,"gold_loss":0.0,"damage_taken":7.0},{"damage_healed":0.0,"max_hp_gain":0.0,"max_hp_loss":0.0,"gold_gain":175.0,"event_name":"Liars Game","player_choice":"AGREE","floor":11.0,"gold_loss":0.0,"damage_taken":0.0,"cards_obtained":["Doubt"]},{"damage_healed":0.0,"max_hp_gain":0.0,"max_hp_loss":0.0,"gold_gain":0.0,"event_name":"Dead Adventurer","player_choice":"Searched \u00272\u0027 times","floor":14.0,"gold_loss":0.0,"damage_taken":0.0,"relics_obtained":["The Courier"]},{"damage_healed":0.0,"max_hp_gain":0.0,"max_hp_loss":0.0,"gold_gain":0.0,"event_name":"Vampires","player_choice":"Ignored","floor":20.0,"gold_loss":0.0,"damage_taken":0.0},{"damage_healed":0.0,"max_hp_gain":0.0,"max_hp_loss":0.0,"gold_gain":0.0,"event_name":"Masked Bandits","player_choice":"Paid Fearfully","floor":27.0,"gold_loss":69.0,"damage_taken":0.0},{"damage_healed":0.0,"max_hp_gain":0.0,"max_hp_loss":0.0,"gold_gain":0.0,"event_name":"Forgotten Altar","player_choice":"Smashed Altar","floor":28.0,"gold_loss":0.0,"damage_taken":0.0,"cards_obtained":["Decay"]},{"damage_healed":0.0,"max_hp_gain":0.0,"max_hp_loss":0.0,"gold_gain":0.0,"event_name":"FaceTrader","player_choice":"Trade","floor":38.0,"gold_loss":0.0,"damage_taken":0.0,"relics_obtained":["FaceOfCleric"]},{"damage_healed":23,"gold_gain":0,"player_choice":"Writhe","damage_taken":0,"max_hp_gain":0,"max_hp_loss":0,"event_name":"Winding Halls","floor":47,"gold_loss":0,"cards_obtained":["Writhe"]}],"is_beta":false,"boss_relics":[{"not_picked":["Coffee Dripper","Runic Dome"],"picked":"Nuclear Battery"},{"not_picked":["FrozenCore","Runic Pyramid"],"picked":"Fusion Hammer"}],"items_purged_floors":[3,19,39],"is_endless":false,"potions_floor_spawned":[1,12,13,22,30,33,36,42,45],"ascension_level":0}