{"gold_per_floor":[114,114,36,36,52,52,127,127,127,139,157,107,12,27,27,27],"floor_reached":16,"playtime":665,"items_purged":[],"score":90,"play_id":"114583bf-b304-4260-8e34-c11e3e768171","local_time":"20190413163324","is_ascension_mode":false,"campfire_choices":[{"data":"Distraction","floor":6,"key":"SMITH"},{"data":"Burst","floor":15,"key":"SMITH"}],"neow_cost":"NONE","seed_source_timestamp":258878805590700,"circlet_count":0,"master_deck":["Defend_G","Defend_G","Defend_G","Defend_G","Strike_G","Strike_G","Strike_G","Survivor","Neutralize","Accuracy","Blur","Distraction+1","Bane","Infinite Blades","Panacea","Burst+1"],"relics":["Ring of the Snake","Happy Flower"],"potions_floor_usage":[5,11,16],"damage_taken":[{"damage":2,"enemies":"Small Slimes","floor":1,"turns":5},{"damage":0,"enemies":"2 Louse","floor":5,"turns":5},{"damage":7,"enemies":"Cultist","floor":10,"turns":5},{"damage":0,"enemies":"Blue Slaver","floor":11,"turns":3},{"damage":0,"enemies":"2 Fungi Beasts","floor":14,"turns":6},{"damage":46,"enemies":"The Guardian","floor":16,"turns":12}],"seed_played":"6304279360677007278","potions_obtained":[{"floor":1,"key":"SkillPotion"},{"floor":10,"key":"Fire Potion"},{"floor":14,"key":"Swift Potion"}],"is_trial":false,"path_per_floor":["M","?","$","?","M","R","?","?","T","M","M","?","$","M","R","B"],"character_chosen":"THE_SILENT","items_purchased":["Blur","Panacea"],"campfire_rested":0,"item_purchase_floors":[3,13],"current_hp_per_floor":[75,68,68,68,68,68,57,50,50,43,43,43,43,43,43,0],"gold":27,"neow_bonus":"TEN_PERCENT_HP_BONUS","is_prod":false,"is_daily":false,"chose_seed":false,"campfire_upgraded":2,"win_rate":0.0,"timestamp":1555191204,"path_taken":["M","?","$","?","M","R","?","?","T","?","M","?","$","M","R","BOSS"],"build_version":"2019-01-23","purchased_purges":0,"victory":false,"max_hp_per_floor":[77,77,77,77,77,77,77,77,77,77,77,77,77,77,77,77],"card_choices":[{"not_picked":["Leg Sweep","Setup"],"picked":"Accuracy","floor":1},{"not_picked":["Flying Knee","Dodge and Roll"],"picked":"Bane","floor":5},{"not_picked":["Reflex","Dodge and Roll","Outmaneuver"],"picked":"SKIP","floor":10},{"not_picked":["Dagger Throw","Bane"],"picked":"Infinite Blades","floor":11},{"not_picked":["Poisoned Stab","Endless Agony"],"picked":"Burst","floor":14}],"player_experience":109834,"relics_obtained":[{"floor":9,"key":"Happy Flower"}],"event_choices":[{"cards_removed":["Strike_G"],"damage_healed":0,"gold_gain":0,"player_choice":"Card Removal","damage_taken":7,"max_hp_gain":0,"max_hp_loss":0,"event_name":"Golden Wing","floor":2,"gold_loss":0},{"damage_healed":0,"gold_gain":0,"cards_transformed":["Defend_G"],"player_choice":"Change","damage_taken":0,"max_hp_gain":0,"max_hp_loss":0,"event_name":"Living Wall","floor":4,"gold_loss":0,"cards_obtained":["Distraction"]},{"damage_healed":0,"gold_gain":75,"player_choice":"Gather Gold","damage_taken":11,"max_hp_gain":0,"max_hp_loss":0,"event_name":"World of Goop","floor":7,"gold_loss":0},{"damage_healed":0,"gold_gain":0,"player_choice":"Damaged","damage_taken":7,"max_hp_gain":0,"max_hp_loss":0,"event_name":"Wheel of Change","floor":8,"gold_loss":0},{"cards_removed":["Strike_G"],"damage_healed":0,"gold_gain":0,"player_choice":"Card Removal","damage_taken":0,"max_hp_gain":0,"max_hp_loss":0,"event_name":"The Cleric","floor":12,"gold_loss":50}],"is_beta":false,"boss_relics":[],"items_purged_floors":[],"is_endless":false,"potions_floor_spawned":[1,10,14],"killed_by":"The Guardian","ascension_level":0}