{"gold_per_floor":[364,80,99,110,26,26,61,61,61,61,80,80,97,97,97,169,169,186,201,11,21,21,21,41,41],"floor_reached":25,"playtime":804,"items_purged":[],"score":406,"play_id":"02c5380d-9977-44bd-ba71-fbd74491aa35","local_time":"20190205112531","is_ascension_mode":true,"campfire_choices":[{"data":"Footwork","floor":6,"key":"SMITH"},{"floor":8,"key":"REST"},{"data":"Deflect","floor":10,"key":"SMITH"},{"data":"Caltrops","floor":12,"key":"SMITH"},{"data":"Deflect","floor":15,"key":"SMITH"},{"data":"Blade Dance","floor":23,"key":"SMITH"}],"neow_cost":"TEN_PERCENT_HP_LOSS","seed_source_timestamp":58779079697363,"circlet_count":0,"master_deck":["AscendersBane","Defend_G","Defend_G","Defend_G","Defend_G+1","Defend_G","Strike_G","Strike_G","Strike_G","Strike_G","Strike_G","Survivor","Neutralize+1","Deflect+1","Caltrops+1","Terror","Footwork+1","Die Die Die+1","Dash+1","Deflect+1","Die Die Die+1","Dagger Spray+1","Finesse","Footwork","Blade Dance+1","Dash+1"],"relics":["Ring of the Snake","Letter Opener","Molten Egg 2","Pear","WristBlade"],"potions_floor_usage":[7,19,22],"damage_taken":[{"damage":3,"enemies":"Cultist","floor":1,"turns":4},{"damage":7,"enemies":"Small Slimes","floor":3,"turns":4},{"damage":3,"enemies":"Jaw Worm","floor":4,"turns":4},{"damage":21,"enemies":"Lagavulin","floor":7,"turns":8},{"damage":0,"enemies":"2 Fungi Beasts","floor":11,"turns":3},{"damage":0,"enemies":"Gremlin Gang","floor":13,"turns":1},{"damage":23,"enemies":"The Guardian","floor":16,"turns":11},{"damage":16,"enemies":"Spheric Guardian","floor":18,"turns":5},{"damage":7,"enemies":"Chosen","floor":19,"turns":4},{"damage":9,"enemies":"Centurion and Healer","floor":21,"turns":9},{"damage":2,"enemies":"Colosseum Slavers","floor":22,"turns":2},{"damage":2,"enemies":"Snecko","floor":24,"turns":6},{"damage":22,"enemies":"Slavers","floor":25,"turns":2}],"seed_played":"-3899655552078771561","potions_obtained":[{"floor":3,"key":"Fire Potion"},{"floor":16,"key":"GhostInAJar"},{"floor":18,"key":"Fire Potion"}],"is_trial":false,"path_per_floor":["M","$","M","M","$","R","E","R","T","R","M","R","M","?","R","B",null,"M","M","$","M","?","R","M","E"],"character_chosen":"THE_SILENT","items_purchased":["Letter Opener","Footwork","Finesse","Footwork"],"campfire_rested":1,"item_purchase_floors":[2,5,20,20],"current_hp_per_floor":[56,56,49,46,46,46,25,43,53,53,53,53,53,32,32,9,55,39,32,32,23,21,21,19,0],"gold":41,"neow_bonus":"TWO_FIFTY_GOLD","is_prod":false,"is_daily":false,"chose_seed":false,"campfire_upgraded":5,"win_rate":0,"timestamp":1549383931,"path_taken":["M","$","?","M","$","R","E","R","T","R","M","R","M","?","R","BOSS","M","M","$","M","?","R","M","E"],"build_version":"2019-01-23","purchased_purges":0,"victory":false,"max_hp_per_floor":[60,60,60,60,60,60,60,60,70,70,70,70,70,70,70,70,70,70,70,70,70,70,70,70,70],"card_choices":[{"not_picked":["Underhanded Strike","Deadly Poison"],"picked":"Deflect","floor":1},{"not_picked":["Prepared","Flechettes"],"picked":"Caltrops","floor":3},{"not_picked":["Acrobatics","Flying Knee"],"picked":"Terror","floor":4},{"not_picked":["Flying Knee","Predator"],"picked":"Die Die Die","floor":7},{"not_picked":["Poisoned Stab+1","PiercingWail"],"picked":"Dash+1","floor":11},{"not_picked":["Dagger Throw+1","Masterful Stab+1"],"picked":"Deflect","floor":13},{"not_picked":["Envenom","Venomology"],"picked":"Die Die Die+1","floor":16},{"not_picked":["Poisoned Stab+1","Deadly Poison"],"picked":"Dagger Spray+1","floor":18},{"not_picked":["Deadly Poison","Expertise","Skewer+1"],"picked":"SKIP","floor":19},{"not_picked":["Sucker Punch+1","Deadly Poison"],"picked":"Blade Dance","floor":21},{"not_picked":["Bane+1","Dagger Spray+1"],"picked":"Dash+1","floor":24}],"player_experience":814939,"relics_obtained":[{"floor":7,"key":"Molten Egg 2"},{"floor":9,"key":"Pear"}],"event_choices":[{"damage_healed":0,"gold_gain":0,"player_choice":"Entered Light","damage_taken":21,"max_hp_gain":0,"max_hp_loss":0,"event_name":"Shining Light","floor":14,"gold_loss":0,"cards_upgraded":["Defend_G","Neutralize"]},{"damage_healed":0,"gold_gain":0,"player_choice":"Fight","damage_taken":0,"max_hp_gain":0,"max_hp_loss":0,"event_name":"Colosseum","floor":22,"gold_loss":0},{"damage_healed":0,"gold_gain":0,"player_choice":"Fled From Nobs","damage_taken":0,"max_hp_gain":0,"max_hp_loss":0,"event_name":"Colosseum","floor":22,"gold_loss":0}],"is_beta":false,"boss_relics":[{"not_picked":["Runic Pyramid","Empty Cage"],"picked":"WristBlade"}],"items_purged_floors":[],"is_endless":false,"potions_floor_spawned":[3,16,18,22],"killed_by":"Slavers","ascension_level":20}