{"gold_per_floor":[116,131,131,147,0,0,33,33,84,112,112,128,128,140,140,238,238,254,254,254,254,67,102,137,137,137,137,148,178,189,208,208,309,309,323,323,54,65,84,84,84,84,130,41,56,56,75,104,104,104,104,104,2,28,28],"floor_reached":55,"playtime":3202,"items_purged":["Strike_G","Strike_G"],"score":1140,"play_id":"b4bfbde1-d22b-48fe-81b3-3234324f1356","local_time":"20190410155233","is_ascension_mode":true,"campfire_choices":[{"data":"Choke","floor":6,"key":"SMITH"},{"data":"Unload","floor":8,"key":"SMITH"},{"data":"Sucker Punch","floor":11,"key":"SMITH"},{"data":"Neutralize","floor":15,"key":"SMITH"},{"floor":25,"key":"REST"},{"floor":27,"key":"RECALL"},{"floor":32,"key":"REST"},{"floor":40,"key":"REST"},{"floor":42,"key":"REST"},{"floor":46,"key":"REST"},{"floor":49,"key":"REST"},{"floor":52,"key":"REST"}],"neow_cost":"NONE","seed_source_timestamp":18836805214116,"circlet_count":0,"master_deck":["AscendersBane","Defend_G","Defend_G","Defend_G","Defend_G","Strike_G","Strike_G","Survivor","Neutralize+1","Choke+1","Sucker Punch+1","Backstab","Unload+1","Prepared","Terror","Dagger Throw","Tools of the Trade","Dash+1","Distraction","Cloak And Dagger","Underhanded Strike","Eviscerate","Flying Knee","Dagger Spray","Adrenaline","Masterful Stab","Die Die Die","Wraith Form v2","Heel Hook+1","Sadistic Nature","Flash of Steel","Blade Dance","Cloak And Dagger","Footwork","Malaise","Blur","Reflex+1","Caltrops","Blur","PiercingWail"],"relics":["Ring of the Serpent","NlothsMask","Orichalcum","Smiling Mask","Ancient Tea Set","Fusion Hammer","Enchiridion","Strawberry","Red Mask","Kunai","PreservedInsect","Bronze Scales","Happy Flower"],"potions_floor_usage":[7,18,29,29,29,33,35,50,55],"damage_taken":[{"damage":2,"enemies":"Cultist","floor":1,"turns":5},{"damage":0,"enemies":"Small Slimes","floor":2,"turns":3},{"damage":4,"enemies":"Jaw Worm","floor":4,"turns":3},{"damage":0,"enemies":"Gremlin Nob","floor":7,"turns":2},{"damage":22,"enemies":"3 Sentries","floor":10,"turns":10},{"damage":4,"enemies":"Red Slaver","floor":12,"turns":2},{"damage":3,"enemies":"Blue Slaver","floor":14,"turns":2},{"damage":8,"enemies":"Hexaghost","floor":16,"turns":6},{"damage":0,"enemies":"3 Byrds","floor":18,"turns":4},{"damage":9,"enemies":"Slavers","floor":23,"turns":6},{"damage":6,"enemies":"Masked Bandits","floor":24,"turns":3},{"damage":0,"enemies":"Chosen","floor":28,"turns":3},{"damage":0,"enemies":"Gremlin Leader","floor":29,"turns":5},{"damage":0,"enemies":"Shelled Parasite and Fungi","floor":30,"turns":3},{"damage":12,"enemies":"Snake Plant","floor":31,"turns":2},{"damage":46,"enemies":"Automaton","floor":33,"turns":11},{"damage":34,"enemies":"3 Darklings","floor":35,"turns":6},{"damage":2,"enemies":"Orb Walker","floor":38,"turns":3},{"damage":23,"enemies":"Maw","floor":39,"turns":7},{"damage":6,"enemies":"Transient","floor":45,"turns":5},{"damage":0,"enemies":"Spire Growth","floor":47,"turns":4},{"damage":5,"enemies":"Giant Head","floor":48,"turns":7},{"damage":62,"enemies":"Time Eater","floor":50,"turns":13},{"damage":48,"enemies":"Shield and Spear","floor":54,"turns":7},{"damage":36,"enemies":"The Heart","floor":55,"turns":4}],"seed_played":"-2735733596685579130","potions_obtained":[{"floor":1,"key":"GhostInAJar"},{"floor":2,"key":"Strength Potion"},{"floor":4,"key":"AttackPotion"},{"floor":14,"key":"Poison Potion"},{"floor":23,"key":"Regen Potion"},{"floor":24,"key":"AttackPotion"},{"floor":29,"key":"GhostInAJar"},{"floor":31,"key":"SpeedPotion"},{"floor":33,"key":"Fire Potion"},{"floor":39,"key":"Dexterity Potion"},{"floor":48,"key":"SteroidPotion"},{"floor":54,"key":"GhostInAJar"}],"is_trial":false,"path_per_floor":["M","M","?","M","$","R","E","R","T","E","R","M","?","M","R","B",null,"M","?","?","$","$","E","?","R","T","R","M","E","M","M","R","B",null,"M","?","$","M","M","R","?","R","T","$","M","R","M","E","R","B",null,"R","$","E","B"],"character_chosen":"THE_SILENT","items_purchased":["Orichalcum","Distraction","Cloak And Dagger","Underhanded Strike","Sadistic Nature","Flash of Steel","Footwork","Caltrops","Blur"],"campfire_rested":7,"item_purchase_floors":[5,22,22,22,37,37,44,53,53],"current_hp_per_floor":[68,68,68,64,64,64,64,64,64,42,42,38,38,35,35,27,65,65,65,49,49,49,47,41,66,66,66,66,80,80,68,84,38,73,39,39,39,37,14,39,39,64,64,64,58,83,83,78,84,22,69,84,84,36,0],"gold":28,"neow_bonus":"TEN_PERCENT_HP_BONUS","is_prod":false,"is_daily":false,"chose_seed":false,"campfire_upgraded":4,"win_rate":0,"timestamp":1554936753,"path_taken":["M","?","?","?","$","R","E","R","T","E","R","M","?","?","R","BOSS","M","?","?","?","$","E","?","R","T","R","M","E","M","M","R","BOSS","M","?","$","M","?","R","?","R","T","$","?","R","M","E","R","BOSS","R","$","E","BOSS"],"build_version":"2019-01-23","purchased_purges":2,"victory":false,"max_hp_per_floor":[77,77,77,77,77,77,77,77,77,77,77,77,77,77,77,77,77,77,77,77,77,77,84,84,84,84,84,84,84,84,84,84,84,84,84,84,84,84,84,84,84,84,84,84,84,84,84,84,84,84,84,84,84,84,84],"card_choices":[{"not_picked":["Setup","Bane"],"picked":"Choke","floor":1},{"not_picked":["Expertise","Blade Dance"],"picked":"Sucker Punch","floor":2},{"not_picked":["Acrobatics","Calculated Gamble"],"picked":"Backstab","floor":4},{"not_picked":["Backflip","Dodge and Roll"],"picked":"Unload","floor":7},{"not_picked":["Poisoned Stab","Slice"],"picked":"Prepared","floor":10},{"not_picked":["Outmaneuver","Dagger Throw"],"picked":"Terror","floor":12},{"not_picked":["Outmaneuver","Terror"],"picked":"Dagger Throw","floor":14},{"not_picked":["Phantasmal Killer","Glass Knife"],"picked":"Tools of the Trade","floor":16},{"not_picked":["Deadly Poison","Underhanded Strike"],"picked":"Dash+1","floor":18},{"not_picked":["Dodge and Roll","Expertise"],"picked":"Eviscerate","floor":23},{"not_picked":["Skewer","Dodge and Roll"],"picked":"Flying Knee","floor":24},{"not_picked":["Backflip","Bane"],"picked":"Dagger Spray","floor":28},{"not_picked":["Leg Sweep+1","Cloak And Dagger"],"picked":"Adrenaline","floor":29},{"not_picked":["Bane+1","Dagger Throw"],"picked":"Masterful Stab","floor":30},{"not_picked":["Deflect","Flying Knee"],"picked":"Die Die Die","floor":31},{"not_picked":["After Image","Glass Knife"],"picked":"Wraith Form v2","floor":33},{"not_picked":["All Out Attack+1","Deflect+1"],"picked":"Heel Hook+1","floor":35},{"not_picked":["Dagger Throw+1","Masterful Stab+1"],"picked":"Blade Dance","floor":38},{"not_picked":["Expertise","Flying Knee"],"picked":"Cloak And Dagger","floor":39},{"not_picked":["Blade Dance+1","Sucker Punch"],"picked":"Malaise","floor":45},{"not_picked":["Deadly Poison+1","Concentrate+1"],"picked":"Blur","floor":47},{"not_picked":["Quick Slash","Outmaneuver"],"picked":"Reflex+1","floor":48},{"not_picked":["Bane+1","Poisoned Stab"],"picked":"PiercingWail","floor":54}],"player_experience":538060,"relics_obtained":[{"floor":7,"key":"Smiling Mask"},{"floor":10,"key":"Ancient Tea Set"},{"floor":20,"key":"Enchiridion"},{"floor":23,"key":"Strawberry"},{"floor":24,"key":"Red Mask"},{"floor":29,"key":"Kunai"},{"floor":43,"key":"PreservedInsect"},{"floor":48,"key":"Bronze Scales"},{"floor":54,"key":"Happy Flower"}],"event_choices":[{"damage_healed":0,"gold_gain":0,"player_choice":"Trade","damage_taken":0,"relics_obtained":["NlothsMask"],"max_hp_gain":0,"max_hp_loss":0,"event_name":"FaceTrader","floor":3,"gold_loss":0},{"cards_removed":["Defend_G"],"damage_healed":0,"gold_gain":0,"player_choice":"Purged","damage_taken":0,"max_hp_gain":0,"max_hp_loss":0,"event_name":"Purifier","floor":13,"gold_loss":0},{"damage_healed":0,"gold_gain":0,"player_choice":"Ignored","damage_taken":0,"max_hp_gain":0,"max_hp_loss":0,"event_name":"Ghosts","floor":19,"gold_loss":0},{"damage_healed":0,"gold_gain":0,"player_choice":"Obtained Book","damage_taken":16,"max_hp_gain":0,"max_hp_loss":0,"event_name":"Cursed Tome","floor":20,"gold_loss":0},{"damage_healed":0,"gold_gain":0,"player_choice":"Fought Bandits","damage_taken":0,"max_hp_gain":0,"max_hp_loss":0,"event_name":"Masked Bandits","floor":24,"gold_loss":0},{"cards_removed":["Strike_G"],"damage_healed":0,"gold_gain":0,"player_choice":"Purged","damage_taken":0,"max_hp_gain":0,"max_hp_loss":0,"event_name":"Purifier","floor":36,"gold_loss":0},{"damage_healed":0,"gold_gain":0,"player_choice":"Bought 0 Potions","damage_taken":0,"max_hp_gain":0,"max_hp_loss":0,"event_name":"The Woman in Blue","floor":41,"gold_loss":0}],"is_beta":false,"boss_relics":[{"not_picked":["Orrery","Philosopher\u0027s Stone"],"picked":"Fusion Hammer"},{"not_picked":["Velvet Choker","Tiny House"],"picked":"Ring of the Serpent"}],"items_purged_floors":[22,44],"is_endless":false,"potions_floor_spawned":[1,2,4,14,23,24,29,31,33,39,48,54],"killed_by":"The Heart","ascension_level":10}