{"gold_per_floor":[10,10,21,34,45,45,76,76,123,123,123,138,167,182,182,257,257,267,285,303,303,303,303,330,330,330,330,345,375,386,386,386,460,460,474,474,474,127,0,0,14,14,14,30,30,44,96,96,96,96],"floor_reached":51,"playtime":1806,"items_purged":["Regret"],"score":1114,"play_id":"462f1b49-0e93-4bdb-bce1-c568ac23047a","local_time":"20180923174204","is_ascension_mode":true,"campfire_choices":[{"data":"Consume","floor":6.0,"key":"SMITH"},{"data":"Multi-Cast","floor":11.0,"key":"SMITH"},{"data":"Hologram","floor":15.0,"key":"SMITH"},{"data":"Electrodynamics","floor":23.0,"key":"SMITH"},{"floor":25.0,"key":"REST"},{"floor":32.0,"key":"REST"},{"data":"Capacitor","floor":40,"key":"SMITH"},{"data":"Seek","floor":42,"key":"SMITH"},{"data":"Thunder Strike","floor":49,"key":"SMITH"}],"neow_cost":"NO_GOLD","seed_source_timestamp":0,"circlet_count":0,"master_deck":["Defend_B","Defend_B","Defend_B","Defend_B+1","Zap+1","Dualcast+1","AscendersBane","Cold Snap","Turbo","Consume+1","Multi-Cast+1","Ball Lightning","Skim","Electrodynamics+1","Hologram+1","Thunder Strike+1","Beam Cell+1","Auto Shields","Loop","Chill","Electrodynamics","Seek+1","Steam Power+1","Loop+1","Leap+1","Capacitor+1","Chill+1","Writhe","Chill+1","Go for the Eyes+1"],"special_seed":0,"relics":["Cracked Core","Cables","War Paint","Bronze Scales","Turnip","Cursed Key","Mercury Hourglass","Anchor","Lantern","Astrolabe","MealTicket","Red Mask","Bottled Tornado","WingedGreaves"],"potions_floor_usage":[50],"damage_taken":[{"damage":1.0,"enemies":"Cultist","floor":1.0,"turns":3.0},{"damage":2.0,"enemies":"Jaw Worm","floor":3.0,"turns":3.0},{"damage":0.0,"enemies":"Small Slimes","floor":4.0,"turns":2.0},{"damage":10.0,"enemies":"Red Slaver","floor":5.0,"turns":4.0},{"damage":10.0,"enemies":"Lagavulin","floor":7.0,"turns":6.0},{"damage":12.0,"enemies":"Gremlin Gang","floor":12.0,"turns":3.0},{"damage":2.0,"enemies":"3 Sentries","floor":13.0,"turns":2.0},{"damage":6.0,"enemies":"Exordium Wildlife","floor":14.0,"turns":1.0},{"damage":18.0,"enemies":"The Guardian","floor":16.0,"turns":7.0},{"damage":5.0,"enemies":"3 Byrds","floor":18.0,"turns":2.0},{"damage":13.0,"enemies":"2 Thieves","floor":19.0,"turns":3.0},{"damage":0.0,"enemies":"Sentry and Sphere","floor":20.0,"turns":3.0},{"damage":32.0,"enemies":"Slavers","floor":24.0,"turns":4.0},{"damage":2.0,"enemies":"Centurion and Healer","floor":28.0,"turns":4.0},{"damage":15.0,"enemies":"Book of Stabbing","floor":29.0,"turns":4.0},{"damage":8.0,"enemies":"3 Cultists","floor":30.0,"turns":2.0},{"damage":41,"enemies":"Champ","floor":33,"turns":12},{"damage":3,"enemies":"3 Shapes","floor":35,"turns":2},{"damage":0,"enemies":"Orb Walker","floor":41,"turns":2},{"damage":0,"enemies":"Spire Growth","floor":44,"turns":4},{"damage":0,"enemies":"4 Shapes","floor":46,"turns":2},{"damage":1,"enemies":"Mysterious Sphere","floor":47,"turns":3},{"damage":55,"enemies":"Time Eater","floor":50,"turns":10}],"seed_played":"-1447660609583635538","potions_obtained":[{"floor":1.0,"key":"SkillPotion"},{"floor":4.0,"key":"Swift Potion"},{"floor":16.0,"key":"EssenceOfSteel"},{"floor":18.0,"key":"FearPotion"},{"floor":20.0,"key":"SkillPotion"},{"floor":33,"key":"FearPotion"},{"floor":46,"key":"AttackPotion"}],"is_trial":false,"path_per_floor":["M","T","M","M","M","R","E","?","T","?","R","M","E","M","R","B",null,"M","M","M","$","?","R","E","R","T","?","M","E","M","?","R","B",null,"M","?","?","$","?","R","M","R","T","M","$","M","?","T","R","B"],"character_chosen":"DEFECT","items_purchased":["Capacitor","MealTicket"],"campfire_rested":2,"item_purchase_floors":[38,38],"current_hp_per_floor":[81,81,79,79,69,69,59,59,59,59,59,47,45,39,39,21,72,67,54,54,54,54,54,22,48,48,48,46,31,23,23,49,8,69,66,66,66,66,66,66,66,66,66,66,73,73,72,72,72,17],"gold":96,"neow_bonus":"TWENTY_PERCENT_HP_BONUS","is_prod":false,"is_daily":false,"chose_seed":false,"campfire_upgraded":7,"win_rate":0,"timestamp":1537738924,"path_taken":["M","?","M","M","M","R","E","?","T","?","R","?","E","M","R","BOSS","M","M","?","$","?","R","E","R","T","?","M","E","M","?","R","BOSS","M","?","?","$","?","R","M","R","T","M","$","?","?","?","R","BOSS"],"build_version":"2018-09-20","purchased_purges":1,"victory":true,"max_hp_per_floor":[89,89,89,89,89,89,89,89,89,89,89,89,89,89,89,89,89,89,89,89,89,89,89,89,89,89,89,89,89,89,89,89,89,89,89,85,85,85,85,85,85,85,85,85,85,85,85,85,85,85],"card_choices":[{"not_picked":["Chaos","Barrage"],"picked":"Cold Snap","floor":1.0},{"not_picked":["Coolheaded","Rebound"],"picked":"Turbo","floor":3.0},{"not_picked":["Stack","Turbo"],"picked":"Consume","floor":4.0},{"not_picked":["BootSequence","Barrage"],"picked":"Multi-Cast","floor":5.0},{"not_picked":["Scrape","Barrage"],"picked":"Ball Lightning","floor":7.0},{"not_picked":["Recycle","Leap"],"picked":"Skim","floor":12.0},{"not_picked":["Rebound","Auto Shields"],"picked":"Electrodynamics","floor":13.0},{"not_picked":["Go for the Eyes","Turbo"],"picked":"Hologram","floor":14.0},{"not_picked":["Seek","Amplify"],"picked":"Thunder Strike","floor":16.0},{"not_picked":["Leap","Auto Shields"],"picked":"Beam Cell","floor":18.0},{"not_picked":["Conserve Battery","Undo"],"picked":"Auto Shields","floor":19.0},{"not_picked":["Hologram","Melter","Steam"],"picked":"SKIP","floor":20.0},{"not_picked":["Cold Snap","White Noise"],"picked":"Loop","floor":24.0},{"not_picked":["Barrage","Aggregate+1"],"picked":"Chill","floor":28.0},{"not_picked":["Steam Power","Beam Cell"],"picked":"Electrodynamics","floor":29.0},{"not_picked":["Coolheaded","Barrage","Compile Driver"],"picked":"SKIP","floor":30.0},{"not_picked":["Creative AI","Hyperbeam"],"picked":"Seek","floor":33},{"not_picked":["Steam","Hologram","FTL+1"],"picked":"SKIP","floor":35},{"not_picked":["Cold Snap","Darkness+1"],"picked":"Chill+1","floor":41},{"not_picked":["Conserve Battery","Rip and Tear+1","Steam"],"picked":"SKIP","floor":44},{"not_picked":["Steam","Recycle"],"picked":"Chill+1","floor":46},{"not_picked":["Streamline","Steam+1"],"picked":"Go for the Eyes+1","floor":47}],"player_experience":575872,"relics_obtained":[{"floor":2.0,"key":"Cables"},{"floor":7.0,"key":"War Paint"},{"floor":9.0,"key":"Bronze Scales"},{"floor":13.0,"key":"Turnip"},{"floor":24.0,"key":"Mercury Hourglass"},{"floor":26.0,"key":"Anchor"},{"floor":29.0,"key":"Lantern"},{"floor":43,"key":"Bottled Tornado"},{"floor":47,"key":"WingedGreaves"}],"event_choices":[{"event_name":"Upgrade Shrine","player_choice":"Upgraded","floor":8.0,"damage_taken":0.0},{"event_name":"Bonfire Elementals","player_choice":"BASIC","floor":10.0,"damage_taken":0.0},{"event_name":"Accursed Blacksmith","player_choice":"Forge","floor":22.0,"damage_taken":0.0},{"event_name":"The Mausoleum","player_choice":"No","floor":27.0,"damage_taken":0.0},{"event_name":"Cursed Tome","player_choice":"Ignored","floor":31.0,"damage_taken":0.0},{"event_name":"Winding Halls","player_choice":"Max HP","floor":36,"damage_taken":0},{"event_name":"SensoryStone","player_choice":"Memory 1","floor":37,"damage_taken":0},{"event_name":"Tomb of Lord Red Mask","player_choice":"Paid","floor":39,"damage_taken":0},{"event_name":"Mysterious Sphere","player_choice":"Fight","floor":47,"damage_taken":0}],"is_beta":false,"boss_relics":[{"not_picked":["Snecko Eye","Empty Cage"],"picked":"Cursed Key"},{"not_picked":["FrozenCore","Calling Bell"],"picked":"Astrolabe"}],"items_purged_floors":[38],"is_endless":false,"potions_floor_spawned":[1,4,5,12,16,18,20,33,46,47],"ascension_level":13}