{"gold_per_floor":[115,115,18,29,39,39,73,73,73,73,91,91,122,197,197,327,327,343,35,35,35,50,50],"floor_reached":23,"playtime":1138,"items_purged":["Regret"],"score":197,"play_id":"c523d3b0-24ed-4d7d-aaa4-ba00ae600b1e","local_time":"20190318091913","is_ascension_mode":false,"campfire_choices":[{"data":"Storm of Steel","floor":6,"key":"SMITH"},{"data":"Deadly Poison","floor":10,"key":"SMITH"},{"data":"Poisoned Stab","floor":15,"key":"SMITH"}],"neow_cost":"NONE","seed_source_timestamp":433463762727046,"circlet_count":0,"master_deck":["Defend_G","Defend_G","Defend_G","Defend_G","Defend_G","Strike_G","Strike_G","Strike_G","Strike_G","Strike_G","Survivor","Neutralize","Storm of Steel+1","Flying Knee","Deadly Poison+1","Bane","Infinite Blades","Tactician","Poisoned Stab+1","Injury","Backflip","Venomology","Flying Knee+1","Noxious Fumes","Catalyst","Well Laid Plans"],"relics":["Ring of the Snake","Darkstone Periapt","Centennial Puzzle","Kunai","Golden Idol","White Beast Statue","Blood Vial","Nloth\u0027s Gift"],"potions_floor_usage":[16,16,22,22,22,23,23],"damage_taken":[{"damage":6,"enemies":"Jaw Worm","floor":1,"turns":3},{"damage":4,"enemies":"Cultist","floor":4,"turns":4},{"damage":0,"enemies":"2 Louse","floor":5,"turns":2},{"damage":16,"enemies":"Lagavulin","floor":7,"turns":6},{"damage":9,"enemies":"Exordium Thugs","floor":11,"turns":4},{"damage":16,"enemies":"Gremlin Nob","floor":13,"turns":4},{"damage":9,"enemies":"Slime Boss","floor":16,"turns":9},{"damage":32,"enemies":"Shell Parasite","floor":18,"turns":5},{"damage":24,"enemies":"2 Thieves","floor":22,"turns":4},{"damage":37,"enemies":"Slavers","floor":23,"turns":3}],"seed_played":"-6691642370009403530","potions_obtained":[{"floor":1,"key":"Fire Potion"},{"floor":7,"key":"Swift Potion"},{"floor":11,"key":"Dexterity Potion"},{"floor":18,"key":"Dexterity Potion"},{"floor":22,"key":"GhostInAJar"}],"is_trial":false,"path_per_floor":["M","?","$","M","M","R","E","?","T","R","M","?","E","?","R","B",null,"M","$","?","$","M","E"],"character_chosen":"THE_SILENT","items_purchased":["Deadly Poison","Blood Vial","Noxious Fumes","Catalyst"],"campfire_rested":0,"item_purchase_floors":[3,19,19,19],"current_hp_per_floor":[64,70,70,66,66,66,50,76,76,76,67,73,57,46,46,37,82,50,50,50,50,28,0],"gold":50,"neow_bonus":"ONE_RANDOM_RARE_CARD","is_prod":false,"is_daily":false,"chose_seed":false,"campfire_upgraded":3,"win_rate":0.0,"timestamp":1552925953,"path_taken":["M","?","$","M","M","R","E","?","T","R","?","?","E","?","R","BOSS","M","$","?","?","M","E"],"build_version":"2019-01-23","purchased_purges":1,"victory":false,"max_hp_per_floor":[70,76,76,76,76,76,76,76,76,76,76,82,82,82,82,82,82,82,82,82,82,82,82],"card_choices":[{"not_picked":["Finisher","Underhanded Strike"],"picked":"Flying Knee","floor":1},{"not_picked":["Acrobatics","Leg Sweep"],"picked":"Bane","floor":4},{"not_picked":["Quick Slash","Deflect"],"picked":"Infinite Blades","floor":5},{"not_picked":["Slice","Skewer"],"picked":"Tactician","floor":7},{"not_picked":["Footwork","Wraith Form v2"],"picked":"Poisoned Stab","floor":11},{"not_picked":["Calculated Gamble","Predator"],"picked":"Backflip","floor":13},{"not_picked":["Storm of Steel","Malaise"],"picked":"Venomology","floor":16},{"not_picked":["Bane","Cloak And Dagger"],"picked":"Flying Knee+1","floor":18},{"not_picked":["Acrobatics","Footwork"],"picked":"Well Laid Plans","floor":22}],"player_experience":271791,"relics_obtained":[{"floor":7,"key":"Centennial Puzzle"},{"floor":9,"key":"Kunai"},{"floor":13,"key":"Regal Pillow"}],"event_choices":[{"damage_healed":0,"gold_gain":0,"player_choice":"Box","damage_taken":0,"relics_obtained":["Darkstone Periapt"],"max_hp_gain":0,"max_hp_loss":0,"event_name":"Big Fish","floor":2,"gold_loss":0,"cards_obtained":["Regret"]},{"damage_healed":26,"gold_gain":0,"player_choice":"Full Heal","damage_taken":0,"max_hp_gain":0,"max_hp_loss":0,"event_name":"Wheel of Change","floor":8,"gold_loss":0},{"damage_healed":0,"gold_gain":0,"player_choice":"Take Wound","damage_taken":0,"relics_obtained":["Golden Idol"],"max_hp_gain":0,"max_hp_loss":0,"event_name":"Golden Idol","floor":12,"gold_loss":0,"cards_obtained":["Injury"]},{"damage_healed":0,"gold_gain":75,"player_choice":"Gather Gold","damage_taken":11,"max_hp_gain":0,"max_hp_loss":0,"event_name":"World of Goop","floor":14,"gold_loss":0},{"damage_healed":0,"gold_gain":0,"player_choice":"Traded Relic","damage_taken":0,"relics_obtained":["Nloth\u0027s Gift"],"max_hp_gain":0,"max_hp_loss":0,"event_name":"N\u0027loth","floor":20,"relics_lost":["Regal Pillow"],"gold_loss":0}],"is_beta":false,"boss_relics":[{"not_picked":["Velvet Choker","Tiny House"],"picked":"White Beast Statue"}],"items_purged_floors":[3],"is_endless":false,"potions_floor_spawned":[1,7,11,18,22],"killed_by":"Slavers","ascension_level":0}