{"gold_per_floor":[114,134,114,132,8,8,35,35,35,69,144,44,61,93,93,166,216,233,58,58,58,74,109,124,152,175,190,210,210,260,273,273,350,350,368,378,1,17,17,17,48,48,48,48,79,79,106,206,206,206,206,206,31,56,56],"floor_reached":56,"playtime":2549,"items_purged":["Dark Embrace","Entrench","Bludgeon","Fiend Fire","Immolate"],"score":2353,"play_id":"196f849b-dc59-437e-be56-3cdf8ba700bd","local_time":"20190407194736","daily_mods":["Shiny","Time Dilation","Terminal"],"is_ascension_mode":true,"campfire_choices":[{"data":"Armaments","floor":6,"key":"SMITH"},{"data":"Barricade","floor":15,"key":"SMITH"},{"data":"Offering","floor":29,"key":"SMITH"},{"data":"Limit Break","floor":32,"key":"SMITH"},{"data":"Feel No Pain","floor":40,"key":"SMITH"},{"data":"Exhume","floor":42,"key":"SMITH"},{"floor":49,"key":"RECALL"},{"data":"Body Slam","floor":52,"key":"SMITH"}],"neow_cost":"","seed_source_timestamp":0,"circlet_count":0,"master_deck":["AscendersBane","Double Tap+1","Demon Form","Feed","Limit Break+1","Barricade+1","Berserk","Impervious","Juggernaut","Reaper","Exhume+1","Offering+1","Whirlwind","Armaments+1","Entrench+1","Flex+1","Ghostly Armor+1","Burning Pact+1","Body Slam+1","True Grit+1","Bloodletting+1","Shockwave+1","Warcry+1","Havoc+1","Feel No Pain+1","Shrug It Off+1","Finesse+1","Panacea+1","PanicButton+1","Metallicize+1"],"relics":["Burning Blood","Toxic Egg 2","Ornamental Fan","Pantograph","Meat on the Bone","Tiny House","Shuriken","Mango","Ancient Tea Set","Coffee Dripper","Centennial Puzzle","Mercury Hourglass","Vajra","Sundial","Magic Flower","Bronze Scales"],"potions_floor_usage":[10,45,55],"damage_taken":[{"damage":14,"enemies":"2 Louse","floor":1,"turns":3},{"damage":12,"enemies":"Cultist","floor":2,"turns":2},{"damage":16,"enemies":"Jaw Worm","floor":4,"turns":4},{"damage":17,"enemies":"Gremlin Nob","floor":7,"turns":4},{"damage":6,"enemies":"3 Sentries","floor":10,"turns":2},{"damage":6,"enemies":"Looter","floor":13,"turns":2},{"damage":10,"enemies":"Lagavulin","floor":14,"turns":7},{"damage":37,"enemies":"Hexaghost","floor":16,"turns":8},{"damage":18,"enemies":"Chosen","floor":18,"turns":6},{"damage":0,"enemies":"3 Byrds","floor":22,"turns":3},{"damage":61,"enemies":"Slavers","floor":23,"turns":4},{"damage":21,"enemies":"Centurion and Healer","floor":24,"turns":6},{"damage":12,"enemies":"Gremlin Leader","floor":25,"turns":5},{"damage":34,"enemies":"Snecko","floor":27,"turns":5},{"damage":12,"enemies":"Snake Plant","floor":28,"turns":5},{"damage":27,"enemies":"Centurion and Healer","floor":31,"turns":4},{"damage":20,"enemies":"Champ","floor":33,"turns":8},{"damage":6,"enemies":"3 Shapes","floor":35,"turns":7},{"damage":12,"enemies":"Orb Walker","floor":36,"turns":4},{"damage":44,"enemies":"4 Shapes","floor":38,"turns":1},{"damage":6,"enemies":"Nemesis","floor":41,"turns":9},{"damage":42,"enemies":"Reptomancer","floor":45,"turns":4},{"damage":15,"enemies":"Nemesis","floor":47,"turns":3},{"damage":15,"enemies":"Mind Bloom Boss Battle","floor":48,"turns":3},{"damage":26,"enemies":"Awakened One","floor":50,"turns":12},{"damage":40,"enemies":"Shield and Spear","floor":54,"turns":5},{"damage":15,"enemies":"The Heart","floor":55,"turns":6}],"seed_played":"-4505692116279863554","potions_obtained":[{"floor":3,"key":"Ancient Potion"},{"floor":4,"key":"Strength Potion"},{"floor":16,"key":"SteroidPotion"},{"floor":45,"key":"FearPotion"}],"is_trial":true,"path_per_floor":["M","M","?","M","$","R","E","?","T","E","?","$","M","E","R","B",null,"M","$","?","?","M","E","M","E","T","M","M","R","?","M","R","B",null,"M","M","$","M","$","R","E","R","T","?","E","?","E","?","R","B",null,"R","$","E","B",null],"character_chosen":"IRONCLAD","items_purchased":["Armaments","Body Slam","Feel No Pain","Centennial Puzzle"],"campfire_rested":0,"item_purchase_floors":[5,19,37,37],"current_hp_per_floor":[63,66,66,56,56,56,45,45,45,51,40,40,40,54,54,73,77,68,68,46,46,80,37,68,76,76,59,67,67,67,62,62,77,93,98,92,92,66,66,66,85,85,85,75,51,51,54,70,70,84,83,82,81,50,74],"gold":56,"neow_bonus":"","is_prod":false,"is_daily":false,"chose_seed":true,"campfire_upgraded":7,"win_rate":0,"timestamp":1554637656,"path_taken":["M","M","?","?","$","R","E","?","T","E","?","$","M","E","R","BOSS","M","$","?","?","M","E","M","E","T","?","M","R","?","?","R","BOSS","M","?","$","M","?","R","E","R","T","?","E","?","E","?","R","BOSS","R","$","E","BOSS"],"build_version":"2019-01-23","purchased_purges":5,"victory":true,"max_hp_per_floor":[76,75,74,73,72,71,70,69,68,73,72,71,70,72,71,73,77,79,78,82,81,80,79,78,91,90,93,95,94,93,96,95,98,97,100,99,98,97,96,95,94,93,92,91,90,84,83,82,81,84,83,82,81,80,79],"card_choices":[{"not_picked":["Headbutt","Reckless Charge","Iron Wave"],"picked":"SKIP","floor":1},{"not_picked":["Warcry","Battle Trance"],"picked":"Whirlwind","floor":2},{"not_picked":["Entrench","Hemokinesis","Twin Strike"],"picked":"SKIP","floor":4},{"not_picked":["Hemokinesis","Twin Strike"],"picked":"Entrench","floor":4},{"not_picked":["Clash","Thunderclap","Intimidate"],"picked":"SKIP","floor":7},{"not_picked":["Offering+1","Havoc+1"],"picked":"Entrench+1","floor":10},{"not_picked":["Dual Wield+1","Iron Wave"],"picked":"Flex+1","floor":13},{"not_picked":["Flex+1","Sentinel+1"],"picked":"Ghostly Armor+1","floor":14},{"not_picked":["Thunderclap","Anger"],"picked":"Burning Pact+1","floor":18},{"not_picked":["Twin Strike","Headbutt","Fiend Fire"],"picked":"SKIP","floor":22},{"not_picked":["Sentinel+1","Warcry+1"],"picked":"True Grit+1","floor":23},{"not_picked":["Carnage+1","Havoc+1","Clash"],"picked":"SKIP","floor":24},{"not_picked":["Iron Wave","Cleave"],"picked":"Bloodletting+1","floor":25},{"not_picked":["Ghostly Armor+1","Fire Breathing"],"picked":"Shockwave+1","floor":27},{"not_picked":["Searing Blow","Clash+1","Cleave"],"picked":"SKIP","floor":28},{"not_picked":["Hemokinesis","Heavy Blade","Wild Strike"],"picked":"SKIP","floor":31},{"not_picked":["Combust+1","Wild Strike"],"picked":"Warcry+1","floor":35},{"not_picked":["Perfected Strike","Flex+1"],"picked":"Havoc+1","floor":36},{"not_picked":["Heavy Blade","Anger"],"picked":"Shrug It Off+1","floor":38},{"not_picked":["Rupture","Havoc+1","True Grit+1"],"picked":"SKIP","floor":41},{"not_picked":["The Bomb+1","PanicButton+1"],"picked":"Finesse+1","floor":44},{"not_picked":["Blind+1","Bandage Up+1"],"picked":"Panacea+1","floor":44},{"not_picked":["Secret Weapon+1","Bandage Up+1"],"picked":"PanicButton+1","floor":44},{"not_picked":["Intimidate+1","Reckless Charge+1","Blood for Blood"],"picked":"SKIP","floor":45},{"not_picked":["Sword Boomerang+1","Warcry+1"],"picked":"Metallicize+1","floor":47},{"not_picked":["Whirlwind","Sword Boomerang","Anger"],"picked":"SKIP","floor":54}],"player_experience":1350022,"relics_obtained":[{"floor":7,"key":"Toxic Egg 2"},{"floor":9,"key":"Ornamental Fan"},{"floor":10,"key":"Pantograph"},{"floor":14,"key":"Meat on the Bone"},{"floor":23,"key":"Shuriken"},{"floor":25,"key":"Mango"},{"floor":26,"key":"Ancient Tea Set"},{"floor":41,"key":"Mercury Hourglass"},{"floor":45,"key":"Vajra"},{"floor":47,"key":"Sundial"},{"floor":48,"key":"Magic Flower"},{"floor":54,"key":"Bronze Scales"}],"event_choices":[{"damage_healed":0,"gold_gain":0,"player_choice":"Bought 1 Potion","damage_taken":0,"max_hp_gain":0,"max_hp_loss":0,"event_name":"The Woman in Blue","floor":3,"gold_loss":0},{"damage_healed":0,"gold_gain":0,"player_choice":"Leave","damage_taken":0,"max_hp_gain":0,"max_hp_loss":0,"event_name":"The Cleric","floor":8,"gold_loss":0},{"damage_healed":0,"gold_gain":75,"player_choice":"Gather Gold","damage_taken":11,"max_hp_gain":0,"max_hp_loss":0,"event_name":"World of Goop","floor":11,"gold_loss":0},{"damage_healed":0,"gold_gain":0,"player_choice":"Shed Blood","damage_taken":27,"max_hp_gain":5,"max_hp_loss":0,"event_name":"Forgotten Altar","floor":20,"gold_loss":0},{"cards_removed":["Brutality"],"damage_healed":0,"gold_gain":0,"player_choice":"Card Removal","damage_taken":0,"max_hp_gain":0,"max_hp_loss":0,"event_name":"Wheel of Change","floor":21,"gold_loss":0},{"damage_healed":0,"gold_gain":50,"player_choice":"Pray","damage_taken":0,"max_hp_gain":0,"max_hp_loss":0,"event_name":"Golden Shrine","floor":30,"gold_loss":0},{"damage_healed":0,"gold_gain":0,"player_choice":"Memory 3","damage_taken":10,"max_hp_gain":0,"max_hp_loss":0,"event_name":"SensoryStone","floor":44,"gold_loss":0},{"damage_healed":0,"gold_gain":0,"player_choice":"Max HP","damage_taken":0,"max_hp_gain":0,"max_hp_loss":5,"event_name":"Winding Halls","floor":46,"gold_loss":0},{"damage_healed":0,"gold_gain":0,"player_choice":"Fight","damage_taken":0,"max_hp_gain":0,"max_hp_loss":0,"event_name":"MindBloom","floor":48,"gold_loss":0}],"is_beta":false,"boss_relics":[{"not_picked":["Lizard Tail","Ectoplasm"],"picked":"Tiny House"},{"not_picked":["Orrery","Runic Dome"],"picked":"Coffee Dripper"}],"items_purged_floors":[5,12,19,37,53],"is_endless":false,"potions_floor_spawned":[4,7,16,22,25,27,38,45,48],"ascension_level":15}