{"path_per_floor":["M","?","?","$","M","R","E","R","T","M","E","?","R","M","R","B",null,"M","$","?","?","?","R","?","R","T"],"character_chosen":"DEFECT","items_purchased":["Scrape","Mind Blast"],"gold_per_floor":[109,109,109,34,53,53,86,86,167,183,213,163,163,179,179,279,279,299,57,57,57,0,0,0,0,0,0],"floor_reached":27,"campfire_rested":1,"playtime":856,"item_purchase_floors":[19,19],"current_hp_per_floor":[68,68,68,68,68,68,64,64,64,57,45,45,45,41,41,30,75,28,28,28,28,28,50,50,50,50,0],"items_purged":["Injury","Defend_B"],"gold":0,"score":258,"play_id":"b09bfaad-8106-4b2a-95a2-1c9d22f3c4e1","local_time":"20180611093335","is_prod":false,"is_daily":false,"chose_seed":false,"is_ascension_mode":true,"campfire_upgraded":5,"win_rate":0,"timestamp":1528680815,"campfire_choices":[{"data":"Coolheaded","floor":6,"key":"SMITH"},{"data":"Hologram","floor":8,"key":"SMITH"},{"data":"Streamline","floor":13,"key":"SMITH"},{"data":"Defragment","floor":15,"key":"SMITH"},{"floor":23,"key":"REST"},{"data":"Creative AI","floor":25,"key":"SMITH"}],"path_taken":["M","?","?","$","M","R","E","R","T","M","E","?","R","?","R","BOSS","M","$","?","?","?","R","?","R","T","E"],"build_version":"2018-06-07v3","seed_source_timestamp":317612441960300,"purchased_purges":2,"victory":false,"master_deck":["Strike_B","Strike_B","Zap","Dualcast","Barrage+1","Reinforced Body+1","Steam+1","Coolheaded+1","Compile Driver","Gash","Hologram+1","Streamline+1","Defragment+1","Creative AI+1","Scrape","Mind Blast","Gash"],"max_hp_per_floor":[75,75,75,75,75,75,75,75,75,75,75,75,75,75,75,75,75,75,75,75,75,75,75,75,75,75,75],"relics":["Astrolabe","Dream Catcher","Matryoshka","DataDisk","Lizard Tail","Vajra","Smiling Mask"],"card_choices":[{"not_picked":["Go for the Eyes","BootSequence"],"picked":"Coolheaded","floor":1},{"not_picked":["Cold Snap","Coolheaded"],"picked":"Gash","floor":5},{"not_picked":["Redo","Sunder"],"picked":"Hologram","floor":7},{"not_picked":["Capacitor","Melter","Fusion"],"picked":"SKIP","floor":10},{"not_picked":["Amplify","Steam"],"picked":"Streamline","floor":11},{"not_picked":["Redo","Conserve Battery"],"picked":"Defragment","floor":14},{"not_picked":["Machine Learning","Echo Form"],"picked":"Creative AI","floor":16},{"not_picked":["Skim","Rebound","Compile Driver"],"picked":"SKIP","floor":18},{"not_picked":["Go for the Eyes","Leap"],"picked":"Gash","floor":23}],"player_experience":249079,"potions_floor_usage":[7,11,16,27,27],"damage_taken":[{"damage":7,"enemies":"Small Slimes","floor":1,"turns":4},{"damage":0,"enemies":"Cultist","floor":5,"turns":4},{"damage":4,"enemies":"3 Sentries","floor":7,"turns":7},{"damage":7,"enemies":"Jaw Worm","floor":10,"turns":3},{"damage":12,"enemies":"Lagavulin","floor":11,"turns":5},{"damage":4,"enemies":"3 Louse","floor":14,"turns":4},{"damage":11,"enemies":"Hexaghost","floor":16,"turns":7},{"damage":47,"enemies":"Spheric Guardian","floor":18,"turns":7},{"damage":92,"enemies":"Book of Stabbing","floor":27,"turns":7}],"relics_obtained":[{"floor":7,"key":"Dream Catcher"},{"floor":9,"key":"Matryoshka"},{"floor":11,"key":"DataDisk"},{"floor":26,"key":"Vajra"},{"floor":26,"key":"Smiling Mask"}],"event_choices":[{"event_name":"Match and Keep!","player_choice":"2 cards matched","floor":2,"damage_taken":0},{"event_name":"Living Wall","player_choice":"Forget","floor":3,"damage_taken":0},{"event_name":"The Cleric","player_choice":"Card Removal","floor":12,"damage_taken":0},{"event_name":"Forgotten Altar","player_choice":"Smashed Altar","floor":20,"damage_taken":0},{"event_name":"Back to Basics","player_choice":"Elegance","floor":21,"damage_taken":0},{"event_name":"Masked Bandits","player_choice":"Paid Bandits 57 gold","floor":22,"damage_taken":0},{"event_name":"Addict","player_choice":"Ignored","floor":24,"damage_taken":0}],"boss_relics":[{"not_picked":["Tiny House","Ectoplasm"],"picked":"Lizard Tail"}],"items_purged_floors":[4,19],"potions_floor_spawned":[5,7,10,14,16],"seed_played":"-531663406993075095","killed_by":"Book of Stabbing","ascension_level":4,"potions_obtained":[{"floor":5,"key":"EssenceOfSteel"},{"floor":7,"key":"GamblersBrew"},{"floor":10,"key":"SteroidPotion"},{"floor":14,"key":"Weak Potion"},{"floor":16,"key":"Block Potion"}],"is_trial":false}