{"gold_per_floor":[113,128,128,91,266,266,293,293,320,347,347,347,358,96,96,191,191,202,52,52,79,79,96,96,96,150,170,170,196,196,196],"floor_reached":31,"playtime":2037,"items_purged":[],"score":358,"play_id":"17c4dc8c-8d04-4ea6-b265-86e1927a5f00","local_time":"20190319154622","is_ascension_mode":true,"campfire_choices":[{"data":"Glass Knife","floor":6,"key":"SMITH"},{"floor":8,"key":"RECALL"},{"data":"Doubt","floor":12,"key":"PURGE"},{"floor":15,"key":"REST"},{"data":"Magnetism","floor":24,"key":"SMITH"},{"floor":28,"key":"REST"},{"data":"Decay","floor":30,"key":"PURGE"}],"neow_cost":"TEN_PERCENT_HP_LOSS","seed_source_timestamp":542190359364916,"circlet_count":0,"master_deck":["Defend_G+1","Defend_G+1","Defend_G+1","Defend_G+1","Defend_G+1","Strike_G+1","Strike_G+1","Strike_G+1","Strike_G+1","Strike_G+1","Survivor","Neutralize","Glass Knife+1","Predator","Distraction","Well Laid Plans","Underhanded Strike","Deadly Poison","Acrobatics","Magnetism+1","Outmaneuver","Bouncing Flask","Night Terror","Deflect","Catalyst","Backstab","Ghostly","Ghostly","Ghostly","Ghostly","Ghostly","Dagger Throw","Blur+1","Crippling Poison","Dodge and Roll"],"relics":["Ring of the Serpent","Anchor","Peace Pipe","FaceOfCleric","Red Mask","Tiny Chest","Ancient Tea Set"],"potions_floor_usage":[7,23,29],"damage_taken":[{"damage":2,"enemies":"Jaw Worm","floor":1,"turns":3},{"damage":0,"enemies":"2 Louse","floor":2,"turns":2},{"damage":5,"enemies":"Gremlin Nob","floor":7,"turns":3},{"damage":13,"enemies":"3 Sentries","floor":10,"turns":5},{"damage":0,"enemies":"Cultist","floor":13,"turns":2},{"damage":21,"enemies":"Slime Boss","floor":16,"turns":9},{"damage":19,"enemies":"Spheric Guardian","floor":18,"turns":4},{"damage":15,"enemies":"Masked Bandits","floor":21,"turns":7},{"damage":0,"enemies":"Chosen","floor":23,"turns":4},{"damage":12,"enemies":"3 Cultists","floor":27,"turns":9},{"damage":5,"enemies":"Slavers","floor":29,"turns":7},{"damage":38,"enemies":"Cultist and Chosen","floor":31,"turns":8}],"seed_played":"-6496272966177406784","potions_obtained":[{"floor":1,"key":"FearPotion"},{"floor":21,"key":"SkillPotion"},{"floor":23,"key":"Fire Potion"}],"is_trial":false,"path_per_floor":["M","M","?","$","?","R","E","R","T","E","?","R","M","$","R","B",null,"M","$","?","?","?","M","R","?","T","M","R","E","R","M"],"character_chosen":"THE_SILENT","items_purchased":["Well Laid Plans","Magnetism","Outmaneuver","Bouncing Flask","Catalyst","Backstab"],"campfire_rested":2,"item_purchase_floors":[4,14,14,14,19,19],"current_hp_per_floor":[61,61,61,61,61,61,56,56,56,43,43,43,44,44,63,43,65,47,47,33,19,19,20,20,20,20,9,19,15,15,0],"gold":196,"neow_bonus":"THREE_RARE_CARDS","is_prod":false,"is_daily":false,"chose_seed":false,"campfire_upgraded":2,"win_rate":0,"timestamp":1553035582,"path_taken":["M","M","?","$","?","R","E","R","T","E","?","R","?","$","R","BOSS","M","$","?","?","?","?","R","?","T","?","R","E","R","M"],"build_version":"2019-01-23","purchased_purges":0,"victory":false,"max_hp_per_floor":[63,63,63,63,63,63,63,63,63,63,63,63,64,64,64,65,65,66,66,33,34,34,35,35,35,35,36,36,37,37,37],"card_choices":[{"not_picked":["Die Die Die","Night Terror"],"picked":"Glass Knife","floor":0},{"not_picked":["Choke","Underhanded Strike"],"picked":"Predator","floor":1},{"not_picked":["Dagger Throw","Bane"],"picked":"Distraction","floor":2},{"not_picked":["Endless Agony","Predator"],"picked":"Underhanded Strike","floor":7},{"not_picked":["Leg Sweep","Underhanded Strike"],"picked":"Deadly Poison","floor":10},{"not_picked":["Concentrate","Escape Plan"],"picked":"Acrobatics","floor":13},{"not_picked":["Malaise","Unload"],"picked":"Night Terror","floor":16},{"not_picked":["Skewer","Quick Slash"],"picked":"Deflect","floor":18},{"not_picked":["Poisoned Stab","Expertise"],"picked":"Dagger Throw","floor":21},{"not_picked":["Slice","Bane+1"],"picked":"Blur+1","floor":23},{"not_picked":["Blade Dance+1","Slice+1"],"picked":"Crippling Poison","floor":27},{"not_picked":["Well Laid Plans","Accuracy"],"picked":"Dodge and Roll","floor":29}],"player_experience":326148,"relics_obtained":[{"floor":7,"key":"Anchor"},{"floor":10,"key":"Peace Pipe"},{"floor":21,"key":"Red Mask"},{"floor":26,"key":"Tiny Chest"},{"floor":29,"key":"Ancient Tea Set"}],"event_choices":[{"damage_healed":0,"gold_gain":0,"player_choice":"Leave","damage_taken":0,"max_hp_gain":0,"max_hp_loss":0,"event_name":"The Cleric","floor":3,"gold_loss":0},{"damage_healed":0,"gold_gain":175,"player_choice":"AGREE","damage_taken":0,"max_hp_gain":0,"max_hp_loss":0,"event_name":"Liars Game","floor":5,"gold_loss":0,"cards_obtained":["Doubt"]},{"damage_healed":0,"gold_gain":0,"player_choice":"Trade","damage_taken":0,"relics_obtained":["FaceOfCleric"],"max_hp_gain":0,"max_hp_loss":0,"event_name":"FaceTrader","floor":11,"gold_loss":0},{"damage_healed":0,"gold_gain":0,"player_choice":"Became a Ghost","damage_taken":0,"max_hp_gain":0,"max_hp_loss":33,"event_name":"Ghosts","floor":20,"gold_loss":0,"cards_obtained":["Ghostly","Ghostly","Ghostly","Ghostly","Ghostly"]},{"damage_healed":0,"gold_gain":0,"player_choice":"Fought Bandits","damage_taken":0,"max_hp_gain":0,"max_hp_loss":0,"event_name":"Masked Bandits","floor":21,"gold_loss":0},{"damage_healed":0,"gold_gain":0,"player_choice":"Simplicity","damage_taken":0,"max_hp_gain":0,"max_hp_loss":0,"event_name":"Back to Basics","floor":22,"gold_loss":0,"cards_upgraded":["Defend_G","Defend_G","Defend_G","Defend_G","Defend_G","Strike_G","Strike_G","Strike_G","Strike_G","Strike_G"]},{"damage_healed":0,"gold_gain":0,"player_choice":"Cursed","damage_taken":0,"max_hp_gain":0,"max_hp_loss":0,"event_name":"Wheel of Change","floor":25,"gold_loss":0,"cards_obtained":["Decay"]}],"is_beta":false,"boss_relics":[{"not_picked":["Eternal Feather","Tiny House"],"picked":"Ring of the Serpent"}],"items_purged_floors":[],"is_endless":false,"potions_floor_spawned":[1,21,23],"killed_by":"Cultist and Chosen","ascension_level":4}