{"gold_per_floor":[118,31,31,43,43,43,62,62,86,100,13,32,32,32,32,128,128,148,163,88,88,88,88],"floor_reached":23,"playtime":484,"items_purged":[],"score":358,"play_id":"b7f05a06-edda-425d-9988-8c94d7f66ae7","local_time":"20190422150211","is_ascension_mode":true,"campfire_choices":[{"floor":6,"key":"REST"},{"data":"Static Discharge","floor":8,"key":"SMITH"},{"data":"Consume","floor":13,"key":"SMITH"},{"data":"Zap","floor":15,"key":"SMITH"}],"neow_cost":"NONE","seed_source_timestamp":198890296859528,"circlet_count":0,"master_deck":["AscendersBane","Strike_B","Strike_B","Strike_B","Strike_B","Defend_B","Defend_B","Defend_B","Defend_B+1","Zap+1","Dualcast+1","Consume+1","Static Discharge+1","Cold Snap","Hologram","Conserve Battery","Storm","Injury","Buffer","White Noise","Reboot","Static Discharge","FTL","Beam Cell+1","Capacitor"],"relics":["Cracked Core","Regal Pillow","Vajra","Bloody Idol","Orrery"],"potions_floor_usage":[12,16,23],"damage_taken":[{"damage":2,"enemies":"2 Louse","floor":1,"turns":2},{"damage":6,"enemies":"Jaw Worm","floor":4,"turns":4},{"damage":0,"enemies":"Cultist","floor":7,"turns":4},{"damage":6,"enemies":"Large Slime","floor":10,"turns":5},{"damage":3,"enemies":"3 Louse","floor":12,"turns":3},{"damage":38,"enemies":"The Guardian","floor":16,"turns":9},{"damage":8,"enemies":"Spheric Guardian","floor":18,"turns":3},{"damage":5,"enemies":"Chosen","floor":19,"turns":5},{"damage":52,"enemies":"Slavers","floor":23,"turns":3}],"seed_played":"-6392111586013959802","potions_obtained":[{"floor":1,"key":"Dexterity Potion"},{"floor":7,"key":"SpeedPotion"},{"floor":12,"key":"FocusPotion"}],"is_trial":false,"path_per_floor":["M","$","?","M","?","R","M","R","T","M","$","M","R","?","R","B",null,"M","M","$","?","?","E"],"character_chosen":"DEFECT","items_purchased":["Static Discharge","Storm","Capacitor"],"campfire_rested":1,"item_purchase_floors":[2,11,20],"current_hp_per_floor":[62,62,41,35,25,61,61,61,61,55,55,52,52,52,52,14,57,49,44,44,44,44,0],"gold":88,"neow_bonus":"RANDOM_COMMON_RELIC","is_prod":false,"is_daily":false,"chose_seed":false,"campfire_upgraded":3,"win_rate":0,"timestamp":1555959731,"path_taken":["M","$","?","M","?","R","M","R","T","?","$","M","R","?","R","BOSS","M","M","$","?","?","E"],"build_version":"2019-01-23","purchased_purges":0,"victory":false,"max_hp_per_floor":[71,71,71,71,71,71,71,71,71,71,71,71,71,71,71,71,71,71,71,71,71,71,71],"card_choices":[{"not_picked":["Fusion","BootSequence"],"picked":"Consume","floor":1},{"not_picked":["Leap","Steam Power"],"picked":"Cold Snap","floor":4},{"not_picked":["Consume","Lockon"],"picked":"Hologram","floor":7},{"not_picked":["Stack","Steam"],"picked":"Conserve Battery","floor":10},{"not_picked":["Blizzard","Go for the Eyes","Consume"],"picked":"SKIP","floor":12},{"not_picked":["Rainbow","Fission"],"picked":"Buffer","floor":16},{"not_picked":["Stack","Reinforced Body"],"picked":"White Noise","floor":17},{"not_picked":["Cold Snap","Lockon"],"picked":"Reboot","floor":17},{"not_picked":["Compile Driver","Gash"],"picked":"Static Discharge","floor":17},{"not_picked":["Hologram","Redo"],"picked":"FTL","floor":17},{"not_picked":["Scrape","Turbo","Leap"],"picked":"SKIP","floor":18},{"not_picked":["Steam Power","Steam"],"picked":"Beam Cell+1","floor":19}],"player_experience":921879,"relics_obtained":[{"floor":9,"key":"Vajra"}],"event_choices":[{"damage_healed":0,"gold_gain":0,"player_choice":"Entered Light","damage_taken":21,"max_hp_gain":0,"max_hp_loss":0,"event_name":"Shining Light","floor":3,"gold_loss":0,"cards_upgraded":["Dualcast","Defend_B"]},{"damage_healed":0,"gold_gain":0,"player_choice":"Damaged","damage_taken":10,"max_hp_gain":0,"max_hp_loss":0,"event_name":"Wheel of Change","floor":5,"gold_loss":0},{"damage_healed":0,"gold_gain":0,"player_choice":"Take Wound","damage_taken":0,"relics_obtained":["Golden Idol"],"max_hp_gain":0,"max_hp_loss":0,"event_name":"Golden Idol","floor":14,"gold_loss":0,"cards_obtained":["Injury"]},{"damage_healed":0,"gold_gain":0,"player_choice":"Ignored","damage_taken":0,"max_hp_gain":0,"max_hp_loss":0,"event_name":"The Mausoleum","floor":21,"gold_loss":0},{"damage_healed":0,"gold_gain":0,"player_choice":"Gave Idol","damage_taken":0,"relics_obtained":["Bloody Idol"],"max_hp_gain":0,"max_hp_loss":0,"event_name":"Forgotten Altar","floor":22,"relics_lost":["Golden Idol"],"gold_loss":0}],"is_beta":false,"boss_relics":[{"not_picked":["Sozu","Philosopher\u0027s Stone"],"picked":"Orrery"}],"items_purged_floors":[],"is_endless":false,"potions_floor_spawned":[1,7,12],"killed_by":"Slavers","ascension_level":20}