{"gold_per_floor":[110,128,139,64,64,64,93,105,150,150,175,75,95,95,95,169,169,180,180,990,1010,1024,1024,1054,625,625,644,669,683,697,713,713,784,784,801,560,560,578,593,593,627,627,681,708,725,725,736,754,754,754,754,754,43,76,76],"floor_reached":56,"playtime":3216,"items_purged":["Iron Wave","Sword Boomerang","Flame Barrier","Havoc","Intimidate"],"score":2213,"play_id":"7a0bc929-b1a1-4d2a-a0fb-87b65b041a8d","local_time":"20190412200312","daily_mods":["Draft","Binary","Uncertain Future"],"is_ascension_mode":true,"campfire_choices":[{"data":"Armaments","floor":6,"key":"SMITH"},{"data":"Body Slam","floor":10,"key":"SMITH"},{"data":"True Grit","floor":15,"key":"SMITH"},{"data":"Battle Trance","floor":23,"key":"SMITH"},{"data":"Discovery","floor":32,"key":"SMITH"},{"data":"Impatience","floor":40,"key":"SMITH"},{"data":"Burning Pact","floor":42,"key":"SMITH"},{"floor":49,"key":"RECALL"},{"data":"Feel No Pain","floor":52,"key":"SMITH"}],"neow_cost":"","seed_source_timestamp":0,"circlet_count":0,"master_deck":["AscendersBane","Ghostly Armor+1","True Grit+1","Armaments+1","Rampage+1","Body Slam+1","Power Through+1","Shrug It Off","Battle Trance+1","Shockwave","Seeing Red","Disarm+1","Burning Pact+1","Discovery+1","Second Wind","Feel No Pain+1","Impatience+1","Master of Strategy"],"relics":["Burning Blood","Shuriken","Pen Nib","Prayer Wheel","Coffee Dripper","War Paint","Lee\u0027s Waffle","Ancient Tea Set","Boot","Busted Crown","GremlinMask","Torii","Omamori","Whetstone","Art of War","Cauldron","Oddly Smooth Stone"],"potions_floor_usage":[11,16,21,24,29,48,55,55],"damage_taken":[{"damage":0,"enemies":"Cultist","floor":1,"turns":4},{"damage":0,"enemies":"Jaw Worm","floor":2,"turns":2},{"damage":1,"enemies":"Small Slimes","floor":3,"turns":4},{"damage":3,"enemies":"Lagavulin","floor":7,"turns":6},{"damage":4,"enemies":"3 Louse","floor":8,"turns":3},{"damage":6,"enemies":"Gremlin Nob","floor":11,"turns":4},{"damage":0,"enemies":"Exordium Thugs","floor":13,"turns":5},{"damage":9,"enemies":"Slime Boss","floor":16,"turns":9},{"damage":0,"enemies":"Spheric Guardian","floor":18,"turns":3},{"damage":0,"enemies":"Shell Parasite","floor":21,"turns":3},{"damage":11,"enemies":"Sentry and Sphere","floor":22,"turns":5},{"damage":3,"enemies":"Gremlin Leader","floor":24,"turns":6},{"damage":0,"enemies":"Shelled Parasite and Fungi","floor":27,"turns":5},{"damage":38,"enemies":"Slavers","floor":28,"turns":8},{"damage":2,"enemies":"Snake Plant","floor":29,"turns":5},{"damage":0,"enemies":"Cultist and Chosen","floor":30,"turns":6},{"damage":8,"enemies":"3 Cultists","floor":31,"turns":6},{"damage":0,"enemies":"Automaton","floor":33,"turns":8},{"damage":3,"enemies":"3 Shapes","floor":35,"turns":3},{"damage":0,"enemies":"3 Darklings","floor":38,"turns":5},{"damage":6,"enemies":"Jaw Worm Horde","floor":39,"turns":6},{"damage":3,"enemies":"Giant Head","floor":41,"turns":4},{"damage":11,"enemies":"Nemesis","floor":44,"turns":7},{"damage":0,"enemies":"Writhing Mass","floor":45,"turns":4},{"damage":1,"enemies":"4 Shapes","floor":47,"turns":6},{"damage":0,"enemies":"Maw","floor":48,"turns":5},{"damage":13,"enemies":"Time Eater","floor":50,"turns":11},{"damage":11,"enemies":"Shield and Spear","floor":54,"turns":4},{"damage":48,"enemies":"The Heart","floor":55,"turns":7}],"seed_played":"1043038565261538605","potions_obtained":[{"floor":7,"key":"Swift Potion"},{"floor":11,"key":"EntropicBrew"},{"floor":22,"key":"FearPotion"},{"floor":28,"key":"Regen Potion"},{"floor":29,"key":"EssenceOfSteel"},{"floor":39,"key":"Ancient Potion"},{"floor":48,"key":"Fruit Juice"},{"floor":53,"key":"PowerPotion"}],"is_trial":true,"path_per_floor":["M","M","M","$","?","R","E","M","T","R","E","$","M","?","R","B",null,"M","?","?","M","M","R","E","$","T","M","E","M","M","M","R","B",null,"M","$","?","M","M","R","E","R","T","E","M","?","M","M","R","B",null,"R","$","E","B",null],"character_chosen":"IRONCLAD","items_purchased":["Lee\u0027s Waffle","Discovery","Impatience","Art of War","Cauldron","Master of Strategy"],"campfire_rested":0,"item_purchase_floors":[25,25,36,53,53,53],"current_hp_per_floor":[74,75,75,75,57,57,60,62,62,62,62,62,68,61,61,58,71,75,75,5,18,13,13,16,82,82,82,50,68,74,72,72,78,81,82,82,82,82,82,82,82,82,82,77,82,82,82,87,87,80,85,85,85,80,38],"gold":76,"neow_bonus":"","is_prod":false,"is_daily":false,"chose_seed":true,"campfire_upgraded":8,"win_rate":0,"timestamp":1555070592,"path_taken":["M","M","M","?","?","R","E","M","T","R","E","$","M","?","R","BOSS","M","?","?","M","M","R","E","$","T","?","E","M","M","M","R","BOSS","M","$","?","M","M","R","E","R","T","E","?","?","M","M","R","BOSS","R","$","E","BOSS"],"build_version":"2019-01-23","purchased_purges":5,"victory":true,"max_hp_per_floor":[75,75,75,75,75,75,75,75,75,75,75,75,75,75,75,75,75,75,75,75,75,75,75,75,82,82,82,82,82,82,82,82,82,82,82,82,82,82,82,82,82,82,82,82,82,82,82,87,87,87,87,87,87,87,87],"card_choices":[{"not_picked":["Headbutt","Pummel"],"picked":"Iron Wave","floor":0},{"not_picked":["Sword Boomerang","Combust"],"picked":"Ghostly Armor","floor":0},{"not_picked":["Flex","Clothesline"],"picked":"Sword Boomerang","floor":0},{"not_picked":["Anger","Wild Strike"],"picked":"Flame Barrier","floor":0},{"not_picked":["Iron Wave","Clash"],"picked":"Intimidate","floor":0},{"not_picked":["Shockwave","Iron Wave"],"picked":"True Grit","floor":0},{"not_picked":["Headbutt","Spot Weakness"],"picked":"Armaments","floor":0},{"not_picked":["Dual Wield","Havoc"],"picked":"Rampage","floor":0},{"not_picked":["Flex","Sentinel"],"picked":"Body Slam","floor":0},{"not_picked":["Armaments","Infernal Blade"],"picked":"Power Through","floor":0},{"not_picked":["Clothesline","Thunderclap"],"picked":"Havoc","floor":0},{"not_picked":["Iron Wave","Clothesline"],"picked":"Wild Strike","floor":0},{"not_picked":["Entrench","Twin Strike"],"picked":"Shrug It Off","floor":0},{"not_picked":["True Grit","Headbutt"],"picked":"Battle Trance","floor":0},{"not_picked":["True Grit","Pommel Strike"],"picked":"Shockwave","floor":0},{"not_picked":["Havoc","Perfected Strike"],"picked":"SKIP","floor":1},{"not_picked":["Corruption","Clothesline"],"picked":"SKIP","floor":2},{"not_picked":["Anger","Rage"],"picked":"SKIP","floor":3},{"not_picked":["Warcry","Hemokinesis"],"picked":"SKIP","floor":7},{"not_picked":["Iron Wave","Hemokinesis"],"picked":"SKIP","floor":8},{"not_picked":["Anger"],"picked":"Seeing Red","floor":11},{"not_picked":["True Grit","Demon Form"],"picked":"SKIP","floor":13},{"not_picked":["Dual Wield","Flex"],"picked":"SKIP","floor":13},{"not_picked":["Clash"],"picked":"Disarm+1","floor":18},{"not_picked":["Anger+1","Flex"],"picked":"SKIP","floor":18},{"not_picked":["Shockwave","Whirlwind"],"picked":"SKIP","floor":21},{"not_picked":["Pommel Strike","Havoc"],"picked":"SKIP","floor":21},{"not_picked":["Anger"],"picked":"Burning Pact","floor":22},{"not_picked":["Whirlwind","Anger+1"],"picked":"SKIP","floor":22},{"not_picked":["Battle Trance","Pummel"],"picked":"SKIP","floor":24},{"not_picked":["True Grit"],"picked":"Second Wind","floor":27},{"not_picked":["Blood for Blood","Entrench"],"picked":"SKIP","floor":27},{"not_picked":["Uppercut","Flex"],"picked":"SKIP","floor":28},{"not_picked":["Headbutt"],"picked":"Feel No Pain","floor":29},{"not_picked":["Cleave","Pummel"],"picked":"SKIP","floor":29},{"not_picked":["Reckless Charge","Headbutt"],"picked":"SKIP","floor":30},{"not_picked":["Whirlwind","Anger+1"],"picked":"SKIP","floor":30},{"not_picked":["Perfected Strike+1","Second Wind"],"picked":"SKIP","floor":31},{"not_picked":["Pommel Strike","Battle Trance"],"picked":"SKIP","floor":31}],"player_experience":1374634,"relics_obtained":[{"floor":7,"key":"Pen Nib"},{"floor":11,"key":"Prayer Wheel"},{"floor":24,"key":"War Paint"},{"floor":26,"key":"Ancient Tea Set"},{"floor":28,"key":"Boot"},{"floor":41,"key":"Torii"},{"floor":43,"key":"Omamori"},{"floor":44,"key":"Whetstone"},{"floor":54,"key":"Oddly Smooth Stone"}],"event_choices":[{"damage_healed":0,"gold_gain":0,"player_choice":"Success","damage_taken":18,"relics_obtained":["Shuriken"],"max_hp_gain":0,"max_hp_loss":0,"event_name":"Scrap Ooze","floor":5,"gold_loss":0},{"cards_removed":["Wild Strike"],"damage_healed":0,"gold_gain":0,"player_choice":"Card Removal","damage_taken":7,"max_hp_gain":0,"max_hp_loss":0,"event_name":"Golden Wing","floor":14,"gold_loss":0},{"damage_healed":0,"gold_gain":0,"player_choice":"Ignored","damage_taken":0,"max_hp_gain":0,"max_hp_loss":0,"event_name":"Ghosts","floor":19,"gold_loss":0},{"damage_healed":0,"gold_gain":810,"player_choice":"GOLD GOLD GOLD GOLD GOLD GOLD GOLD GOLD GOLD ","damage_taken":70,"max_hp_gain":0,"max_hp_loss":0,"event_name":"Knowing Skull","floor":20,"potions_obtained":[],"gold_loss":0,"cards_obtained":[]},{"damage_healed":0,"gold_gain":0,"player_choice":"Trade","damage_taken":0,"relics_obtained":["GremlinMask"],"max_hp_gain":0,"max_hp_loss":0,"event_name":"FaceTrader","floor":37,"gold_loss":0},{"damage_healed":0,"gold_gain":0,"player_choice":"Cursed","damage_taken":0,"max_hp_gain":0,"max_hp_loss":0,"event_name":"Wheel of Change","floor":46,"gold_loss":0,"cards_obtained":["Decay"]}],"is_beta":false,"boss_relics":[{"not_picked":["Philosopher\u0027s Stone","Black Blood"],"picked":"Coffee Dripper"},{"not_picked":["Fusion Hammer","Empty Cage"],"picked":"Busted Crown"}],"items_purged_floors":[4,12,25,36,53],"is_endless":false,"potions_floor_spawned":[7,11,22,28,29,30,33,35,39,44,48],"ascension_level":15}