{"gold_per_floor":[119,119,119,119,138,138,163,163,190,190,203,220,238,250,250,327,327,344,284,304,38,52,52,71,71,94,119,131,16,27,52,52,52],"floor_reached":33,"playtime":890,"items_purged":["Strike_R","Strike_R"],"score":515,"play_id":"87deb630-660e-40bd-b152-2cee6ddd44b9","local_time":"20190305144203","is_ascension_mode":true,"campfire_choices":[{"data":"Flex","floor":6,"key":"SMITH"},{"data":"Body Slam","floor":8,"key":"SMITH"},{"data":"Bash","floor":10,"key":"SMITH"},{"data":"True Grit","floor":15,"key":"SMITH"},{"data":"Double Tap","floor":23,"key":"SMITH"},{"data":"Offering","floor":25,"key":"SMITH"},{"data":"Impervious","floor":32,"key":"SMITH"}],"neow_cost":"NONE","seed_source_timestamp":243965586864866,"circlet_count":0,"master_deck":["AscendersBane","Strike_R","Defend_R+1","Defend_R","Defend_R","Defend_R+1","Bash+1","Flex+1","Body Slam+1","Shrug It Off","Offering+1","True Grit+1","Double Tap+1","Impervious+1"],"relics":["Burning Blood","The Courier","Bag of Preparation","Bag of Marbles","Mark of Pain","Membership Card","Frozen Egg 2","MawBank","ClockworkSouvenir","Dream Catcher"],"potions_floor_usage":[7,13,16,31,33],"damage_taken":[{"damage":1,"enemies":"Cultist","floor":1,"turns":4},{"damage":0,"enemies":"2 Louse","floor":5,"turns":3},{"damage":19,"enemies":"Lagavulin","floor":7,"turns":7},{"damage":4,"enemies":"Jaw Worm","floor":11,"turns":3},{"damage":10,"enemies":"Lots of Slimes","floor":12,"turns":6},{"damage":6,"enemies":"2 Fungi Beasts","floor":13,"turns":1},{"damage":6,"enemies":"Exordium Thugs","floor":14,"turns":6},{"damage":37,"enemies":"The Guardian","floor":16,"turns":7},{"damage":24,"enemies":"3 Byrds","floor":18,"turns":7},{"damage":6,"enemies":"Shell Parasite","floor":20,"turns":1},{"damage":12,"enemies":"Sentry and Sphere","floor":22,"turns":5},{"damage":6,"enemies":"Cultist and Chosen","floor":24,"turns":5},{"damage":6,"enemies":"Snake Plant","floor":27,"turns":1},{"damage":11,"enemies":"Snecko","floor":30,"turns":3},{"damage":6,"enemies":"Gremlin Leader","floor":31,"turns":4},{"damage":48,"enemies":"Automaton","floor":33,"turns":6}],"seed_played":"-6074109298717056034","potions_obtained":[{"floor":5,"key":"Ancient Potion"},{"floor":7,"key":"AttackPotion"},{"floor":12,"key":"BloodPotion"},{"floor":13,"key":"SpeedPotion"},{"floor":18,"key":"AttackPotion"},{"floor":31,"key":"Dexterity Potion"}],"is_trial":false,"path_per_floor":["M","?","?","T","M","R","E","R","T","R","M","M","M","M","R","B",null,"M","$","M","$","M","R","M","R","T","M","?","$","M","E","R","B"],"character_chosen":"IRONCLAD","items_purchased":["Membership Card","Frozen Egg 2","ClockworkSouvenir"],"campfire_rested":0,"item_purchase_floors":[21,21,29],"current_hp_per_floor":[73,50,43,43,49,49,36,36,36,36,38,34,41,41,41,10,59,41,41,41,41,35,35,35,35,35,35,35,35,30,30,30,0],"gold":52,"neow_bonus":"REMOVE_CARD","is_prod":false,"is_daily":false,"chose_seed":false,"campfire_upgraded":7,"win_rate":0,"timestamp":1551768123,"path_taken":["M","?","?","?","?","R","E","R","T","R","M","M","M","M","R","BOSS","M","$","M","$","M","R","M","R","T","M","?","?","?","E","R","BOSS"],"build_version":"2019-01-23","purchased_purges":2,"victory":false,"max_hp_per_floor":[75,75,75,75,75,75,75,75,75,75,75,75,75,75,75,75,75,75,75,75,75,75,75,75,75,75,75,75,75,75,75,75,75],"card_choices":[{"not_picked":["Clothesline","Headbutt","Sever Soul"],"picked":"SKIP","floor":1},{"not_picked":["Cleave","Sever Soul"],"picked":"Flex","floor":5},{"not_picked":["Cleave","Uppercut"],"picked":"Body Slam","floor":7},{"not_picked":["Corruption","Dropkick"],"picked":"Shrug It Off","floor":11},{"not_picked":["Seeing Red","Cleave"],"picked":"Offering","floor":12},{"not_picked":["Armaments","Pommel Strike"],"picked":"True Grit","floor":13},{"not_picked":["Iron Wave","Whirlwind","Pommel Strike"],"picked":"SKIP","floor":14},{"not_picked":["Offering","Immolate"],"picked":"Double Tap","floor":16},{"not_picked":["Cleave","Thunderclap","Metallicize"],"picked":"SKIP","floor":18},{"not_picked":["Warcry","Heavy Blade","Clash"],"picked":"SKIP","floor":20},{"not_picked":["Cleave","Bloodletting","Rage"],"picked":"SKIP","floor":22},{"not_picked":["Sword Boomerang","Perfected Strike","Carnage"],"picked":"SKIP","floor":24},{"not_picked":["Clothesline","Clash"],"picked":"Impervious","floor":27},{"not_picked":["Metallicize+1","Uppercut","Cleave"],"picked":"SKIP","floor":30},{"not_picked":["Iron Wave","Sword Boomerang","Thunderclap"],"picked":"SKIP","floor":31}],"player_experience":1118891,"relics_obtained":[{"floor":4,"key":"The Courier"},{"floor":7,"key":"Bag of Preparation"},{"floor":9,"key":"Bag of Marbles"},{"floor":26,"key":"MawBank"},{"floor":31,"key":"Dream Catcher"}],"event_choices":[{"damage_healed":0,"gold_gain":0,"player_choice":"Entered Light","damage_taken":23,"max_hp_gain":0,"max_hp_loss":0,"event_name":"Shining Light","floor":2,"gold_loss":0,"cards_upgraded":["Defend_R","Defend_R"]},{"cards_removed":["Strike_R"],"damage_healed":0,"gold_gain":0,"player_choice":"Card Removal","damage_taken":7,"max_hp_gain":0,"max_hp_loss":0,"event_name":"Golden Wing","floor":3,"gold_loss":0},{"damage_healed":0,"gold_gain":0,"player_choice":"Ignored","damage_taken":0,"max_hp_gain":0,"max_hp_loss":0,"event_name":"N\u0027loth","floor":28,"gold_loss":0}],"is_beta":false,"boss_relics":[{"not_picked":["Black Star","Black Blood"],"picked":"Mark of Pain"}],"items_purged_floors":[19,29],"is_endless":false,"potions_floor_spawned":[5,7,12,13,14,18,24,27,31],"killed_by":"Automaton","ascension_level":15}