{"gold_per_floor":[115,40,40,54,74,74,108,8,8,37,66,77,93,126,126,199,199,209,84,84,84,94,94],"floor_reached":23,"playtime":950,"items_purged":["Chill","Chill","Chill+1"],"score":453,"play_id":"93fc04a4-999e-43b0-bff5-0d2649701811","local_time":"20190407205527","daily_mods":["Specialized","ControlledChaos","Binary"],"is_ascension_mode":true,"campfire_choices":[{"data":"Coolheaded","floor":6,"key":"SMITH"},{"floor":15,"key":"REST"}],"neow_cost":"","seed_source_timestamp":0,"circlet_count":0,"master_deck":["AscendersBane","Strike_B","Strike_B","Strike_B","Strike_B","Defend_B","Defend_B","Defend_B","Defend_B","Zap","Dualcast","Chill+1","Coolheaded+1","Tempest","Defragment","Storm","Cold Snap+1","Echo Form+1","AscendersBane"],"relics":["Cracked Core","Frozen Eye","Dodecahedron","Gremlin Horn","War Paint","Odd Mushroom","Molten Egg 2","Frozen Egg 2","Busted Crown"],"potions_floor_usage":[14,22],"damage_taken":[{"damage":10,"enemies":"2 Louse","floor":1,"turns":3},{"damage":0,"enemies":"Cultist","floor":4,"turns":3},{"damage":0,"enemies":"Small Slimes","floor":5,"turns":4},{"damage":0,"enemies":"Lagavulin","floor":7,"turns":8},{"damage":19,"enemies":"The Mushroom Lair","floor":10,"turns":5},{"damage":21,"enemies":"Gremlin Nob","floor":11,"turns":5},{"damage":5,"enemies":"Red Slaver","floor":12,"turns":4},{"damage":5,"enemies":"Large Slime","floor":13,"turns":5},{"damage":0,"enemies":"3 Sentries","floor":14,"turns":6},{"damage":24,"enemies":"Slime Boss","floor":16,"turns":5},{"damage":7,"enemies":"Spheric Guardian","floor":18,"turns":5},{"damage":28,"enemies":"Colosseum Slavers","floor":20,"turns":4},{"damage":9,"enemies":"3 Byrds","floor":22,"turns":4},{"damage":13,"enemies":"Slavers","floor":23,"turns":2}],"seed_played":"-9169725069658136007","potions_obtained":[{"floor":4,"key":"SkillPotion"},{"floor":5,"key":"Explosive Potion"},{"floor":11,"key":"Fire Potion"},{"floor":16,"key":"FearPotion"}],"is_trial":true,"path_per_floor":["M","$","?","M","M","R","E","$","T","?","E","M","M","E","R","B",null,"M","$","?","?","M","E"],"character_chosen":"DEFECT","items_purchased":[],"campfire_rested":1,"item_purchase_floors":[],"current_hp_per_floor":[54,54,54,54,54,54,54,54,54,35,14,9,4,4,25,1,54,47,47,19,19,10,0],"gold":94,"neow_bonus":"","is_prod":false,"is_daily":false,"chose_seed":true,"campfire_upgraded":1,"win_rate":0,"timestamp":1554641727,"path_taken":["M","$","?","M","?","R","E","?","T","?","E","M","M","E","R","BOSS","M","$","?","?","?","E"],"build_version":"2019-01-23","purchased_purges":3,"victory":false,"max_hp_per_floor":[71,71,71,71,71,71,71,71,71,71,71,71,71,71,71,71,71,71,71,71,71,71,71],"card_choices":[{"not_picked":["Steam","Beam Cell"],"picked":"SKIP","floor":1},{"not_picked":["Doom and Gloom","Darkness"],"picked":"SKIP","floor":4},{"not_picked":["Ball Lightning"],"picked":"Coolheaded","floor":5},{"not_picked":["Redo"],"picked":"Tempest","floor":7},{"not_picked":["Go for the Eyes"],"picked":"Defragment","floor":10},{"not_picked":["Compile Driver"],"picked":"Storm","floor":11},{"not_picked":["Melter+1"],"picked":"Cold Snap+1","floor":12},{"not_picked":["Barrage+1","Leap"],"picked":"SKIP","floor":13},{"not_picked":["Steam","Hyperbeam+1"],"picked":"SKIP","floor":14},{"not_picked":["Multi-Cast"],"picked":"Echo Form+1","floor":16}],"player_experience":1355164,"relics_obtained":[{"floor":7,"key":"Gremlin Horn"},{"floor":9,"key":"War Paint"},{"floor":10,"key":"Odd Mushroom"},{"floor":11,"key":"Molten Egg 2"},{"floor":14,"key":"Frozen Egg 2"}],"event_choices":[{"cards_removed":["Chill"],"damage_healed":0,"gold_gain":0,"player_choice":"Gave Card","damage_taken":0,"relics_obtained":["Dodecahedron"],"max_hp_gain":0,"max_hp_loss":0,"event_name":"WeMeetAgain","floor":3,"gold_loss":0},{"damage_healed":0,"gold_gain":0,"player_choice":"Fought Mushrooms","damage_taken":0,"max_hp_gain":0,"max_hp_loss":0,"event_name":"Mushrooms","floor":10,"gold_loss":0},{"damage_healed":0,"gold_gain":0,"player_choice":"Fight","damage_taken":0,"max_hp_gain":0,"max_hp_loss":0,"event_name":"Colosseum","floor":20,"gold_loss":0},{"damage_healed":0,"gold_gain":0,"player_choice":"Fled From Nobs","damage_taken":0,"max_hp_gain":0,"max_hp_loss":0,"event_name":"Colosseum","floor":20,"gold_loss":0},{"damage_healed":0,"gold_gain":0,"player_choice":"Copied","damage_taken":0,"max_hp_gain":0,"max_hp_loss":0,"event_name":"Duplicator","floor":21,"gold_loss":0,"cards_obtained":["AscendersBane"]}],"is_beta":false,"boss_relics":[{"not_picked":["Ectoplasm","White Beast Statue"],"picked":"Busted Crown"}],"items_purged_floors":[2,8,19],"is_endless":false,"potions_floor_spawned":[4,5,7,11,16,20],"killed_by":"Slavers","ascension_level":15}