{"gold_per_floor":[119,119,5,155,66,66,94,110,137,137,37,37,51,68,68,68],"floor_reached":16,"playtime":311,"items_purged":["Regret","Doubt"],"score":246,"play_id":"675ab44b-9da8-4e77-ae84-45b34b486ae2","local_time":"20190205145844","is_ascension_mode":true,"campfire_choices":[{"data":"All Out Attack","floor":6,"key":"SMITH"},{"data":"Footwork","floor":10,"key":"SMITH"},{"data":"Neutralize","floor":12,"key":"SMITH"},{"data":"Caltrops","floor":15,"key":"SMITH"}],"neow_cost":"NONE","seed_source_timestamp":72067180097660,"circlet_count":0,"master_deck":["AscendersBane","Defend_G","Defend_G","Defend_G","Defend_G","Defend_G","Strike_G","Strike_G","Strike_G","Strike_G","Strike_G","Survivor","Neutralize+1","All Out Attack+1","Accuracy","Footwork+1","Heel Hook","Venomology","Endless Agony","Caltrops+1"],"relics":["Ring of the Snake","NeowsBlessing","Shuriken","Paper Crane","Omamori"],"potions_floor_usage":[14,14,16,16],"damage_taken":[{"damage":0,"enemies":"Jaw Worm","floor":1,"turns":1},{"damage":0,"enemies":"Lagavulin","floor":7,"turns":1},{"damage":0,"enemies":"2 Louse","floor":8,"turns":1},{"damage":3,"enemies":"Cultist","floor":13,"turns":3},{"damage":8,"enemies":"Exordium Thugs","floor":14,"turns":3},{"damage":68,"enemies":"Slime Boss","floor":16,"turns":10}],"seed_played":"8488110989159004249","potions_obtained":[{"floor":7,"key":"Ancient Potion"},{"floor":8,"key":"Poison Potion"},{"floor":14,"key":"Explosive Potion"}],"is_trial":false,"path_per_floor":["M","?","$","?","$","R","E","M","T","R","$","R","M","M","R","B"],"character_chosen":"THE_SILENT","items_purchased":["Accuracy","Footwork"],"campfire_rested":0,"item_purchase_floors":[3,5],"current_hp_per_floor":[59,59,59,59,59,59,59,59,59,59,59,59,56,48,48,0],"gold":68,"neow_bonus":"THREE_ENEMY_KILL","is_prod":false,"is_daily":false,"chose_seed":false,"campfire_upgraded":4,"win_rate":0,"timestamp":1549396724,"path_taken":["M","?","$","?","$","R","E","M","T","R","?","R","M","M","R","BOSS"],"build_version":"2019-01-23","purchased_purges":2,"victory":false,"max_hp_per_floor":[66,66,66,66,66,66,66,66,66,66,66,66,66,66,66,66],"card_choices":[{"not_picked":["Dagger Spray","Predator"],"picked":"All Out Attack","floor":1},{"not_picked":["Bane","Poisoned Stab"],"picked":"Heel Hook","floor":7},{"not_picked":["Leg Sweep","Acrobatics"],"picked":"Venomology","floor":8},{"not_picked":["Deadly Poison","Catalyst"],"picked":"Endless Agony","floor":13},{"not_picked":["Dagger Throw","Tactician"],"picked":"Caltrops","floor":14}],"player_experience":820414,"relics_obtained":[{"floor":7,"key":"Paper Crane"},{"floor":9,"key":"Omamori"}],"event_choices":[{"damage_healed":0,"gold_gain":0,"player_choice":"Box","damage_taken":0,"relics_obtained":["Shuriken"],"max_hp_gain":0,"max_hp_loss":0,"event_name":"Big Fish","floor":2,"gold_loss":0,"cards_obtained":["Regret"]},{"damage_healed":0,"gold_gain":150,"player_choice":"AGREE","damage_taken":0,"max_hp_gain":0,"max_hp_loss":0,"event_name":"Liars Game","floor":4,"gold_loss":0,"cards_obtained":["Doubt"]}],"is_beta":false,"boss_relics":[],"items_purged_floors":[3,11],"is_endless":false,"potions_floor_spawned":[7,8,14],"killed_by":"Slime Boss","ascension_level":20}