{"gold_per_floor":[115,130,180,200,216,216,242,242,242,242,277,101,101],"floor_reached":13,"playtime":362,"items_purged":[],"score":163,"play_id":"cbc8c25e-6c00-4c8f-b40e-7bcd6dbc794f","local_time":"20180924153651","is_ascension_mode":true,"campfire_choices":[{"data":"Barrage","floor":6,"key":"SMITH"},{"floor":8,"key":"REST"}],"neow_cost":"","seed_source_timestamp":417668925280809,"circlet_count":0,"master_deck":["Strike_B","Strike_B","Strike_B+1","Strike_B","Defend_B","Defend_B","Defend_B","Defend_B","Zap","Dualcast","AscendersBane","Barrage+1","Ball Lightning+1","Steam","Turbo","Auto Shields","Rip and Tear+1","Beam Cell"],"relics":["Cracked Core","Prayer Wheel","Peace Pipe","Unceasing Top","Whetstone"],"potions_floor_usage":[],"damage_taken":[{"damage":8,"enemies":"Jaw Worm","floor":1,"turns":5},{"damage":1,"enemies":"Cultist","floor":2,"turns":4},{"damage":0,"enemies":"Small Slimes","floor":4,"turns":3},{"damage":5,"enemies":"Exordium Wildlife","floor":5,"turns":3},{"damage":37,"enemies":"Gremlin Nob","floor":7,"turns":4},{"damage":20,"enemies":"Lagavulin","floor":11,"turns":6},{"damage":14,"enemies":"Exordium Thugs","floor":13,"turns":2}],"seed_played":"-8761493062664095559","potions_obtained":[{"floor":2,"key":"Ancient Potion"},{"floor":11,"key":"Ancient Potion"}],"is_trial":false,"path_per_floor":["M","M","?","M","M","R","E","R","T","?","E","$"],"character_chosen":"DEFECT","items_purchased":["Beam Cell","Whetstone"],"campfire_rested":1,"item_purchase_floors":[12,12],"current_hp_per_floor":[56,55,55,55,50,50,13,34,34,34,14,14,0],"gold":101,"neow_bonus":"","is_prod":false,"is_daily":false,"chose_seed":false,"campfire_upgraded":1,"win_rate":0,"timestamp":1537817811,"path_taken":["M","M","?","M","M","R","E","R","T","?","E","$","M"],"build_version":"2018-09-20","purchased_purges":0,"victory":false,"max_hp_per_floor":[71,71,71,71,71,71,71,71,71,71,71,71,71],"card_choices":[{"not_picked":["Leap","Steam Power"],"picked":"Barrage","floor":1},{"not_picked":["Genetic Algorithm","Conserve Battery"],"picked":"Ball Lightning","floor":2},{"not_picked":["Force Field","Gash"],"picked":"Steam","floor":4},{"not_picked":["Conserve Battery","Streamline"],"picked":"Turbo","floor":5},{"not_picked":["Steam Power","Conserve Battery"],"picked":"Auto Shields","floor":7},{"not_picked":["Melter","Static Discharge"],"picked":"Rip and Tear","floor":11}],"player_experience":584309,"relics_obtained":[{"floor":7,"key":"Prayer Wheel"},{"floor":9,"key":"Peace Pipe"},{"floor":11,"key":"Unceasing Top"}],"event_choices":[{"event_name":"Golden Shrine","player_choice":"Pray","floor":3,"damage_taken":0},{"event_name":"Accursed Blacksmith","player_choice":"Forge","floor":10,"damage_taken":0}],"is_beta":false,"boss_relics":[],"items_purged_floors":[],"is_endless":false,"potions_floor_spawned":[2,11],"killed_by":"Exordium Thugs","ascension_level":15}