{"path_per_floor":["M","$","M","M","?","R","?","R","T","M","?","M","T","?","R","B",null,"M","?","M","$","M","R","$","R","T","R","E","?"],"character_chosen":"IRONCLAD","items_purchased":["Spot Weakness","Block Potion","Dark Shackles","Flex"],"gold_per_floor":[110,33,52,64,24,24,24,24,77,96,21,31,79,79,79,173,173,193,193,214,68,93,93,47,47,47,47,385,385],"floor_reached":30,"campfire_rested":2,"playtime":1005,"current_hp_per_floor":[59,59,59,59,59,59,72,72,72,72,72,65,65,65,65,11,57,32,32,15,15,18,40,40,62,62,62,65,54],"items_purged":[],"gold":385,"score":439,"play_id":"4d302882-082c-41d3-a366-ebe444a687a3","local_time":"20180312213854","is_prod":false,"is_daily":false,"is_ascension_mode":true,"campfire_upgraded":4,"timestamp":1520905134,"path_taken":["M","$","M","M","?","R","?","R","T","M","?","?","?","?","R","BOSS","M","?","M","$","M","R","?","R","T","R","E","?","E"],"build_version":"2018-03-09","purchased_purges":0,"victory":false,"master_deck":["Defend_R","Defend_R","Defend_R","Defend_R","Bash","Thunderclap","Spot Weakness","Twin Strike+1","Disarm+1","Flex+1","Heavy Blade+1","Injury","Berserk","Battle Trance","Dark Shackles","Flex","Bite","Bite","Bite","Bite","Bite"],"max_hp_per_floor":[72,72,72,72,72,72,72,72,72,72,72,72,72,72,72,72,72,74,74,74,74,76,76,76,76,76,76,78,54],"relics":["Burning Blood","Singing Bowl","Vajra","Golden Idol","Lizard Tail","Champion Belt","Old Coin"],"card_choices":[{"not_picked":["Clash","Battle Trance"],"picked":"Thunderclap"},{"not_picked":["Dropkick","Anger"],"picked":"Twin Strike"},{"not_picked":["Havoc","Rage"],"picked":"Disarm"},{"not_picked":["Perfected Strike","Bloodletting"],"picked":"Flex"},{"not_picked":["Disarm","Combust"],"picked":"Heavy Blade"},{"not_picked":["Dark Embrace","Immolate"],"picked":"Berserk"},{"not_picked":["Thunderclap","Sever Soul"],"picked":"Battle Trance"}],"player_experience":430284,"potions_floor_usage":[30],"damage_taken":[{"damage":15.0,"enemies":"Small Slimes","floor":1.0,"turns":4.0},{"damage":6.0,"enemies":"Cultist","floor":3.0,"turns":3.0},{"damage":6.0,"enemies":"2 Louse","floor":4.0,"turns":3.0},{"damage":1.0,"enemies":"Looter","floor":10.0,"turns":2.0},{"damage":13.0,"enemies":"Exordium Wildlife","floor":12.0,"turns":4.0},{"damage":60.0,"enemies":"Hexaghost","floor":16.0,"turns":10.0},{"damage":33.0,"enemies":"Spheric Guardian","floor":18.0,"turns":4.0},{"damage":23.0,"enemies":"Chosen","floor":20.0,"turns":5.0},{"damage":5.0,"enemies":"Snake Plant","floor":22.0,"turns":4.0},{"damage":5.0,"enemies":"Gremlin Leader","floor":28.0,"turns":5.0},{"damage":59,"enemies":"Slavers","floor":30,"turns":5}],"event_choices":[{"event_name":"The Woman in Blue","player_choice":"Bought 3 Potions","floor":5.0,"damage_taken":0.0},{"event_name":"Big Fish","player_choice":"Banana","floor":7.0,"damage_taken":0.0},{"event_name":"The Cleric","player_choice":"Card Removal","floor":11.0,"damage_taken":0.0},{"event_name":"Golden Idol","player_choice":"Take Wound","floor":14.0,"damage_taken":0.0},{"event_name":"Match and Keep!","player_choice":"0 cards matched","floor":19.0,"damage_taken":0.0},{"event_name":"Vampires","player_choice":"Became a vampire","floor":29.0,"damage_taken":0.0}],"boss_relics":[],"potions_floor_spawned":[3,4,16,18,20,22],"seed_played":"-687544807982055964","killed_by":"Slavers","ascension_level":15,"is_trial":false}