{"gold_per_floor":[369,379,45,45,57,57,57,85,85,97,126,126,153,25,25,99,99,118,118,118,131,131,131,147,175,175,203,203,203,203,37,37,113,113,125,225,276,288,288,288,320,391,417,449,170,170,187,222,222,222,222,222,222,51,83,83],"floor_reached":57,"playtime":2455,"items_purged":["Strike_B","Defend_B+1","Defend_B+1"],"score":2880,"play_id":"88d4cddd-a3c2-47bd-8c2b-ad83b04f9b89","local_time":"20190404204046","is_ascension_mode":true,"campfire_choices":[{"data":"Apotheosis","floor":6.0,"key":"SMITH"},{"floor":12.0,"key":"REST"},{"data":"Skim","floor":15.0,"key":"SMITH"},{"data":"Recycle","floor":23.0,"key":"SMITH"},{"data":"Seek","floor":28.0,"key":"SMITH"},{"floor":30.0,"key":"REST"},{"data":"Capacitor","floor":32.0,"key":"SMITH"},{"floor":40.0,"key":"REST"},{"floor":49.0,"key":"RECALL"},{"data":"Impatience","floor":53.0,"key":"SMITH"}],"neow_cost":"TEN_PERCENT_HP_LOSS","seed_source_timestamp":691652818295084,"circlet_count":0,"master_deck":["AscendersBane","Defend_B+1","Defend_B+1","Zap","Dualcast","Compile Driver","Skim+1","Apotheosis+1","Impatience+1","Loop+1","Hologram","Multi-Cast","Ball Lightning","Electrodynamics","Meteor Strike","Conserve Battery","All For One","Recycle+1","Tempest","Thunder Strike","Capacitor+1","White Noise+1","Seek+1","Chaos","Biased Cognition","Turbo","Cold Snap","Double Energy","Go for the Eyes","Static Discharge+1","Hologram+1","Jack Of All Trades","Coolheaded","Panacea","Conserve Battery","Coolheaded+1"],"special_seed":0,"relics":["Cracked Core","Torii","Shuriken","Regal Pillow","Bird Faced Urn","Runic Dome","Bronze Scales","Symbiotic Virus","Bag of Preparation","Runic Pyramid","Thread and Needle","Peace Pipe","Meat on the Bone","Bottled Flame","Membership Card","PreservedInsect","Pocketwatch"],"potions_floor_usage":[56],"damage_taken":[{"damage":19.0,"enemies":"Small Slimes","floor":1.0,"turns":4.0},{"damage":1.0,"enemies":"Cultist","floor":2.0,"turns":3.0},{"damage":12.0,"enemies":"Jaw Worm","floor":5.0,"turns":3.0},{"damage":16.0,"enemies":"Lagavulin","floor":8.0,"turns":5.0},{"damage":1.0,"enemies":"Large Slime","floor":10.0,"turns":6.0},{"damage":36.0,"enemies":"Gremlin Nob","floor":11.0,"turns":4.0},{"damage":12.0,"enemies":"3 Sentries","floor":13.0,"turns":4.0},{"damage":13.0,"enemies":"The Guardian","floor":16.0,"turns":9.0},{"damage":0.0,"enemies":"Spheric Guardian","floor":18.0,"turns":3.0},{"damage":12.0,"enemies":"2 Thieves","floor":21.0,"turns":2.0},{"damage":19.0,"enemies":"3 Cultists","floor":24.0,"turns":4.0},{"damage":23.0,"enemies":"Gremlin Leader","floor":25.0,"turns":4.0},{"damage":22.0,"enemies":"Slavers","floor":27.0,"turns":4.0},{"damage":27.0,"enemies":"Collector","floor":33.0,"turns":5.0},{"damage":28.0,"enemies":"3 Darklings","floor":35.0,"turns":3.0},{"damage":0.0,"enemies":"Mind Bloom Boss Battle","floor":36.0,"turns":3.0},{"damage":44.0,"enemies":"2 Orb Walkers","floor":37.0,"turns":4.0},{"damage":1.0,"enemies":"Orb Walker","floor":38.0,"turns":2.0},{"damage":0.0,"enemies":"Giant Head","floor":41.0,"turns":5.0},{"damage":27.0,"enemies":"Nemesis","floor":44.0,"turns":5.0},{"damage":0.0,"enemies":"Writhing Mass","floor":47.0,"turns":2.0},{"damage":1.0,"enemies":"Giant Head","floor":48.0,"turns":3.0},{"damage":34.0,"enemies":"Awakened One","floor":50.0,"turns":7.0},{"damage":9.0,"enemies":"Donu and Deca","floor":51.0,"turns":4.0},{"damage":7.0,"enemies":"Shield and Spear","floor":55.0,"turns":2.0},{"damage":34,"enemies":"The Heart","floor":56,"turns":6}],"seed_played":"-1093559234728569034","potions_obtained":[{"floor":2.0,"key":"Strength Potion"},{"floor":8.0,"key":"FairyPotion"},{"floor":11.0,"key":"LiquidBronze"},{"floor":13.0,"key":"FearPotion"},{"floor":25.0,"key":"Fire Potion"},{"floor":27.0,"key":"EssenceOfSteel"},{"floor":36.0,"key":"FocusPotion"},{"floor":37.0,"key":"Strength Potion"}],"is_trial":false,"path_per_floor":["M","M","$","?","M","R","?","E","T","M","E","R","E","$","R","B",null,"M","?","?","M","?","R","M","E","T","E","R","?","R","$","R","B",null,"M","?","?","M","?","R","E","T","T","E","$","?","M","E","R","B","B",null,"R","$","E","B",null],"character_chosen":"DEFECT","items_purchased":["Apotheosis","Impatience","Loop","PowerPotion","Chaos","GamblersBrew","Membership Card","PowerPotion","Panacea","Conserve Battery"],"campfire_rested":3,"item_purchase_floors":[3,3,3,14,31,31,45,54,54,54],"current_hp_per_floor":[45,44,44,49,37,37,37,21,21,20,6,41,29,29,29,36,61,65,65,65,57,57,57,42,25,25,9,9,9,44,44,44,27,59,41,47,13,16,16,51,61,61,61,46,46,46,52,63,63,39,42,62,62,62,65,45],"gold":83,"neow_bonus":"TWO_FIFTY_GOLD","is_prod":false,"is_daily":false,"chose_seed":false,"campfire_upgraded":6,"win_rate":0,"timestamp":1554381646,"path_taken":["M","M","$","?","M","R","?","E","T","?","E","R","E","$","R","BOSS","M","?","?","?","?","R","M","E","T","E","R","?","R","$","R","BOSS","M","?","?","M","?","R","E","?","T","E","$","?","M","E","R","BOSS","BOSS","R","$","E","BOSS"],"build_version":"2019-01-23","purchased_purges":3,"victory":true,"max_hp_per_floor":[64,64,64,69,69,69,69,69,69,69,69,69,69,69,69,69,69,69,69,69,69,69,69,69,69,69,69,69,69,69,69,69,69,69,69,69,69,69,69,69,69,69,69,69,69,69,69,69,69,69,69,69,69,69,69,69],"card_choices":[{"not_picked":["Lockon","Stack"],"picked":"Compile Driver","floor":1.0},{"not_picked":["Go for the Eyes","Hologram"],"picked":"Skim","floor":2.0},{"not_picked":["Go for the Eyes","Barrage"],"picked":"Hologram","floor":5.0},{"not_picked":["Scrape","Chill"],"picked":"Multi-Cast","floor":8.0},{"not_picked":["Redo","Streamline"],"picked":"Ball Lightning","floor":10.0},{"not_picked":["Rebound","Compile Driver"],"picked":"Electrodynamics","floor":11.0},{"not_picked":["Leap","Loop","Sweeping Beam"],"picked":"SKIP","floor":13.0},{"not_picked":["Rainbow","Reboot"],"picked":"Meteor Strike","floor":16.0},{"not_picked":["Rip and Tear","Rebound"],"picked":"Conserve Battery","floor":18.0},{"not_picked":["Go for the Eyes","Chill"],"picked":"Recycle","floor":21.0},{"not_picked":["Loop","FTL"],"picked":"Capacitor","floor":24.0},{"not_picked":["Stack","Meteor Strike"],"picked":"White Noise+1","floor":25.0},{"not_picked":["Sweeping Beam","Lockon"],"picked":"Seek","floor":27.0},{"not_picked":["Seek","Rainbow"],"picked":"Biased Cognition","floor":33.0},{"not_picked":["Steam+1","Force Field+1"],"picked":"Turbo","floor":35.0},{"not_picked":["Compile Driver","All For One"],"picked":"Cold Snap","floor":36.0},{"not_picked":["Heatsinks","Sweeping Beam"],"picked":"Double Energy","floor":37.0},{"not_picked":["Chill","Turbo"],"picked":"Go for the Eyes","floor":38.0},{"not_picked":["Sweeping Beam","Steam"],"picked":"Static Discharge+1","floor":41.0},{"not_picked":["Sweeping Beam","Ball Lightning+1"],"picked":"Hologram+1","floor":44.0},{"not_picked":["Trip","Transmutation"],"picked":"Jack Of All Trades","floor":46.0},{"not_picked":["Static Discharge+1","Chaos","Conserve Battery+1"],"picked":"SKIP","floor":47.0},{"not_picked":["Fission","Capacitor+1"],"picked":"Coolheaded","floor":48.0},{"not_picked":["Ball Lightning+1","Rebound"],"picked":"Coolheaded+1","floor":55.0}],"player_experience":1324213,"relics_obtained":[{"floor":8.0,"key":"Torii"},{"floor":9.0,"key":"Shuriken"},{"floor":11.0,"key":"Regal Pillow"},{"floor":13.0,"key":"Bird Faced Urn"},{"floor":25.0,"key":"Bronze Scales"},{"floor":26.0,"key":"Symbiotic Virus"},{"floor":27.0,"key":"Bag of Preparation"},{"floor":36.0,"key":"Thread and Needle"},{"floor":41.0,"key":"Peace Pipe"},{"floor":42.0,"key":"Meat on the Bone"},{"floor":44.0,"key":"Bottled Flame"},{"floor":48.0,"key":"PreservedInsect"},{"floor":55.0,"key":"Pocketwatch"}],"event_choices":[{"damage_healed":0.0,"max_hp_gain":5.0,"max_hp_loss":0.0,"gold_gain":0.0,"event_name":"Big Fish","player_choice":"Donut","floor":4.0,"gold_loss":0.0,"damage_taken":0.0},{"damage_healed":0.0,"max_hp_gain":0.0,"max_hp_loss":0.0,"gold_gain":0.0,"event_name":"Upgrade Shrine","player_choice":"Upgraded","floor":7.0,"gold_loss":0.0,"damage_taken":0.0,"cards_upgraded":["Loop"]},{"damage_healed":0.0,"max_hp_gain":0.0,"max_hp_loss":0.0,"gold_gain":0.0,"event_name":"Back to Basics","player_choice":"Simplicity","floor":19.0,"gold_loss":0.0,"damage_taken":0.0,"cards_upgraded":["Strike_B","Strike_B","Strike_B","Defend_B","Defend_B","Defend_B","Defend_B"]},{"damage_healed":0.0,"max_hp_gain":0.0,"max_hp_loss":0.0,"gold_gain":0.0,"cards_transformed":["Strike_B"],"event_name":"Transmorgrifier","player_choice":"Transformed","floor":20.0,"gold_loss":0.0,"damage_taken":0.0,"cards_obtained":["All For One"]},{"damage_healed":0.0,"max_hp_gain":0.0,"max_hp_loss":0.0,"gold_gain":0.0,"cards_transformed":["Strike_B","Strike_B"],"event_name":"Drug Dealer","player_choice":"Became Test Subject","floor":22.0,"gold_loss":0.0,"damage_taken":0.0,"cards_obtained":["Tempest","Thunder Strike"]},{"damage_healed":0.0,"max_hp_gain":0.0,"max_hp_loss":0.0,"gold_gain":0.0,"event_name":"The Mausoleum","player_choice":"Ignored","floor":29.0,"gold_loss":0.0,"damage_taken":0.0},{"damage_healed":0.0,"max_hp_gain":0.0,"max_hp_loss":0.0,"gold_gain":0.0,"event_name":"MindBloom","player_choice":"Fight","floor":36.0,"gold_loss":0.0,"damage_taken":0.0},{"damage_healed":0.0,"max_hp_gain":0.0,"max_hp_loss":0.0,"gold_gain":0.0,"event_name":"Mysterious Sphere","player_choice":"Fight","floor":37.0,"gold_loss":0.0,"damage_taken":0.0},{"damage_healed":0.0,"max_hp_gain":0.0,"max_hp_loss":0.0,"gold_gain":0.0,"event_name":"Tomb of Lord Red Mask","player_choice":"Ignored","floor":39.0,"gold_loss":0.0,"damage_taken":0.0},{"damage_healed":0.0,"max_hp_gain":0.0,"max_hp_loss":0.0,"gold_gain":0.0,"event_name":"SensoryStone","player_choice":"Memory 1","floor":46.0,"gold_loss":0.0,"damage_taken":0.0}],"is_beta":false,"boss_relics":[{"not_picked":["Fusion Hammer","Ectoplasm"],"picked":"Runic Dome"},{"not_picked":["Nuclear Battery","Black Star"],"picked":"Runic Pyramid"}],"items_purged_floors":[14,45,54],"is_endless":false,"potions_floor_spawned":[2,8,11,13,25,27,33,35,36,37,44,48],"ascension_level":20}