{"gold_per_floor":[115,43,59,79,79,79,104,117,117,117,192,217,142,142,142,265,265,290,76,26,49,49,49,73,73,73,173,173,191,214,238,238,358,358,372,372,397,397,410,444,444,458,483,483,483,497,225,225,225,225],"floor_reached":51,"playtime":2878,"items_purged":["Decay","Injury","Writhe"],"score":910,"play_id":"a1a92cdb-bb47-4551-ab12-c7199b51538f","local_time":"20180714043719","is_ascension_mode":true,"campfire_choices":[{"data":"Defragment","floor":6,"key":"SMITH"},{"data":"Defragment","floor":10,"key":"SMITH"},{"data":"Coolheaded","floor":15,"key":"SMITH"},{"floor":23,"key":"REST"},{"floor":25,"key":"REST"},{"floor":28,"key":"REST"},{"floor":32,"key":"REST"},{"floor":49,"key":"REST"}],"neow_cost":"NONE","seed_source_timestamp":189332972966338,"circlet_count":0,"master_deck":["Strike_B","Strike_B","Defend_B","Defend_B","Defend_B","Defend_B","Zap","Dualcast","Redo","Defragment+1","Defragment+1","Glacier","Capacitor","Coolheaded+1","Electrodynamics+1","Self Repair+1","Glacier","Loop+1","Heatsinks+1","BootSequence","Chill+1","Skim+1","Blizzard","Loop+1"],"relics":["Calling Bell","Bag of Marbles","Pear","Ginger","Golden Idol","Frozen Egg 2","Fusion Hammer","Mercury Hourglass","Empty Cage","Matryoshka","Ancient Tea Set","Bronze Scales","Shovel"],"potions_floor_usage":[37,37,40],"damage_taken":[{"damage":17,"enemies":"Jaw Worm","floor":1,"turns":4},{"damage":1,"enemies":"Cultist","floor":3,"turns":3},{"damage":5,"enemies":"2 Louse","floor":4,"turns":3},{"damage":0,"enemies":"Blue Slaver","floor":7,"turns":5},{"damage":2,"enemies":"3 Louse","floor":8,"turns":5},{"damage":26,"enemies":"Exordium Thugs","floor":12,"turns":6},{"damage":28,"enemies":"Hexaghost","floor":16,"turns":17},{"damage":16,"enemies":"Chosen","floor":18,"turns":6},{"damage":35,"enemies":"2 Thieves","floor":21,"turns":4},{"damage":12,"enemies":"Snake Plant","floor":24,"turns":4},{"damage":0,"enemies":"Snecko","floor":29,"turns":6},{"damage":19,"enemies":"Slaver and Parasite","floor":30,"turns":10},{"damage":21,"enemies":"Snake Plant","floor":31,"turns":4},{"damage":39,"enemies":"Collector","floor":33,"turns":8},{"damage":13,"enemies":"3 Shapes","floor":35,"turns":6},{"damage":40,"enemies":"3 Darklings","floor":37,"turns":4},{"damage":20,"enemies":"Transient","floor":39,"turns":5},{"damage":38,"enemies":"2 Orb Walkers","floor":40,"turns":5},{"damage":35,"enemies":"Maw","floor":42,"turns":12},{"damage":13,"floor":44,"turns":8},{"damage":25,"enemies":"Sphere and 2 Shapes","floor":46,"turns":6},{"damage":44,"enemies":"Donu and Deca","floor":50,"turns":8}],"seed_played":"-5068099258849424948","potions_obtained":[{"floor":3,"key":"FocusPotion"},{"floor":4,"key":"SneckoOil"},{"floor":7,"key":"Poison Potion"},{"floor":16,"key":"Regen Potion"},{"floor":18,"key":"EssenceOfSteel"},{"floor":37,"key":"SkillPotion"},{"floor":44,"key":"Strength Potion"}],"is_trial":false,"path_per_floor":["M","$","M","M","?","R","M","M","T","R","?","M","$","?","R","B",null,"M","$","?","M","$","R","M","R","T","?","R","M","M","M","R","B",null,"M","?","M","?","M","E","?","M","T","?","?","M","$","?","R","B"],"character_chosen":"DEFECT","items_purchased":["Defragment","Self Repair+1","Glacier","Blizzard","Loop+1"],"campfire_rested":5,"item_purchase_floors":[2,19,19,47,47],"current_hp_per_floor":[68,68,67,62,62,62,62,60,60,60,49,23,23,49,49,21,79,63,63,63,28,28,51,49,72,72,72,79,79,70,49,72,43,79,66,89,56,56,46,18,78,53,53,50,70,55,55,55,78,44],"gold":225,"neow_bonus":"BOSS_RELIC","is_prod":false,"is_daily":false,"chose_seed":false,"campfire_upgraded":3,"win_rate":0.0,"timestamp":1531535839,"path_taken":["M","$","M","M","?","R","M","?","T","R","?","M","?","?","R","BOSS","M","$","?","M","$","R","M","R","T","?","R","M","M","?","R","BOSS","M","?","M","?","M","E","?","?","T","?","?","M","$","?","R","BOSS"],"build_version":"2018-07-12","purchased_purges":3,"victory":true,"max_hp_per_floor":[85,85,85,85,79,79,79,79,79,79,79,79,79,79,79,79,79,79,79,79,79,79,79,79,79,79,79,79,79,79,79,79,79,79,79,89,89,89,89,89,78,78,78,78,78,78,78,78,78,78],"card_choices":[{"not_picked":["Steam","Heatsinks"],"picked":"Redo","floor":1},{"not_picked":["Streamline","Compile Driver"],"picked":"Defragment","floor":3},{"not_picked":["Rebound","Amplify"],"picked":"Glacier","floor":4},{"not_picked":["Scrape","Conserve Battery","Darkness"],"picked":"SKIP","floor":7},{"not_picked":["Ball Lightning","Steam Power"],"picked":"Capacitor","floor":8},{"not_picked":["Rebound","Leap"],"picked":"Coolheaded","floor":12},{"not_picked":["Amplify","Reboot"],"picked":"Electrodynamics+1","floor":16},{"not_picked":["Cold Snap","Tempest","Go for the Eyes"],"picked":"SKIP","floor":18},{"not_picked":["Conserve Battery","Go for the Eyes+1","Beam Cell"],"picked":"SKIP","floor":21},{"not_picked":["Streamline+1","Conserve Battery+1"],"picked":"Loop+1","floor":24},{"not_picked":["Streamline","Coolheaded"],"picked":"Heatsinks+1","floor":29},{"not_picked":["Ball Lightning","Stack","Steam+1"],"picked":"SKIP","floor":30},{"not_picked":["Redo","Gash","Skim"],"picked":"SKIP","floor":31},{"not_picked":["Reboot","Fission"],"picked":"Rainbow","floor":33},{"not_picked":["Barrage","Steam+1","Skim"],"picked":"SKIP","floor":35},{"not_picked":["Sweeping Beam","Coolheaded+1","Streamline"],"picked":"SKIP","floor":37},{"not_picked":["Streamline","Cold Snap"],"picked":"BootSequence","floor":39},{"not_picked":["Darkness","Gash+1"],"picked":"Chill+1","floor":40},{"not_picked":["Cold Snap+1","Sweeping Beam+1"],"picked":"Skim+1","floor":42},{"not_picked":["Ball Lightning","Gash+1","Rebound"],"picked":"SKIP","floor":46}],"player_experience":276356,"relics_obtained":[{"floor":0,"key":"Bag of Marbles"},{"floor":0,"key":"Pear"},{"floor":0,"key":"Ginger"},{"floor":9,"key":"Frozen Egg 2"},{"floor":26,"key":"Mercury Hourglass"},{"floor":40,"key":"Matryoshka"},{"floor":43,"key":"Ancient Tea Set"},{"floor":43,"key":"Bronze Scales"},{"floor":44,"key":"Shovel"}],"event_choices":[{"event_name":"Golden Idol","player_choice":"Lose Max HP","floor":5,"damage_taken":0},{"event_name":"World of Goop","player_choice":"Gather Gold","floor":11,"damage_taken":0},{"event_name":"Big Fish","player_choice":"Banana","floor":14,"damage_taken":0},{"event_name":"The Joust","player_choice":"Bet on Murderer","floor":20,"damage_taken":0},{"event_name":"Golden Shrine","player_choice":"Pray","floor":27,"damage_taken":0},{"event_name":"Bonfire Elementals","player_choice":"RARE","floor":36,"damage_taken":0},{"event_name":"Falling","player_choice":"Removed Attack","floor":38,"damage_taken":0},{"event_name":"The Moai Head","player_choice":"Heal","floor":41,"damage_taken":0},{"event_name":"MindBloom","player_choice":"Fight","floor":44,"damage_taken":0},{"event_name":"Winding Halls","player_choice":"Writhe","floor":45,"damage_taken":0},{"event_name":"SecretPortal","player_choice":"Rejected Portal.","floor":48,"damage_taken":0}],"boss_relics":[{"not_picked":["Runic Dome","Nuclear Battery"],"picked":"Fusion Hammer"},{"not_picked":["Astrolabe","Coffee Dripper"],"picked":"Empty Cage"}],"items_purged_floors":[13,19,47],"is_endless":false,"potions_floor_spawned":[3,4,7,16,18,30,31,33,37,44],"ascension_level":1}