{"gold_per_floor":[11,26,26,51,66,66,81,81,158,178,208,133,133,33,33,156,156,174,99,99,99,113,113,113],"floor_reached":24,"playtime":550,"items_purged":["Strike_B","Defend_B"],"score":260,"play_id":"185ab8ab-b93d-44ce-9dc1-7a094487abf8","local_time":"20180715150357","is_ascension_mode":true,"campfire_choices":[{"data":"Zap","floor":6,"key":"SMITH"},{"data":"Dualcast","floor":15,"key":"SMITH"},{"floor":23,"key":"REST"}],"neow_cost":"NO_GOLD","seed_source_timestamp":20375999735794,"circlet_count":0,"master_deck":["Defend_B","Zap+1","Dualcast+1","Scrape","Self Repair","Streamline","Beam Cell","Skim"],"relics":["Cracked Core","Golden Idol","Shuriken","Runic Pyramid","Peace Pipe","Bottled Tornado"],"potions_floor_usage":[16],"damage_taken":[{"damage":7,"enemies":"Jaw Worm","floor":1,"turns":2},{"damage":8,"enemies":"Small Slimes","floor":2,"turns":2},{"damage":4,"enemies":"2 Louse","floor":4,"turns":4},{"damage":26,"enemies":"Exordium Wildlife","floor":5,"turns":4},{"damage":0,"enemies":"Large Slime","floor":7,"turns":4},{"damage":17,"enemies":"Looter","floor":10,"turns":3},{"damage":13,"enemies":"Hexaghost","floor":16,"turns":5},{"damage":33,"enemies":"2 Thieves","floor":18,"turns":3},{"damage":26,"enemies":"3 Byrds","floor":22,"turns":3},{"damage":31,"enemies":"Snecko","floor":24,"turns":3}],"seed_played":"4814819476002188472","potions_obtained":[{"floor":4,"key":"SkillPotion"},{"floor":7,"key":"SpeedPotion"}],"is_trial":false,"path_per_floor":["M","M","?","M","M","R","M","?","T","M","?","$","?","$","R","B",null,"M","?","?","T","M","R"],"character_chosen":"DEFECT","items_purchased":[],"campfire_rested":1,"item_purchase_floors":[],"current_hp_per_floor":[61,53,53,49,30,30,37,30,30,20,20,20,20,20,20,14,55,29,29,29,29,10,30,0],"gold":113,"neow_bonus":"REMOVE_TWO","is_prod":false,"is_daily":false,"chose_seed":false,"campfire_upgraded":2,"win_rate":0,"timestamp":1531638237,"path_taken":["M","M","?","M","M","R","M","?","T","M","?","$","?","?","R","BOSS","M","?","?","?","M","R","M"],"build_version":"2018-07-12","purchased_purges":2,"victory":false,"max_hp_per_floor":[75,75,69,69,69,69,69,69,69,69,69,69,69,69,69,69,69,69,69,69,69,69,69,69],"card_choices":[{"not_picked":["Conserve Battery","Ball Lightning","BootSequence"],"picked":"SKIP","floor":1},{"not_picked":["Go for the Eyes","Rebound"],"picked":"Scrape","floor":2},{"not_picked":["Reprogram","Sunder"],"picked":"Self Repair","floor":4},{"not_picked":["Defragment","Chaos"],"picked":"Streamline","floor":5},{"not_picked":["Conserve Battery","Gash"],"picked":"Beam Cell","floor":7},{"not_picked":["Barrage","Compile Driver"],"picked":"Skim","floor":10},{"not_picked":["Chaos","Go for the Eyes+1","Undo"],"picked":"SKIP","floor":18},{"not_picked":["Beam Cell+1","Skim","Force Field+1"],"picked":"SKIP","floor":22}],"player_experience":294229,"relics_obtained":[{"floor":9,"key":"Shuriken"},{"floor":21,"key":"Bottled Tornado"}],"event_choices":[{"event_name":"Golden Idol","player_choice":"Lose Max HP","floor":3,"damage_taken":0},{"event_name":"Golden Wing","player_choice":"Card Removal","floor":8,"damage_taken":0},{"event_name":"Dead Adventurer","player_choice":"Searched \u00271\u0027 times","floor":11,"damage_taken":0},{"event_name":"Bonfire Elementals","player_choice":"BASIC","floor":13,"damage_taken":0},{"event_name":"Beggar","player_choice":"Gave Gold","floor":19,"damage_taken":0},{"event_name":"The Mausoleum","player_choice":"Yes","floor":20,"damage_taken":0}],"boss_relics":[{"not_picked":["FrozenCore","Pandora\u0027s Box"],"picked":"Runic Pyramid"}],"items_purged_floors":[12,14],"is_endless":false,"potions_floor_spawned":[4,7],"killed_by":"Snecko","ascension_level":8}