{"gold_per_floor":[110,110,126,144,15,50,50,65,143,143,43,75,93,150,150,253,253,268,179,191,211,51,77,89,117,117,117,132,57,57,134,134,134],"floor_reached":33,"playtime":1412,"items_purged":["Bash","Defend_R","Defend_R"],"score":381,"play_id":"5cec468f-9c63-4bee-b4db-a46f01d7ef5f","local_time":"20180817144313","is_ascension_mode":true,"campfire_choices":[{"data":"Perfected Strike","floor":10,"key":"SMITH"},{"data":"Demon Form","floor":15,"key":"SMITH"},{"data":"Double Tap","floor":30,"key":"SMITH"},{"data":"Power Through","floor":32,"key":"SMITH"}],"neow_cost":"NONE","seed_source_timestamp":57726374820923,"circlet_count":0,"master_deck":["Strike_R","Strike_R","Strike_R","Strike_R","Defend_R","Defend_R","Thunderclap","Cleave","Perfected Strike+1","Pommel Strike","Wild Strike","Demon Form+1","Double Tap+1","Shrug It Off","Power Through+1","Flame Barrier+1","Twin Strike","Evolve","Brutality","Necronomicurse","Anger+1"],"relics":["Burning Blood","Blood Vial","Torii","Matryoshka","Strawberry","Meat on the Bone","Magic Flower","Tiny Chest","Sozu","Pen Nib","Ancient Tea Set","Oddly Smooth Stone","Happy Flower","Necronomicon","Question Card"],"potions_floor_usage":[12,16,23],"damage_taken":[{"damage":0,"enemies":"Small Slimes","floor":1,"turns":3},{"damage":6,"enemies":"Cultist","floor":3,"turns":4},{"damage":12,"enemies":"Jaw Worm","floor":4,"turns":2},{"damage":24,"enemies":"Gremlin Nob","floor":6,"turns":4},{"damage":3,"enemies":"Gremlin Gang","floor":8,"turns":4},{"damage":11,"enemies":"3 Sentries","floor":12,"turns":5},{"damage":8,"enemies":"Blue Slaver","floor":13,"turns":2},{"damage":40,"enemies":"Lagavulin","floor":14,"turns":4},{"damage":56,"enemies":"The Guardian","floor":16,"turns":10},{"damage":23,"enemies":"Spheric Guardian","floor":18,"turns":4},{"damage":7,"enemies":"2 Thieves","floor":20,"turns":4},{"damage":31,"enemies":"Sentry and Sphere","floor":21,"turns":5},{"damage":55,"enemies":"Gremlin Leader","floor":23,"turns":4},{"damage":9,"enemies":"Snake Plant","floor":24,"turns":3},{"damage":47,"enemies":"Slavers","floor":25,"turns":4},{"damage":9,"enemies":"Centurion and Healer","floor":28,"turns":2},{"damage":58,"enemies":"Automaton","floor":33,"turns":6}],"seed_played":"-8477852896432145575","potions_obtained":[{"floor":6,"key":"SkillPotion"},{"floor":12,"key":"Ancient Potion"},{"floor":14,"key":"Strength Potion"}],"is_trial":false,"path_per_floor":["M","?","M","M","$","E","T","M","T","R","$","E","M","E","R","B",null,"M","$","M","M","$","E","M","E","T","?","M","?","R","T","R"],"character_chosen":"IRONCLAD","items_purchased":["Pommel Strike","Shrug It Off","Power Through","Evolve"],"campfire_rested":0,"item_purchase_floors":[5,19,19,22],"current_hp_per_floor":[80,80,80,74,74,58,58,63,70,70,70,67,71,61,61,35,74,63,63,68,67,67,42,63,46,46,30,51,51,51,51,51,0],"gold":134,"neow_bonus":"RANDOM_COMMON_RELIC","is_prod":false,"is_daily":false,"chose_seed":false,"campfire_upgraded":4,"win_rate":0,"timestamp":1534488193,"path_taken":["M","?","?","M","?","E","?","M","T","R","$","E","M","E","R","BOSS","M","$","M","?","$","E","M","E","T","?","M","?","R","?","R","BOSS"],"build_version":"2018-08-16","purchased_purges":3,"victory":false,"max_hp_per_floor":[80,80,80,80,80,80,80,80,87,87,87,87,87,87,87,87,87,87,87,87,87,87,87,87,87,87,87,87,87,87,87,87,87],"card_choices":[{"not_picked":["Wild Strike","Intimidate"],"picked":"Thunderclap","floor":1},{"not_picked":["Entrench","Feel No Pain"],"picked":"Cleave","floor":3},{"not_picked":["Pummel","Headbutt"],"picked":"Perfected Strike","floor":4},{"not_picked":["Flex","Sword Boomerang"],"picked":"Wild Strike","floor":6},{"not_picked":["Body Slam","Armaments","Barricade"],"picked":"SKIP","floor":8},{"not_picked":["Bludgeon","Cleave"],"picked":"Inflame","floor":12},{"not_picked":["Rupture","Havoc","Pummel"],"picked":"SKIP","floor":13},{"not_picked":["Headbutt","Flex"],"picked":"Demon Form","floor":14},{"not_picked":["Fiend Fire","Dark Embrace"],"picked":"Double Tap","floor":16},{"not_picked":["Flex","Cleave","Clash"],"picked":"SKIP","floor":18},{"not_picked":["Havoc","Flex"],"picked":"Flame Barrier+1","floor":20},{"not_picked":["Spot Weakness","Flex"],"picked":"Twin Strike","floor":21},{"not_picked":["True Grit","Corruption","Shockwave+1"],"picked":"SKIP","floor":23},{"not_picked":["Wild Strike","Flame Barrier+1"],"picked":"Brutality","floor":24},{"not_picked":["Exhume","Clash","Clothesline"],"picked":"SKIP","floor":25},{"not_picked":["Body Slam","Clash"],"picked":"Anger+1","floor":28}],"player_experience":339580,"relics_obtained":[{"floor":6,"key":"Torii"},{"floor":7,"key":"Matryoshka"},{"floor":9,"key":"Strawberry"},{"floor":9,"key":"Meat on the Bone"},{"floor":12,"key":"Magic Flower"},{"floor":14,"key":"Tiny Chest"},{"floor":23,"key":"Pen Nib"},{"floor":25,"key":"Ancient Tea Set"},{"floor":26,"key":"Oddly Smooth Stone"},{"floor":26,"key":"Happy Flower"},{"floor":27,"key":"Necronomicon"},{"floor":31,"key":"Question Card"}],"event_choices":[{"event_name":"Living Wall","player_choice":"Forget","floor":2,"damage_taken":0},{"event_name":"Cursed Tome","player_choice":"Obtained Book","floor":27,"damage_taken":0},{"event_name":"Beggar","player_choice":"Gave Gold","floor":29,"damage_taken":0}],"is_beta":false,"boss_relics":[{"not_picked":["Fusion Hammer","Calling Bell"],"picked":"Sozu"}],"items_purged_floors":[5,11,22],"is_endless":false,"potions_floor_spawned":[6,12,14,18,23,25],"killed_by":"Automaton","ascension_level":5}