{"gold_per_floor":[112,187,462,10,25,54,73,73,97,109,109,142,142,171,171,266,266,256,256,256,273,21,21,21,47,47,64,15,15,43,54,54,149,149,164,264,264,264,28,83,83,30,30,30,65,287,322,338,338,338],"floor_reached":51,"playtime":3252,"items_purged":["Regret","Injury","Injury"],"score":1391,"play_id":"72e76739-42fc-45d4-8202-d167de7bd3d1","local_time":"20190402154519","is_ascension_mode":true,"campfire_choices":[{"floor":8,"key":"REST"},{"data":"Caltrops","floor":13,"key":"SMITH"},{"floor":15,"key":"REST"},{"floor":24,"key":"REST"},{"data":"Envenom","floor":29,"key":"SMITH"},{"data":"Accuracy","floor":32,"key":"SMITH"},{"data":"Adrenaline","floor":41,"key":"SMITH"},{"data":"Infinite Blades","floor":44,"key":"SMITH"},{"data":"Mayhem","floor":49,"key":"SMITH"}],"neow_cost":"TEN_PERCENT_HP_LOSS","seed_source_timestamp":1750494669563569,"circlet_count":0,"master_deck":["Defend_G","Defend_G","Defend_G","Defend_G","Defend_G","Strike_G","Strike_G","Strike_G","Strike_G","Strike_G","Survivor","Neutralize","Flying Knee","Bouncing Flask+1","Caltrops+1","Acrobatics","Sucker Punch","Dagger Throw","Accuracy+1","Leg Sweep","Envenom+1","Parasite","Distraction+1","Ghostly","Ghostly","Ghostly","Ghostly","Ghostly","Backstab","Sucker Punch+1","Infinite Blades+1","Dash","Dramatic Entrance","Dagger Throw","Dash","Outmaneuver+1","Endless Agony","Adrenaline+1","Underhanded Strike","Quick Slash","Madness","Madness","Mayhem+1","Bane","Prepared","Poisoned Stab+1","Prepared+1","Distraction+1"],"relics":["Ring of the Snake","Nunchaku","Toy Ornithopter","PreservedInsect","Strawberry","Meat on the Bone","Potion Belt","Calling Bell","Smiling Mask","Mercury Hourglass","Dead Branch","Enchiridion","Ornamental Fan","Omamori","Red Mask","Busted Crown","Ice Cream","Paper Crane","Tiny Chest","Dodecahedron","Mummified Hand","Molten Egg 2"],"potions_floor_usage":[7,10,12,12,18,25,31,33,33,45,48],"damage_taken":[{"damage":2,"enemies":"Cultist","floor":1,"turns":4},{"damage":0,"enemies":"Small Slimes","floor":5,"turns":4},{"damage":28,"enemies":"Gremlin Nob","floor":6,"turns":4},{"damage":0,"enemies":"2 Louse","floor":7,"turns":2},{"damage":3,"enemies":"Looter","floor":10,"turns":3},{"damage":9,"enemies":"Lagavulin","floor":12,"turns":5},{"damage":13,"enemies":"Gremlin Nob","floor":14,"turns":3},{"damage":59,"enemies":"Slime Boss","floor":16,"turns":13},{"damage":24,"enemies":"2 Thieves","floor":18,"turns":4},{"damage":15,"enemies":"3 Byrds","floor":21,"turns":1},{"damage":3,"enemies":"Gremlin Leader","floor":25,"turns":5},{"damage":8,"enemies":"3 Cultists","floor":27,"turns":5},{"damage":2,"enemies":"Masked Bandits","floor":30,"turns":4},{"damage":0,"enemies":"Snecko","floor":31,"turns":4},{"damage":0,"enemies":"Collector","floor":33,"turns":8},{"damage":0,"enemies":"Orb Walker","floor":35,"turns":4},{"damage":4,"enemies":"Mind Bloom Boss Battle","floor":36,"turns":7},{"damage":0,"enemies":"Giant Head","floor":40,"turns":6},{"damage":0,"enemies":"Nemesis","floor":45,"turns":5},{"damage":0,"enemies":"Reptomancer","floor":47,"turns":4},{"damage":7,"enemies":"3 Darklings","floor":48,"turns":3},{"damage":0,"enemies":"Awakened One","floor":50,"turns":10}],"seed_played":"-8429916764799952682","potions_obtained":[{"floor":6,"key":"Fire Potion"},{"floor":7,"key":"EntropicBrew"},{"floor":21,"key":"GamblersBrew"},{"floor":25,"key":"SteroidPotion"},{"floor":27,"key":"GhostInAJar"},{"floor":33,"key":"Energy Potion"},{"floor":35,"key":"Strength Potion"},{"floor":36,"key":"AttackPotion"},{"floor":40,"key":"Regen Potion"},{"floor":48,"key":"EssenceOfSteel"}],"is_trial":false,"path_per_floor":["M","?","?","$","M","E","M","R","T","M","?","E","R","E","R","B",null,"M","?","?","M","$","?","R","E","T","M","$","R","?","M","R","B",null,"M","?","T","?","$","E","R","$","T","R","E","?","E","M","R","B",null],"character_chosen":"THE_SILENT","items_purchased":["Toy Ornithopter","PreservedInsect","Bouncing Flask","Infinite Blades","Dash","Dramatic Entrance","Block Potion","Mayhem","Prepared"],"campfire_rested":3,"item_purchase_floors":[4,4,4,22,22,22,28,39,42],"current_hp_per_floor":[61,50,50,50,50,29,34,55,55,57,57,58,58,45,66,19,57,38,35,35,20,20,4,14,28,28,20,20,20,18,23,23,33,35,35,31,31,27,27,27,27,27,27,27,32,32,32,28,28,28],"gold":338,"neow_bonus":"ONE_RARE_RELIC","is_prod":false,"is_daily":false,"chose_seed":false,"campfire_upgraded":6,"win_rate":0,"timestamp":1554245119,"path_taken":["M","?","?","$","?","E","M","R","T","M","?","E","R","E","R","BOSS","M","?","?","?","$","?","R","E","T","M","$","R","?","M","R","BOSS","M","?","?","?","$","E","R","$","T","R","E","?","E","M","R","BOSS"],"build_version":"2019-01-23","purchased_purges":3,"victory":true,"max_hp_per_floor":[63,63,63,63,63,70,70,70,70,70,70,70,70,70,70,70,70,70,35,35,35,35,35,35,35,35,35,35,35,35,35,35,35,35,35,35,35,35,35,35,35,35,35,35,35,35,35,35,35,35],"card_choices":[{"not_picked":["Cloak And Dagger","Endless Agony"],"picked":"Flying Knee","floor":1},{"not_picked":["Cloak And Dagger","Acrobatics"],"picked":"Caltrops","floor":5},{"not_picked":["Underhanded Strike","Terror"],"picked":"Acrobatics","floor":6},{"not_picked":["Flying Knee","Backflip"],"picked":"Sucker Punch","floor":7},{"not_picked":["Masterful Stab","Cloak And Dagger"],"picked":"Dagger Throw","floor":10},{"not_picked":["Grand Finale","Finisher"],"picked":"Accuracy","floor":12},{"not_picked":["Flying Knee","Backflip"],"picked":"Leg Sweep","floor":14},{"not_picked":["Storm of Steel","Night Terror"],"picked":"Envenom","floor":16},{"not_picked":["Deadly Poison","Acrobatics"],"picked":"Distraction+1","floor":18},{"not_picked":["Masterful Stab","Flying Knee+1"],"picked":"Sucker Punch+1","floor":21},{"not_picked":["Tactician","Blur"],"picked":"Dagger Throw","floor":25},{"not_picked":["Flying Knee","Reflex+1"],"picked":"Dash","floor":27},{"not_picked":["Dagger Throw+1","Quick Slash"],"picked":"Outmaneuver+1","floor":30},{"not_picked":["Dagger Spray","Reflex"],"picked":"Endless Agony","floor":31},{"not_picked":["Unload","Doppelganger"],"picked":"Adrenaline","floor":33},{"not_picked":[],"picked":"Underhanded Strike","floor":35},{"not_picked":[],"picked":"Quick Slash","floor":36},{"not_picked":[],"picked":"Bane","floor":40},{"not_picked":[],"picked":"Poisoned Stab+1","floor":45},{"not_picked":[],"picked":"Prepared+1","floor":47},{"not_picked":[],"picked":"Distraction+1","floor":48}],"player_experience":475976,"relics_obtained":[{"floor":6,"key":"Strawberry"},{"floor":12,"key":"Meat on the Bone"},{"floor":14,"key":"Potion Belt"},{"floor":17,"key":"Smiling Mask"},{"floor":17,"key":"Mercury Hourglass"},{"floor":17,"key":"Dead Branch"},{"floor":23,"key":"Enchiridion"},{"floor":25,"key":"Ornamental Fan"},{"floor":26,"key":"Omamori"},{"floor":30,"key":"Red Mask"},{"floor":36,"key":"Ice Cream"},{"floor":37,"key":"Paper Crane"},{"floor":40,"key":"Tiny Chest"},{"floor":43,"key":"Dodecahedron"},{"floor":45,"key":"Mummified Hand"},{"floor":47,"key":"Molten Egg 2"}],"event_choices":[{"damage_healed":0,"gold_gain":75,"player_choice":"Gather Gold","damage_taken":11,"max_hp_gain":0,"max_hp_loss":0,"event_name":"World of Goop","floor":2,"gold_loss":0},{"damage_healed":0,"gold_gain":275,"player_choice":"Desecrate","damage_taken":0,"max_hp_gain":0,"max_hp_loss":0,"event_name":"Golden Shrine","floor":3,"gold_loss":0,"cards_obtained":["Regret"]},{"damage_healed":0,"gold_gain":0,"player_choice":"Grow","damage_taken":0,"max_hp_gain":0,"max_hp_loss":0,"event_name":"Living Wall","floor":11,"gold_loss":0,"cards_upgraded":["Bouncing Flask"]},{"damage_healed":0,"gold_gain":0,"player_choice":"Became a Ghost","damage_taken":0,"max_hp_gain":0,"max_hp_loss":35,"event_name":"Ghosts","floor":19,"gold_loss":0,"cards_obtained":["Ghostly","Ghostly","Ghostly","Ghostly","Ghostly"]},{"damage_healed":0,"gold_gain":0,"player_choice":"Read","damage_taken":0,"max_hp_gain":0,"max_hp_loss":0,"event_name":"The Library","floor":20,"gold_loss":0,"cards_obtained":["Backstab"]},{"damage_healed":0,"gold_gain":0,"player_choice":"Obtained Book","damage_taken":16,"max_hp_gain":0,"max_hp_loss":0,"event_name":"Cursed Tome","floor":23,"gold_loss":0},{"damage_healed":0,"gold_gain":0,"player_choice":"Fought Bandits","damage_taken":0,"max_hp_gain":0,"max_hp_loss":0,"event_name":"Masked Bandits","floor":30,"gold_loss":0},{"damage_healed":0,"gold_gain":0,"player_choice":"Fight","damage_taken":0,"max_hp_gain":0,"max_hp_loss":0,"event_name":"MindBloom","floor":36,"gold_loss":0},{"damage_healed":0,"gold_gain":0,"player_choice":"Embrace Madness","damage_taken":4,"max_hp_gain":0,"max_hp_loss":0,"event_name":"Winding Halls","floor":38,"gold_loss":0,"cards_obtained":["Madness","Madness"]},{"damage_healed":0,"gold_gain":222,"player_choice":"Wore Mask","damage_taken":0,"max_hp_gain":0,"max_hp_loss":0,"event_name":"Tomb of Lord Red Mask","floor":46,"gold_loss":0}],"is_beta":false,"boss_relics":[{"not_picked":["Philosopher\u0027s Stone","Lizard Tail"],"picked":"Calling Bell"},{"not_picked":["Tiny House","Fusion Hammer"],"picked":"Busted Crown"}],"items_purged_floors":[4,22,39],"is_endless":false,"potions_floor_spawned":[6,7,10,21,25,27,33,35,36,40,48],"ascension_level":9}