{"gold_per_floor":[117,133,152,152,223,223,34,60,60,72,372,372,403,414,414,513,513,529,529,540,540,558,558,578,578,578,589,589],"floor_reached":28,"playtime":3073,"items_purged":[],"score":220,"play_id":"266ccca2-423a-4061-89a4-6114b7b0ba96","local_time":"20190101003814","is_ascension_mode":false,"campfire_choices":[{"floor":6,"key":"REST"},{"data":"Fusion","floor":12,"key":"SMITH"},{"floor":15,"key":"REST"},{"floor":23,"key":"REST"},{"floor":25,"key":"REST"}],"neow_cost":"NONE","seed_source_timestamp":291716655033549,"circlet_count":0,"master_deck":["Zap","Dualcast+1","Core Surge","Steam Power","Machine Learning","Melter","Steam+1","Multi-Cast","Reprogram","Seek","Doom and Gloom","Turbo","Reprogram","Self Repair","Fusion+1","Tempest","Skim","Loop","Buffer","Sunder","Sunder","Auto Shields","Go for the Eyes","Conserve Battery","Glacier","Double Energy+1","Turbo+1","Beam Cell+1","Aggregate"],"relics":["Pandora\u0027s Box","DataDisk","Odd Mushroom","StoneCalendar","Old Coin","Darkstone Periapt","Orrery","Nilry\u0027s Codex","GremlinMask","Centennial Puzzle"],"potions_floor_usage":[14,20,28],"damage_taken":[{"damage":0,"enemies":"Cultist","floor":1,"turns":3},{"damage":8,"enemies":"2 Louse","floor":2,"turns":2},{"damage":0,"enemies":"Small Slimes","floor":3,"turns":2},{"damage":4,"enemies":"The Mushroom Lair","floor":8,"turns":3},{"damage":0,"enemies":"Exordium Wildlife","floor":10,"turns":3},{"damage":24,"enemies":"Gremlin Nob","floor":13,"turns":3},{"damage":12,"enemies":"Looter","floor":14,"turns":3},{"damage":30,"enemies":"The Guardian","floor":16,"turns":5},{"damage":19,"enemies":"2 Thieves","floor":18,"turns":3},{"damage":0,"enemies":"Chosen","floor":20,"turns":3},{"damage":35,"enemies":"Snake Plant","floor":22,"turns":6},{"damage":13,"enemies":"Sentry and Sphere","floor":24,"turns":4},{"damage":26,"enemies":"Centurion and Healer","floor":27,"turns":7},{"damage":12,"enemies":"Colosseum Slavers","floor":28,"turns":4},{"damage":45,"enemies":"Colosseum Nobs","floor":28,"turns":4}],"seed_played":"1183805059669612690","potions_obtained":[{"floor":1,"key":"GamblersBrew"},{"floor":8,"key":"Poison Potion"},{"floor":14,"key":"Fruit Juice"},{"floor":16,"key":"Energy Potion"},{"floor":18,"key":"FocusPotion"},{"floor":22,"key":"SpeedPotion"}],"is_trial":false,"path_per_floor":["M","M","M","?","?","R","$","?","T","M","?","R","E","M","R","B",null,"M","?","M","?","M","R","M","R","T","M","?"],"character_chosen":"DEFECT","items_purchased":["DataDisk","Self Repair"],"campfire_rested":4,"item_purchase_floors":[7,7],"current_hp_per_floor":[75,67,67,52,52,74,74,75,75,75,63,63,46,46,70,47,80,61,45,52,52,24,48,42,66,66,47,0],"gold":589,"neow_bonus":"BOSS_RELIC","is_prod":false,"is_daily":false,"chose_seed":false,"campfire_upgraded":1,"win_rate":0,"timestamp":1546331894,"path_taken":["M","?","M","?","?","R","?","?","T","?","?","R","E","M","R","BOSS","M","?","M","?","M","R","M","R","T","?","?"],"build_version":"2018-12-20","purchased_purges":0,"victory":false,"max_hp_per_floor":[75,75,75,75,75,75,75,75,75,75,75,75,75,80,80,80,80,80,80,80,80,80,80,80,80,80,80,80],"card_choices":[{"not_picked":["Auto Shields","Leap"],"picked":"Doom and Gloom","floor":1},{"not_picked":["Leap","Steam"],"picked":"Turbo","floor":2},{"not_picked":["Hello World","Rebound"],"picked":"Reprogram","floor":3},{"not_picked":["Recycle","Darkness"],"picked":"Fusion","floor":8},{"not_picked":["Auto Shields","Scrape"],"picked":"Tempest","floor":10},{"not_picked":["Hologram","Sweeping Beam"],"picked":"Skim","floor":13},{"not_picked":["Coolheaded","Steam"],"picked":"Loop","floor":14},{"not_picked":["Seek","Machine Learning"],"picked":"Buffer","floor":16},{"not_picked":["Gash","BootSequence"],"picked":"Sunder","floor":17},{"not_picked":["Ball Lightning","Melter"],"picked":"Sunder","floor":17},{"not_picked":["Beam Cell","Steam"],"picked":"Auto Shields","floor":17},{"not_picked":["Ball Lightning","Melter"],"picked":"Go for the Eyes","floor":17},{"not_picked":["Self Repair","Steam"],"picked":"Conserve Battery","floor":17},{"not_picked":["Steam","Conserve Battery"],"picked":"Glacier","floor":18},{"not_picked":["Conserve Battery","Loop"],"picked":"Double Energy+1","floor":20},{"not_picked":["Steam","Biased Cognition"],"picked":"Turbo+1","floor":22},{"not_picked":["Ball Lightning","Barrage"],"picked":"Beam Cell+1","floor":24},{"not_picked":["Rebound","Lockon+1"],"picked":"Aggregate","floor":27}],"player_experience":208028,"relics_obtained":[{"floor":8,"key":"Odd Mushroom"},{"floor":9,"key":"StoneCalendar"},{"floor":13,"key":"Darkstone Periapt"},{"floor":19,"key":"Nilry\u0027s Codex"},{"floor":26,"key":"Centennial Puzzle"}],"event_choices":[{"damage_healed":0,"gold_gain":0,"player_choice":"Entered Light","damage_taken":15,"max_hp_gain":0,"max_hp_loss":0,"event_name":"Shining Light","floor":4,"gold_loss":0,"cards_upgraded":["Steam","Dualcast"]},{"damage_healed":0,"gold_gain":71,"player_choice":"Gained Gold","damage_taken":0,"max_hp_gain":0,"max_hp_loss":0,"event_name":"Golden Wing","floor":5,"gold_loss":0},{"damage_healed":0,"gold_gain":0,"player_choice":"Fought Mushrooms","damage_taken":0,"max_hp_gain":0,"max_hp_loss":0,"event_name":"Mushrooms","floor":8,"gold_loss":0},{"damage_healed":0,"gold_gain":0,"player_choice":"Success","damage_taken":12,"relics_obtained":["Old Coin"],"max_hp_gain":0,"max_hp_loss":0,"event_name":"Scrap Ooze","floor":11,"gold_loss":0},{"damage_healed":0,"gold_gain":0,"player_choice":"Obtained Book","damage_taken":16,"max_hp_gain":0,"max_hp_loss":0,"event_name":"Cursed Tome","floor":19,"gold_loss":0},{"damage_healed":0,"gold_gain":0,"player_choice":"Trade","damage_taken":0,"relics_obtained":["GremlinMask"],"max_hp_gain":0,"max_hp_loss":0,"event_name":"FaceTrader","floor":21,"gold_loss":0},{"damage_healed":0,"gold_gain":0,"player_choice":"Fight","damage_taken":0,"max_hp_gain":0,"max_hp_loss":0,"event_name":"Colosseum","floor":28,"gold_loss":0},{"damage_healed":0,"gold_gain":0,"player_choice":"Fought Nobs","damage_taken":0,"max_hp_gain":0,"max_hp_loss":0,"event_name":"Colosseum","floor":28,"gold_loss":0}],"is_beta":false,"boss_relics":[{"not_picked":["Tiny House","Fusion Hammer"],"picked":"Orrery"}],"items_purged_floors":[],"is_endless":false,"potions_floor_spawned":[1,8,14,16,18,22,27,28],"killed_by":"Colosseum Nobs","ascension_level":0}