{"path_per_floor":["M","$","M","?","$","R","E","?","T","R","M","M","E","M","R","B",null,"M","$","M","M","M","M","R","?","T","M","M","R","$","?","R"],"character_chosen":"DEFECT","items_purchased":["Mummified Hand","Regen Potion","Vajra","Meteor Strike","War Paint"],"gold_per_floor":[360,39,49,49,0,0,27,27,27,27,46,60,92,105,105,201,501,486,159,169,187,197,215,215,130,130,141,154,154,3,3,3,3],"floor_reached":33,"campfire_rested":2,"playtime":1632,"current_hp_per_floor":[72,72,71,64,64,64,62,47,47,69,69,69,57,57,57,20,75,71,71,71,53,38,36,36,36,50,41,16,42,42,71,71,0],"items_purged":["Regret","Normality"],"gold":3,"score":259,"play_id":"df244304-e8e2-42d0-b7bb-6c24bcc90fbe","local_time":"20180505080503","is_prod":false,"is_daily":false,"chose_seed":false,"is_ascension_mode":false,"campfire_upgraded":4,"timestamp":1525521903,"path_taken":["M","$","M","?","$","R","E","?","T","R","M","M","E","?","R","BOSS","M","$","M","M","M","M","R","?","T","M","M","R","$","?","R","BOSS"],"build_version":"2018-05-03","seed_source_timestamp":0,"purchased_purges":2,"victory":false,"master_deck":["Strike_B","Strike_B","Strike_B+1","Defend_B","Defend_B","Defend_B","Defend_B+1","Zap+1","Dualcast+1","Cold Snap","Chaos+1","Chill","Ball Lightning","All For One+1","Fission+1","Doubt","Clumsy","Hologram+1","Meteor Strike","BootSequence","Sweeping Beam+1","Fusion+1","Defragment+1"],"max_hp_per_floor":[75,75,75,75,75,75,75,75,75,75,75,75,75,75,75,75,75,75,75,75,75,75,75,75,75,89,89,89,89,89,89,89,89],"relics":["Cracked Core","Mummified Hand","Lantern","DataDisk","Bag of Preparation","Calling Bell","Anchor","Toolbox","Old Coin","Vajra","Happy Flower","Mango","War Paint"],"card_choices":[{"not_picked":["Capacitor","Rebound"],"picked":"Cold Snap","floor":1.0},{"not_picked":["Tempest","Chill"],"picked":"Chaos","floor":3.0},{"not_picked":["Coolheaded","Stack"],"picked":"Chill","floor":7.0},{"not_picked":["Streamline","Go for the Eyes"],"picked":"Ball Lightning","floor":11.0},{"not_picked":["Axe Kick","Sweeping Beam"],"picked":"All For One","floor":14.0},{"not_picked":["Reboot","Thunder Strike"],"picked":"Fission","floor":16.0},{"not_picked":["Go for the Eyes","Coolheaded"],"picked":"Hologram","floor":18.0},{"not_picked":["Hello World","Coolheaded"],"picked":"BootSequence","floor":20.0},{"not_picked":["Impulse","Storm"],"picked":"Sweeping Beam","floor":21.0},{"not_picked":["Turbo","Sweeping Beam"],"picked":"Fusion","floor":27.0},{"not_picked":["Blizzard","Beam Cell"],"picked":"Defragment","floor":28.0}],"player_experience":41096,"potions_floor_usage":[33],"damage_taken":[{"damage":3.0,"enemies":"Jaw Worm","floor":1.0,"turns":3.0},{"damage":1.0,"enemies":"Small Slimes","floor":3.0,"turns":3.0},{"damage":2.0,"enemies":"3 Sentries","floor":7.0,"turns":6.0},{"damage":0.0,"enemies":"Cultist","floor":11.0,"turns":4.0},{"damage":0.0,"enemies":"Looter","floor":12.0,"turns":2.0},{"damage":12.0,"enemies":"Gremlin Nob","floor":13.0,"turns":3.0},{"damage":0.0,"enemies":"3 Louse","floor":14.0,"turns":2.0},{"damage":37.0,"enemies":"Hexaghost","floor":16.0,"turns":10.0},{"damage":4.0,"enemies":"2 Thieves","floor":18.0,"turns":4.0},{"damage":0.0,"enemies":"3 Byrds","floor":20.0,"turns":3.0},{"damage":18.0,"enemies":"Centurion and Healer","floor":21.0,"turns":6.0},{"damage":15.0,"enemies":"Snake Plant","floor":22.0,"turns":6.0},{"damage":2.0,"enemies":"3 Cultists","floor":23.0,"turns":5.0},{"damage":9.0,"enemies":"Snecko","floor":27.0,"turns":4.0},{"damage":25.0,"enemies":"Centurion and Healer","floor":28.0,"turns":5.0},{"damage":115,"enemies":"Automaton","floor":33,"turns":12}],"event_choices":[{"event_name":"Golden Wing","player_choice":"Card Removal","floor":4.0,"damage_taken":0.0},{"event_name":"Shining Light","player_choice":"Entered Light","floor":8.0,"damage_taken":0.0},{"event_name":"Addict","player_choice":"Obtained Relic","floor":25.0,"damage_taken":0.0},{"event_name":"The Library","player_choice":"Heal","floor":31.0,"damage_taken":0.0}],"boss_relics":[],"potions_floor_spawned":[7,12,13,14,20,21],"seed_played":"5657724432778143191","killed_by":"Automaton","ascension_level":0,"is_trial":false}