{"gold_per_floor":[210,220,230,28,28,28,66,66,66,66,110,131,131,131,131,131],"floor_reached":16,"playtime":740,"items_purged":[],"score":157,"play_id":"a6c649e0-53d8-43f1-9dc8-eca0e7953a73","local_time":"20190122220301","is_ascension_mode":true,"campfire_choices":[{"floor":6,"key":"REST"},{"floor":8,"key":"REST"},{"floor":13,"key":"REST"},{"floor":15,"key":"REST"}],"neow_cost":"NONE","seed_source_timestamp":1116697280894282,"circlet_count":0,"master_deck":["Strike_R","Strike_R","Strike_R","Strike_R","Strike_R","Defend_R","Defend_R","Defend_R","Defend_R","Bash","Clothesline","Body Slam","Warcry","Disarm","Regret","Evolve+1","Flame Barrier"],"relics":["Burning Blood","Lantern","Golden Idol","Frozen Egg 2","Gremlin Horn","Sundial","Mummified Hand","The Courier"],"potions_floor_usage":[7,11,12],"damage_taken":[{"damage":14,"enemies":"Jaw Worm","floor":1,"turns":5},{"damage":6,"enemies":"2 Louse","floor":2,"turns":4},{"damage":1,"enemies":"Cultist","floor":3,"turns":3},{"damage":41,"enemies":"Lagavulin","floor":7,"turns":7},{"damage":46,"enemies":"Gremlin Nob","floor":11,"turns":6},{"damage":0,"enemies":"3 Louse","floor":12,"turns":1},{"damage":78,"enemies":"Hexaghost","floor":16,"turns":13}],"seed_played":"900934788621623674","potions_obtained":[{"floor":2,"key":"Ancient Potion"},{"floor":7,"key":"SteroidPotion"},{"floor":11,"key":"AttackPotion"}],"is_trial":false,"path_per_floor":["M","M","M","$","?","R","E","R","T","?","E","M","R","T","R","B"],"character_chosen":"IRONCLAD","items_purchased":["Lantern","Energy Potion"],"campfire_rested":4,"item_purchase_floors":[4,4],"current_hp_per_floor":[64,64,69,69,49,73,38,62,62,62,22,28,52,52,76,0],"gold":131,"neow_bonus":"HUNDRED_GOLD","is_prod":false,"is_daily":false,"chose_seed":false,"campfire_upgraded":0,"win_rate":0,"timestamp":1548190981,"path_taken":["M","M","M","$","?","R","E","R","T","?","E","M","R","?","R","BOSS"],"build_version":"2019-01-17v2","purchased_purges":0,"victory":false,"max_hp_per_floor":[80,80,80,80,80,80,80,80,80,80,80,80,80,80,80,80],"card_choices":[{"not_picked":["Havoc","Pommel Strike"],"picked":"Clothesline","floor":1},{"not_picked":["Havoc","Feel No Pain"],"picked":"Body Slam","floor":2},{"not_picked":["Clothesline","Body Slam"],"picked":"Warcry","floor":3},{"not_picked":["Body Slam","Wild Strike"],"picked":"Disarm","floor":7},{"not_picked":["Body Slam","Warcry"],"picked":"Evolve+1","floor":11},{"not_picked":["Heavy Blade","Pommel Strike"],"picked":"Flame Barrier","floor":12}],"player_experience":357796,"relics_obtained":[{"floor":7,"key":"Frozen Egg 2"},{"floor":9,"key":"Gremlin Horn"},{"floor":11,"key":"Mummified Hand"},{"floor":14,"key":"The Courier"}],"event_choices":[{"damage_healed":0,"gold_gain":0,"player_choice":"Take Damage","damage_taken":20,"relics_obtained":["Golden Idol"],"max_hp_gain":0,"max_hp_loss":0,"event_name":"Golden Idol","floor":5,"gold_loss":0},{"damage_healed":0,"gold_gain":0,"player_choice":"Box","damage_taken":0,"relics_obtained":["Sundial"],"max_hp_gain":0,"max_hp_loss":0,"event_name":"Big Fish","floor":10,"gold_loss":0,"cards_obtained":["Regret"]}],"is_beta":false,"boss_relics":[],"items_purged_floors":[],"is_endless":false,"potions_floor_spawned":[2,7,11],"killed_by":"Hexaghost","ascension_level":9}