{"gold_per_floor":[110,110,110,35,46,46,46,79,79,79,79,98,123,138,138,138],"floor_reached":16,"playtime":553,"items_purged":["Strike_R"],"score":130,"play_id":"cf627f84-d619-43c7-a3d2-d25f63f5a10b","local_time":"20190413225517","is_ascension_mode":true,"campfire_choices":[{"data":"Body Slam","floor":6,"key":"SMITH"},{"floor":15,"key":"REST"}],"neow_cost":"NONE","seed_source_timestamp":225080424968900,"circlet_count":0,"master_deck":["Strike_R","Strike_R","Strike_R","Defend_R","Defend_R","Defend_R","Defend_R","Bash","Body Slam+1","Body Slam+1","Dual Wield","Armaments","Parasite","Clothesline"],"relics":["Burning Blood","Golden Idol","Vajra","Toxic Egg 2"],"potions_floor_usage":[8,16],"damage_taken":[{"damage":8,"enemies":"Jaw Worm","floor":1,"turns":4},{"damage":0,"enemies":"2 Louse","floor":5,"turns":3},{"damage":50,"enemies":"3 Sentries","floor":8,"turns":11},{"damage":5,"enemies":"Cultist","floor":12,"turns":4},{"damage":8,"enemies":"Large Slime","floor":13,"turns":6},{"damage":6,"enemies":"2 Fungi Beasts","floor":14,"turns":4},{"damage":57,"enemies":"Slime Boss","floor":16,"turns":8}],"seed_played":"-2744724085687818070","potions_obtained":[{"floor":5,"key":"Energy Potion"},{"floor":13,"key":"AttackPotion"}],"is_trial":false,"path_per_floor":["M","?","?","$","M","R","?","E","T","?","?","M","M","M","R","B"],"character_chosen":"IRONCLAD","items_purchased":[],"campfire_rested":1,"item_purchase_floors":[],"current_hp_per_floor":[70,70,70,70,76,76,56,12,12,32,32,33,31,31,55,0],"gold":138,"neow_bonus":"THREE_CARDS","is_prod":false,"is_daily":false,"chose_seed":false,"campfire_upgraded":1,"win_rate":0,"timestamp":1555167317,"path_taken":["M","?","?","$","?","R","?","E","T","?","?","?","M","M","R","BOSS"],"build_version":"2019-01-23","purchased_purges":1,"victory":false,"max_hp_per_floor":[80,80,80,80,80,80,80,80,80,80,80,80,80,80,80,80],"card_choices":[{"not_picked":["Headbutt","Iron Wave"],"picked":"Body Slam","floor":0},{"not_picked":["Warcry","Flex"],"picked":"Body Slam","floor":1},{"not_picked":["Headbutt","Iron Wave"],"picked":"Dual Wield","floor":5},{"not_picked":["Perfected Strike","Anger"],"picked":"Armaments","floor":8},{"not_picked":["Exhume+1","Armaments+1","Perfected Strike"],"picked":"SKIP","floor":12},{"not_picked":["Iron Wave","Pommel Strike"],"picked":"Clothesline","floor":13},{"not_picked":["Pommel Strike","Armaments+1","Corruption"],"picked":"SKIP","floor":14}],"player_experience":486134,"relics_obtained":[{"floor":8,"key":"Vajra"},{"floor":9,"key":"Toxic Egg 2"}],"event_choices":[{"damage_healed":0,"gold_gain":0,"player_choice":"Grow","damage_taken":0,"max_hp_gain":0,"max_hp_loss":0,"event_name":"Living Wall","floor":2,"gold_loss":0,"cards_upgraded":["Body Slam"]},{"cards_removed":["Strike_R"],"damage_healed":0,"gold_gain":0,"player_choice":"Card Removal","damage_taken":0,"max_hp_gain":0,"max_hp_loss":0,"event_name":"Wheel of Change","floor":3,"gold_loss":0},{"damage_healed":0,"gold_gain":0,"player_choice":"Take Damage","damage_taken":20,"relics_obtained":["Golden Idol"],"max_hp_gain":0,"max_hp_loss":0,"event_name":"Golden Idol","floor":7,"gold_loss":0},{"damage_healed":20,"gold_gain":0,"player_choice":"Healed and dodged fight","damage_taken":0,"max_hp_gain":0,"max_hp_loss":0,"event_name":"Mushrooms","floor":10,"gold_loss":0,"cards_obtained":["Parasite"]},{"damage_healed":0,"gold_gain":0,"player_choice":"Ignored","damage_taken":0,"max_hp_gain":0,"max_hp_loss":0,"event_name":"Liars Game","floor":11,"gold_loss":0}],"is_beta":false,"boss_relics":[],"items_purged_floors":[4],"is_endless":false,"potions_floor_spawned":[5,13],"killed_by":"Slime Boss","ascension_level":6}