{"gold_per_floor":[118,118,118,43,60,91,91,119,119,119,139,158,173,187,187,288,288,302,252,252,272,272,272,289,189,189,204,239,154,154,29,29,29],"floor_reached":33,"playtime":782,"items_purged":["Injury","Strike_R","Strike_R"],"score":275,"play_id":"d38a4e3a-0997-4f33-9d52-552f11eb96ed","local_time":"20180726150917","is_ascension_mode":false,"campfire_choices":[{"data":"Bash","floor":7,"key":"SMITH"},{"data":"Headbutt","floor":10,"key":"SMITH"},{"data":"Warcry","floor":15,"key":"SMITH"},{"data":"Defend_R","floor":23,"key":"SMITH"},{"data":"Corruption","floor":32,"key":"SMITH"}],"neow_cost":"TEN_PERCENT_HP_LOSS","seed_source_timestamp":1547213759940,"circlet_count":0,"master_deck":["Strike_R","Strike_R","Defend_R+1","Defend_R+1","Defend_R","Defend_R+1","Bash+1","Bludgeon+1","Clash","Dark Embrace","Reaper","Headbutt+1","Bloodletting","Warcry+1","Double Tap","Corruption+1","Warcry","Reaper"],"relics":["Burning Blood","War Paint","Omamori","Shuriken","Coffee Dripper","Juzu Bracelet","Oddly Smooth Stone","Ancient Tea Set"],"potions_floor_usage":[8,14,16,16,16,24,24,33,33],"damage_taken":[{"damage":6,"enemies":"Jaw Worm","floor":1,"turns":2},{"damage":0,"enemies":"Cultist","floor":5,"turns":2},{"damage":31,"enemies":"Lagavulin","floor":6,"turns":4},{"damage":27,"enemies":"3 Sentries","floor":8,"turns":7},{"damage":7,"enemies":"2 Louse","floor":11,"turns":2},{"damage":0,"enemies":"Blue Slaver","floor":12,"turns":3},{"damage":13,"enemies":"Lots of Slimes","floor":13,"turns":4},{"damage":8,"enemies":"Exordium Wildlife","floor":14,"turns":4},{"damage":48,"enemies":"The Guardian","floor":16,"turns":7},{"damage":23,"enemies":"2 Thieves","floor":18,"turns":3},{"damage":13,"enemies":"Shell Parasite","floor":21,"turns":3},{"damage":13,"enemies":"Chosen and Byrds","floor":24,"turns":3},{"damage":15,"enemies":"Cultist and Chosen","floor":27,"turns":4},{"damage":41,"enemies":"Book of Stabbing","floor":28,"turns":5},{"damage":30,"enemies":"Collector","floor":33,"turns":3}],"seed_played":"-760402240572051240","potions_obtained":[{"floor":5,"key":"AttackPotion"},{"floor":6,"key":"Swift Potion"},{"floor":12,"key":"FearPotion"},{"floor":13,"key":"EntropicBrew"},{"floor":16,"key":"Dexterity Potion"},{"floor":18,"key":"Swift Potion"},{"floor":24,"key":"FearPotion"}],"is_trial":false,"path_per_floor":["M","?","?","$","M","E","R","E","T","R","M","M","M","M","R","B",null,"M","?","?","M","?","R","M","$","T","M","E","?","?","$","R"],"character_chosen":"IRONCLAD","items_purchased":[],"campfire_rested":0,"item_purchase_floors":[],"current_hp_per_floor":[72,72,72,72,72,47,47,34,34,34,42,48,56,62,62,27,72,55,55,55,48,48,48,53,53,53,51,16,16,16,16,16,0],"gold":29,"neow_bonus":"THREE_RARE_CARDS","is_prod":false,"is_daily":false,"chose_seed":false,"campfire_upgraded":5,"win_rate":0,"timestamp":1532588957,"path_taken":["M","?","?","$","?","E","R","E","T","R","M","M","M","M","R","BOSS","M","?","?","M","?","R","M","$","T","M","E","?","?","$","R","BOSS"],"build_version":"2018-07-19v2","purchased_purges":3,"victory":false,"max_hp_per_floor":[72,72,72,72,72,72,72,72,72,72,72,72,72,72,72,72,72,72,72,72,72,72,72,72,72,72,72,72,72,72,72,72,72],"card_choices":[{"not_picked":["Impervious","Demon Form"],"picked":"Bludgeon","floor":0},{"not_picked":["True Grit","Shrug It Off"],"picked":"Clash","floor":1},{"not_picked":["Evolve","Heavy Blade","Armaments"],"picked":"SKIP","floor":5},{"not_picked":["Wild Strike","Havoc"],"picked":"Reaper","floor":6},{"not_picked":["Inflame","Armaments"],"picked":"Headbutt","floor":8},{"not_picked":["Uppercut","Rampage"],"picked":"Bloodletting","floor":11},{"not_picked":["Clash","Heavy Blade","Iron Wave"],"picked":"SKIP","floor":12},{"not_picked":["Spot Weakness","Hemokinesis"],"picked":"Warcry","floor":13},{"not_picked":["Disarm","Feel No Pain","Twin Strike"],"picked":"SKIP","floor":14},{"not_picked":["Dark Embrace","Brutality"],"picked":"Double Tap","floor":16},{"not_picked":["Sword Boomerang","Rampage","Inflame"],"picked":"SKIP","floor":18},{"not_picked":["Clash","Rupture","Whirlwind"],"picked":"SKIP","floor":21},{"not_picked":["Twin Strike","Flame Barrier"],"picked":"Corruption","floor":24},{"not_picked":["Sword Boomerang+1","Body Slam"],"picked":"Warcry","floor":27},{"not_picked":["Sword Boomerang","Twin Strike"],"picked":"Reaper","floor":28}],"player_experience":317199,"relics_obtained":[{"floor":6,"key":"War Paint"},{"floor":8,"key":"Omamori"},{"floor":9,"key":"Shuriken"},{"floor":26,"key":"Juzu Bracelet"},{"floor":28,"key":"Oddly Smooth Stone"}],"event_choices":[{"event_name":"Accursed Blacksmith","player_choice":"Forge","floor":2,"damage_taken":0},{"event_name":"Transmorgrifier","player_choice":"Transform","floor":3,"damage_taken":0},{"event_name":"The Joust","player_choice":"Bet on Murderer","floor":19,"damage_taken":0},{"event_name":"Ghosts","player_choice":"Ignored","floor":20,"damage_taken":0},{"event_name":"Vampires","player_choice":"Ignored","floor":22,"damage_taken":0},{"event_name":"Addict","player_choice":"Obtained Relic","floor":29,"damage_taken":0},{"event_name":"The Mausoleum","player_choice":"No","floor":30,"damage_taken":0}],"is_beta":false,"boss_relics":[{"not_picked":["Pandora\u0027s Box","Runic Cube"],"picked":"Coffee Dripper"}],"items_purged_floors":[4,25,31],"is_endless":false,"potions_floor_spawned":[5,6,12,13,16,18,21,24],"killed_by":"Collector","ascension_level":0}