{"gold_per_floor":[109,85,85,105,55,96,96,130,210,285,300,300,318,28,28,159,159,183,183,183,183,203,203,235,40,89,0,12,12,12,23,23,121,121,136,136,96,0,15,15,15,15,93,93,93,110,127,139,139,139,139,139,16,41,41],"floor_reached":55,"playtime":2763,"items_purged":["Doubt"],"score":949,"play_id":"ba1a3964-866b-4272-9fa4-9b5b2d550c93","local_time":"20190401204842","is_ascension_mode":true,"campfire_choices":[{"data":"All Out Attack","floor":7,"key":"SMITH"},{"floor":12,"key":"REST"},{"floor":15,"key":"REST"},{"floor":23,"key":"REST"},{"floor":30,"key":"REST"},{"data":"Noxious Fumes","floor":32,"key":"SMITH"},{"data":"Bouncing Flask","floor":40,"key":"SMITH"},{"data":"Mind Blast","floor":45,"key":"SMITH"},{"floor":49,"key":"RECALL"},{"floor":52,"key":"REST"}],"neow_cost":"NONE","seed_source_timestamp":1682792188206586,"circlet_count":0,"master_deck":["Defend_G","Defend_G+1","Defend_G","Strike_G","Strike_G","Strike_G","Strike_G","Survivor","Neutralize","Flying Knee","Deflect","All Out Attack+1","Dagger Throw","Flying Knee","Cloak And Dagger","Terror+1","Adrenaline","Backstab","Cloak And Dagger","Bouncing Flask+1","Leg Sweep","Expertise","Noxious Fumes+1","Unload","Grand Finale+1","Endless Agony+1","Wraith Form v2+1","Distraction","Madness","Madness","Crippling Poison+1","Apotheosis","Good Instincts","Mind Blast+1","Decay","Footwork+1","PiercingWail+1","Dodge and Roll+1"],"relics":["Ring of the Snake","NeowsBlessing","Bloody Idol","Oddly Smooth Stone","Art of War","Mercury Hourglass","Happy Flower","War Paint","Cursed Key","Nilry\u0027s Codex","Centennial Puzzle","TwistedFunnel","Smiling Mask","FaceOfCleric","Astrolabe","Red Mask","Pantograph"],"potions_floor_usage":[8,24,33,39,50,50,54,55],"damage_taken":[{"damage":0,"enemies":"2 Louse","floor":1,"turns":1},{"damage":0,"enemies":"Jaw Worm","floor":4,"turns":1},{"damage":0,"enemies":"Lagavulin","floor":6,"turns":1},{"damage":42,"enemies":"Gremlin Nob","floor":8,"turns":5},{"damage":0,"enemies":"Small Slimes","floor":11,"turns":1},{"damage":0,"enemies":"Blue Slaver","floor":13,"turns":3},{"damage":15,"enemies":"Hexaghost","floor":16,"turns":9},{"damage":7,"enemies":"Chosen","floor":18,"turns":5},{"damage":11,"enemies":"3 Byrds","floor":22,"turns":4},{"damage":22,"enemies":"Slavers","floor":24,"turns":4},{"damage":8,"enemies":"Centurion and Healer","floor":28,"turns":3},{"damage":0,"enemies":"Snake Plant","floor":31,"turns":4},{"damage":1,"enemies":"Collector","floor":33,"turns":6},{"damage":3,"enemies":"3 Darklings","floor":35,"turns":3},{"damage":0,"enemies":"3 Shapes","floor":39,"turns":4},{"damage":17,"enemies":"Transient","floor":46,"turns":5},{"damage":0,"enemies":"Jaw Worm Horde","floor":47,"turns":3},{"damage":0,"enemies":"4 Shapes","floor":48,"turns":4},{"damage":75,"enemies":"Awakened One","floor":50,"turns":11},{"damage":26,"enemies":"Shield and Spear","floor":54,"turns":5},{"damage":91,"enemies":"The Heart","floor":55,"turns":5}],"seed_played":"-5733335805576414353","potions_obtained":[{"floor":6,"key":"PowerPotion"},{"floor":16,"key":"Regen Potion"},{"floor":18,"key":"EssenceOfSteel"},{"floor":28,"key":"Weak Potion"},{"floor":31,"key":"Fire Potion"},{"floor":35,"key":"LiquidBronze"}],"is_trial":false,"path_per_floor":["M","$","?","M","?","E","R","E","T","?","M","R","M","$","R","B",null,"M","?","?","?","M","R","E","$","T","$","M","?","R","M","R","B",null,"M","?","$","?","M","R","$","?","T","?","R","M","M","M","R","B",null,"R","$","E","B"],"character_chosen":"THE_SILENT","items_purchased":["Deflect","Happy Flower","War Paint","TwistedFunnel","Leg Sweep","Noxious Fumes","Regen Potion","SteroidPotion"],"campfire_rested":5,"item_purchase_floors":[2,14,14,25,27,37,53,53],"current_hp_per_floor":[63,63,63,63,63,63,63,21,21,10,10,31,31,31,52,37,62,55,55,55,39,33,54,37,37,42,42,39,39,60,66,66,71,72,73,64,64,64,70,70,70,60,65,65,65,54,60,66,66,7,60,78,78,58,0],"gold":41,"neow_bonus":"THREE_ENEMY_KILL","is_prod":false,"is_daily":false,"chose_seed":false,"campfire_upgraded":4,"win_rate":0,"timestamp":1554176922,"path_taken":["M","$","?","M","?","E","R","E","T","?","M","R","M","?","R","BOSS","M","?","?","?","M","R","E","?","T","$","M","?","R","?","R","BOSS","M","?","$","?","M","R","$","?","T","?","R","?","M","M","R","BOSS","R","$","E","BOSS"],"build_version":"2019-01-23","purchased_purges":1,"victory":false,"max_hp_per_floor":[70,70,70,70,70,70,70,70,70,70,70,70,70,70,70,70,70,70,70,70,70,70,70,70,70,70,70,70,70,70,71,71,72,72,73,73,73,73,74,74,74,74,74,74,74,75,76,77,77,78,78,78,78,79,79],"card_choices":[{"not_picked":["Cloak And Dagger","Underhanded Strike"],"picked":"Flying Knee","floor":1},{"not_picked":["Flying Knee","Dodge and Roll"],"picked":"All Out Attack","floor":4},{"not_picked":["Accuracy","Acrobatics"],"picked":"Dagger Throw","floor":6},{"not_picked":["All Out Attack","Riddle With Holes"],"picked":"Flying Knee","floor":8},{"not_picked":["Underhanded Strike","Quick Slash"],"picked":"Cloak And Dagger","floor":11},{"not_picked":["Sucker Punch","Dagger Spray"],"picked":"Terror","floor":13},{"not_picked":["Unload","Phantasmal Killer"],"picked":"Adrenaline","floor":16},{"not_picked":["Catalyst+1","Calculated Gamble"],"picked":"Backstab","floor":18},{"not_picked":["Finisher","Concentrate"],"picked":"Cloak And Dagger","floor":22},{"not_picked":["Flying Knee","Poisoned Stab"],"picked":"Bouncing Flask","floor":24},{"not_picked":["Infinite Blades","Riddle With Holes"],"picked":"Expertise","floor":28},{"not_picked":["Quick Slash","Expertise"],"picked":"Noxious Fumes","floor":31},{"not_picked":["Die Die Die","Doppelganger"],"picked":"Unload","floor":33},{"not_picked":["Underhanded Strike+1","Flying Knee+1"],"picked":"Distraction","floor":35},{"not_picked":["Dodge and Roll","Flying Knee+1"],"picked":"Crippling Poison+1","floor":39},{"not_picked":["Good Instincts","Forethought"],"picked":"Apotheosis","floor":42},{"not_picked":["Secret Weapon","Purity"],"picked":"Good Instincts","floor":42},{"not_picked":["Dramatic Entrance","Transmutation"],"picked":"Mind Blast","floor":42},{"not_picked":["Riddle With Holes+1","Expertise","Dagger Spray"],"picked":"SKIP","floor":46},{"not_picked":["Poisoned Stab","Reflex"],"picked":"Footwork+1","floor":47},{"not_picked":["Poisoned Stab+1","Bane"],"picked":"PiercingWail+1","floor":48},{"not_picked":["Slice+1","Underhanded Strike"],"picked":"Dodge and Roll+1","floor":54}],"player_experience":436182,"relics_obtained":[{"floor":6,"key":"Oddly Smooth Stone"},{"floor":8,"key":"Art of War"},{"floor":9,"key":"Mercury Hourglass"},{"floor":21,"key":"Nilry\u0027s Codex"},{"floor":24,"key":"Centennial Puzzle"},{"floor":26,"key":"Smiling Mask"},{"floor":54,"key":"Pantograph"}],"event_choices":[{"damage_healed":0,"gold_gain":0,"player_choice":"Take Wound","damage_taken":0,"relics_obtained":["Golden Idol"],"max_hp_gain":0,"max_hp_loss":0,"event_name":"Golden Idol","floor":3,"gold_loss":0,"cards_obtained":["Injury"]},{"cards_removed":["Injury"],"damage_healed":0,"gold_gain":0,"player_choice":"Card Removal","damage_taken":0,"max_hp_gain":0,"max_hp_loss":0,"event_name":"The Cleric","floor":5,"gold_loss":50},{"damage_healed":0,"gold_gain":75,"player_choice":"Gather Gold","damage_taken":11,"max_hp_gain":0,"max_hp_loss":0,"event_name":"World of Goop","floor":10,"gold_loss":0},{"damage_healed":0,"gold_gain":0,"player_choice":"Ignored","damage_taken":0,"max_hp_gain":0,"max_hp_loss":0,"event_name":"Ghosts","floor":19,"gold_loss":0},{"damage_healed":0,"gold_gain":0,"player_choice":"Gave Idol","damage_taken":0,"relics_obtained":["Bloody Idol"],"max_hp_gain":0,"max_hp_loss":0,"event_name":"Forgotten Altar","floor":20,"relics_lost":["Golden Idol"],"gold_loss":0},{"damage_healed":0,"gold_gain":0,"player_choice":"Obtained Book","damage_taken":16,"max_hp_gain":0,"max_hp_loss":0,"event_name":"Cursed Tome","floor":21,"gold_loss":0},{"damage_healed":0,"gold_gain":0,"player_choice":"Trade","damage_taken":0,"relics_obtained":["FaceOfCleric"],"max_hp_gain":0,"max_hp_loss":0,"event_name":"FaceTrader","floor":29,"gold_loss":0},{"damage_healed":0,"gold_gain":0,"player_choice":"Embrace Madness","damage_taken":9,"max_hp_gain":0,"max_hp_loss":0,"event_name":"Winding Halls","floor":36,"gold_loss":0,"cards_obtained":["Madness","Madness"]},{"damage_healed":0,"gold_gain":0,"player_choice":"Paid","damage_taken":0,"relics_obtained":["Red Mask"],"max_hp_gain":0,"max_hp_loss":0,"event_name":"Tomb of Lord Red Mask","floor":38,"gold_loss":96},{"damage_healed":0,"gold_gain":0,"player_choice":"Memory 3","damage_taken":10,"max_hp_gain":0,"max_hp_loss":0,"event_name":"SensoryStone","floor":42,"gold_loss":0},{"cards_removed":["Noxious Fumes"],"damage_healed":0,"gold_gain":0,"player_choice":"Removed Power","damage_taken":0,"max_hp_gain":0,"max_hp_loss":0,"event_name":"Falling","floor":44,"gold_loss":0}],"is_beta":false,"boss_relics":[{"not_picked":["Calling Bell","Orrery"],"picked":"Cursed Key"},{"not_picked":["Tiny House","Coffee Dripper"],"picked":"Astrolabe"}],"items_purged_floors":[27],"is_endless":false,"potions_floor_spawned":[6,16,18,28,31,35],"killed_by":"The Heart","ascension_level":7}