{"gold_per_floor":[113,124,50,50,67,86,14,14,14,14,14,14,14,49,49,149,149,160,160,160,177,193,193,210,224,224,224,237,254,18,18,18,113,113,131,231,231,28,0,0,20,55,81,8,8,18,18,33,33,33],"floor_reached":50,"playtime":5290,"items_purged":["Pain"],"score":495,"play_id":"6be56498-daa4-48b6-a866-e62e527a8ab2","local_time":"20190311175411","is_ascension_mode":false,"campfire_choices":[{"data":"Noxious Fumes","floor":8,"key":"SMITH"},{"data":"Skewer","floor":12,"key":"SMITH"},{"data":"Well Laid Plans","floor":15,"key":"SMITH"},{"floor":23,"key":"REST"},{"floor":27,"key":"REST"},{"floor":32,"key":"REST"},{"floor":40,"key":"REST"},{"floor":47,"key":"REST"},{"floor":49,"key":"REST"}],"neow_cost":"NONE","seed_source_timestamp":241022636741400,"circlet_count":0,"master_deck":["Defend_G","Defend_G","Defend_G","Defend_G","Strike_G+1","Strike_G+1","Strike_G","Strike_G","Survivor","Neutralize","Heel Hook","Expertise","Skewer+1","Quick Slash","Terror","Noxious Fumes+1","Well Laid Plans+1","Burst","Sucker Punch","Leg Sweep","Bouncing Flask","Choke+1","Dodge and Roll","Skewer","Flying Knee","After Image","Blur","Finesse","Phantasmal Killer","Decay","Distraction+1","Heel Hook+1","Bane+1","Backflip+1","Blind","Envenom","Backstab","PiercingWail","Parasite","Finisher+1","Backflip+1"],"relics":["Philosopher\u0027s Stone","Ninja Scroll","Dodecahedron","Lizard Tail","WarpedTongs","PreservedInsect","Matryoshka","Astrolabe","StoneCalendar","Red Mask","Mango","Potion Belt","Blood Vial"],"potions_floor_usage":[14,14,16,18,24,33,33,36,41,46,46],"damage_taken":[{"damage":1,"enemies":"Jaw Worm","floor":1,"turns":6},{"damage":0,"enemies":"2 Louse","floor":2,"turns":4},{"damage":1,"enemies":"Small Slimes","floor":5,"turns":2},{"damage":1,"enemies":"2 Fungi Beasts","floor":6,"turns":4},{"damage":6,"enemies":"Lagavulin","floor":14,"turns":3},{"damage":37,"enemies":"Slime Boss","floor":16,"turns":8},{"damage":1,"enemies":"2 Thieves","floor":18,"turns":4},{"damage":15,"enemies":"Shell Parasite","floor":21,"turns":5},{"damage":27,"enemies":"3 Cultists","floor":22,"turns":6},{"damage":40,"enemies":"Snake Plant","floor":24,"turns":5},{"damage":25,"enemies":"Shelled Parasite and Fungi","floor":25,"turns":6},{"damage":13,"enemies":"Centurion and Healer","floor":28,"turns":6},{"damage":0,"enemies":"Snecko","floor":29,"turns":2},{"damage":40,"enemies":"Automaton","floor":33,"turns":10},{"damage":21,"enemies":"Orb Walker","floor":35,"turns":3},{"damage":5,"enemies":"Mind Bloom Boss Battle","floor":36,"turns":8},{"damage":23,"enemies":"3 Darklings","floor":41,"turns":7},{"damage":36,"enemies":"Giant Head","floor":42,"turns":9},{"damage":15,"enemies":"Writhing Mass","floor":46,"turns":4},{"damage":14,"enemies":"Sphere and 2 Shapes","floor":48,"turns":7},{"damage":60,"enemies":"Donu and Deca","floor":50,"turns":5}],"seed_played":"8785701178899434171","potions_obtained":[{"floor":2,"key":"Strength Potion"},{"floor":5,"key":"GamblersBrew"},{"floor":14,"key":"Fire Potion"},{"floor":16,"key":"Fire Potion"},{"floor":22,"key":"SkillPotion"},{"floor":28,"key":"GhostInAJar"},{"floor":29,"key":"Dexterity Potion"},{"floor":33,"key":"SteroidPotion"},{"floor":35,"key":"PowerPotion"},{"floor":46,"key":"SteroidPotion"},{"floor":48,"key":"Ancient Potion"}],"is_trial":false,"path_per_floor":["M","M","$","?","M","M","$","R","T","?","?","R","$","E","R","B",null,"M","?","?","M","M","R","M","M","T","R","M","M","$","?","R","B",null,"M","?","?","$","?","R","M","E","T","$","$","M","R","M","R","B"],"character_chosen":"THE_SILENT","items_purchased":["Skewer","Noxious Fumes","Blur","Finesse","Envenom","Strength Potion","Regen Potion"],"campfire_rested":6,"item_purchase_floors":[3,7,30,30,38,38,44],"current_hp_per_floor":[69,69,69,55,54,53,53,53,53,53,53,53,53,47,47,10,70,69,69,69,54,27,48,8,23,23,44,31,31,31,31,52,12,70,49,44,44,44,44,65,42,20,20,20,20,19,44,32,57,0],"gold":33,"neow_bonus":"BOSS_RELIC","is_prod":false,"is_daily":false,"chose_seed":false,"campfire_upgraded":3,"win_rate":0.0,"timestamp":1552344851,"path_taken":["M","M","$","?","M","M","$","R","T","?","?","R","?","E","R","BOSS","M","?","?","?","M","R","M","M","T","R","M","M","$","?","R","BOSS","M","?","?","$","?","R","M","E","T","?","$","M","R","M","R","BOSS"],"build_version":"2019-01-23","purchased_purges":1,"victory":false,"max_hp_per_floor":[70,70,70,70,70,70,70,70,70,70,70,70,70,70,70,70,70,70,70,70,70,70,70,70,70,70,70,70,70,70,70,70,70,70,70,70,70,70,70,70,70,84,84,84,84,84,84,84,84,84],"card_choices":[{"not_picked":["Blade Dance","Outmaneuver"],"picked":"Heel Hook","floor":1},{"not_picked":["Prepared","Underhanded Strike"],"picked":"Expertise","floor":2},{"not_picked":["Flying Knee","Flechettes"],"picked":"Quick Slash","floor":5},{"not_picked":["Quick Slash","Blade Dance"],"picked":"Terror","floor":6},{"not_picked":["Acrobatics","Tactician"],"picked":"Well Laid Plans","floor":14},{"not_picked":["Doppelganger","Unload"],"picked":"Burst","floor":16},{"not_picked":["Tactician","Acrobatics"],"picked":"Sucker Punch","floor":18},{"not_picked":["Blade Dance","Sucker Punch"],"picked":"Bouncing Flask","floor":21},{"not_picked":["Outmaneuver+1","Dagger Throw+1"],"picked":"Choke+1","floor":22},{"not_picked":["Flechettes","Heel Hook"],"picked":"Dodge and Roll","floor":24},{"not_picked":["Blade Dance+1","Dodge and Roll"],"picked":"Skewer","floor":25},{"not_picked":["Prepared","Outmaneuver+1"],"picked":"Flying Knee","floor":28},{"not_picked":["Bane","Outmaneuver"],"picked":"After Image","floor":29},{"not_picked":["Night Terror","Unload"],"picked":"Phantasmal Killer","floor":33},{"not_picked":["Dodge and Roll+1","Predator"],"picked":"Bane+1","floor":35},{"not_picked":["Riddle With Holes","Reflex+1"],"picked":"Backflip+1","floor":36},{"not_picked":["Mayhem","Purity"],"picked":"Blind","floor":37},{"not_picked":["Bouncing Flask","Acrobatics"],"picked":"Backstab","floor":41},{"not_picked":["Flying Knee","Leg Sweep"],"picked":"PiercingWail","floor":42},{"not_picked":["Well Laid Plans","Prepared+1"],"picked":"Finisher+1","floor":46},{"not_picked":["Bouncing Flask","Finisher+1"],"picked":"Backflip+1","floor":48}],"player_experience":27694,"relics_obtained":[{"floor":9,"key":"Ninja Scroll"},{"floor":14,"key":"Dodecahedron"},{"floor":26,"key":"PreservedInsect"},{"floor":36,"key":"StoneCalendar"},{"floor":42,"key":"Mango"},{"floor":43,"key":"Potion Belt"},{"floor":43,"key":"Blood Vial"}],"event_choices":[{"damage_healed":0,"gold_gain":0,"player_choice":"Entered Light","damage_taken":14,"max_hp_gain":0,"max_hp_loss":0,"event_name":"Shining Light","floor":4,"gold_loss":0,"cards_upgraded":["Strike_G","Strike_G"]},{"damage_healed":0,"gold_gain":0,"player_choice":"Ignored","damage_taken":0,"max_hp_gain":0,"max_hp_loss":0,"event_name":"Liars Game","floor":10,"gold_loss":0},{"damage_healed":0,"gold_gain":0,"player_choice":"Leave","damage_taken":0,"max_hp_gain":0,"max_hp_loss":0,"event_name":"The Cleric","floor":11,"gold_loss":0},{"damage_healed":0,"gold_gain":0,"player_choice":"Read","damage_taken":0,"max_hp_gain":0,"max_hp_loss":0,"event_name":"The Library","floor":19,"gold_loss":0,"cards_obtained":["Leg Sweep"]},{"damage_healed":0,"gold_gain":0,"player_choice":"Rummage","damage_taken":0,"relics_obtained":["WarpedTongs"],"max_hp_gain":0,"max_hp_loss":0,"event_name":"Accursed Blacksmith","floor":20,"gold_loss":0,"cards_obtained":["Pain"]},{"damage_healed":0,"gold_gain":0,"player_choice":"Stole Relic","damage_taken":0,"relics_obtained":["Matryoshka"],"max_hp_gain":0,"max_hp_loss":0,"event_name":"Addict","floor":31,"gold_loss":0,"cards_obtained":["Shame"]},{"damage_healed":0,"gold_gain":0,"player_choice":"Fight","damage_taken":0,"max_hp_gain":0,"max_hp_loss":0,"event_name":"MindBloom","floor":36,"gold_loss":0},{"damage_healed":0,"gold_gain":0,"player_choice":"Memory 1","damage_taken":0,"max_hp_gain":0,"max_hp_loss":0,"event_name":"SensoryStone","floor":37,"gold_loss":0},{"damage_healed":0,"gold_gain":0,"player_choice":"Paid","damage_taken":0,"relics_obtained":["Red Mask"],"max_hp_gain":0,"max_hp_loss":0,"event_name":"Tomb of Lord Red Mask","floor":39,"gold_loss":28}],"is_beta":false,"boss_relics":[{"not_picked":["Busted Crown","Runic Dome"],"picked":"Lizard Tail"},{"not_picked":["Sozu","Empty Cage"],"picked":"Astrolabe"}],"items_purged_floors":[30],"is_endless":false,"potions_floor_spawned":[2,5,14,16,22,28,29,33,35,46,48],"killed_by":"Donu and Deca","ascension_level":0}