{"gold_per_floor":[117,37,37,52,69,94,94,109,132,142,177,127,3,22,22,22],"floor_reached":16,"playtime":695,"items_purged":["Strike_R"],"score":137,"play_id":"815455de-9e7e-453b-9557-0a68af21acec","local_time":"20190421135046","is_ascension_mode":false,"campfire_choices":[{"data":"Searing Blow","floor":7,"key":"SMITH"},{"floor":15,"key":"REST"}],"neow_cost":"NONE","seed_source_timestamp":883552716136700,"circlet_count":0,"master_deck":["Strike_R","Strike_R","Strike_R","Defend_R","Defend_R","Defend_R","Defend_R","Bash","Hemokinesis","Searing Blow+1","Second Wind","Headbutt","Headbutt","Armaments","Exhume","Iron Wave+1","Armaments"],"relics":["Burning Blood","PreservedInsect","Lantern","Oddly Smooth Stone","Molten Egg 2"],"potions_floor_usage":[8,11,16],"damage_taken":[{"damage":3,"enemies":"Jaw Worm","floor":1,"turns":6},{"damage":15,"enemies":"Small Slimes","floor":4,"turns":4},{"damage":9,"enemies":"Cultist","floor":5,"turns":3},{"damage":42,"enemies":"Lagavulin","floor":6,"turns":4},{"damage":21,"enemies":"Exordium Wildlife","floor":8,"turns":4},{"damage":24,"enemies":"Gremlin Gang","floor":10,"turns":4},{"damage":0,"enemies":"Gremlin Nob","floor":11,"turns":4},{"damage":9,"enemies":"Exordium Thugs","floor":14,"turns":8},{"damage":37,"enemies":"Hexaghost","floor":16,"turns":11}],"seed_played":"-4446320947028278747","potions_obtained":[{"floor":6,"key":"Regen Potion"},{"floor":8,"key":"Weak Potion"},{"floor":10,"key":"PowerPotion"}],"is_trial":false,"path_per_floor":["M","$","?","M","M","E","R","M","T","M","E","?","$","M","R","B"],"character_chosen":"IRONCLAD","items_purchased":["Searing Blow","Armaments"],"campfire_rested":1,"item_purchase_floors":[2,13],"current_hp_per_floor":[80,80,80,71,68,32,32,26,26,8,14,14,14,11,35,0],"gold":22,"neow_bonus":"REMOVE_CARD","is_prod":false,"is_daily":false,"chose_seed":false,"campfire_upgraded":1,"win_rate":0,"timestamp":1555825846,"path_taken":["M","$","?","M","M","E","R","M","T","M","E","?","?","?","R","BOSS"],"build_version":"2019-01-23","purchased_purges":1,"victory":false,"max_hp_per_floor":[80,80,80,80,80,80,80,80,80,80,80,80,80,80,80,80],"card_choices":[{"not_picked":["Heavy Blade","Iron Wave"],"picked":"Hemokinesis","floor":1},{"not_picked":["Cleave","Thunderclap"],"picked":"Second Wind","floor":4},{"not_picked":["Thunderclap","Rupture"],"picked":"Headbutt","floor":5},{"not_picked":["Disarm","Entrench"],"picked":"Headbutt","floor":6},{"not_picked":["Disarm","Wild Strike"],"picked":"Armaments","floor":8},{"not_picked":["Twin Strike","Heavy Blade"],"picked":"Exhume","floor":10},{"not_picked":["Inflame","Flame Barrier"],"picked":"Iron Wave","floor":11},{"not_picked":["Dual Wield","True Grit","Twin Strike+1"],"picked":"SKIP","floor":14}],"player_experience":519451,"relics_obtained":[{"floor":6,"key":"Lantern"},{"floor":9,"key":"Oddly Smooth Stone"},{"floor":11,"key":"Molten Egg 2"}],"event_choices":[{"damage_healed":0,"gold_gain":0,"player_choice":"Box","damage_taken":0,"relics_obtained":["PreservedInsect"],"max_hp_gain":0,"max_hp_loss":0,"event_name":"Big Fish","floor":3,"gold_loss":0,"cards_obtained":["Regret"]},{"cards_removed":["Regret"],"damage_healed":0,"gold_gain":0,"player_choice":"Card Removal","damage_taken":0,"max_hp_gain":0,"max_hp_loss":0,"event_name":"The Cleric","floor":12,"gold_loss":50}],"is_beta":false,"boss_relics":[],"items_purged_floors":[13],"is_endless":false,"potions_floor_spawned":[6,8,10],"killed_by":"Hexaghost","ascension_level":0}