{"gold_per_floor":[111,135,32,32,32,32,60,60,60,60,85,85,102,2,2,76,76,90,9,21,21,21,21,21,32,32,50,67,23,23,41,41,114,114,131,131,131,149,149,149],"floor_reached":40,"playtime":1168,"items_purged":["Regret"],"score":766,"play_id":"37f6877a-e792-41e9-86ab-e7440f2deb17","local_time":"20181119105404","is_ascension_mode":true,"campfire_choices":[{"data":"Bash","floor":6.0,"key":"SMITH"},{"floor":8.0,"key":"REST"},{"data":"Spot Weakness","floor":10.0,"key":"SMITH"},{"data":"Double Tap","floor":12.0,"key":"SMITH"},{"floor":15.0,"key":"REST"},{"floor":23.0,"key":"REST"},{"data":"Trip","floor":24.0,"key":"SMITH"},{"data":"Metallicize","floor":30,"key":"SMITH"},{"floor":32,"key":"REST"}],"neow_cost":"CURSE","seed_source_timestamp":0,"circlet_count":0,"master_deck":["AscendersBane","Bash+1","Rampage+1","True Grit","Spot Weakness+1","Double Tap+1","True Grit","Trip+1","Juggernaut","Spot Weakness","Thunderclap","Necronomicurse","Evolve","Body Slam+1","Anger+1","Metallicize+1","Metallicize","Flex+1","Limit Break","True Grit","Infernal Blade","Shrug It Off","Clash","Flex","Thunderclap","True Grit","Inflame","Corruption"],"special_seed":0,"relics":["Burning Blood","WingedGreaves","Whetstone","Regal Pillow","Letter Opener","Du-Vu Doll","Sozu","Necronomicon","Self Forming Clay","Pandora\u0027s Box"],"potions_floor_usage":[25],"damage_taken":[{"damage":17.0,"enemies":"Cultist","floor":1.0,"turns":4.0},{"damage":28.0,"enemies":"Lagavulin","floor":7.0,"turns":5.0},{"damage":36.0,"enemies":"3 Sentries","floor":11.0,"turns":9.0},{"damage":10.0,"enemies":"Small Slimes","floor":13.0,"turns":4.0},{"damage":38.0,"enemies":"The Guardian","floor":16.0,"turns":9.0},{"damage":0.0,"enemies":"Spheric Guardian","floor":18.0,"turns":3.0},{"damage":27.0,"enemies":"2 Thieves","floor":20.0,"turns":4.0},{"damage":16,"enemies":"Centurion and Healer","floor":25,"turns":3},{"damage":24,"enemies":"Snake Plant","floor":27,"turns":2},{"damage":0,"enemies":"3 Cultists","floor":28,"turns":4},{"damage":19,"enemies":"Cultist and Chosen","floor":31,"turns":5},{"damage":57,"enemies":"Champ","floor":33,"turns":13},{"damage":11,"enemies":"3 Shapes","floor":35,"turns":8},{"damage":17,"enemies":"Orb Walker","floor":38,"turns":3},{"damage":50,"enemies":"Maw","floor":40,"turns":5}],"seed_played":"4275387777631104195","potions_obtained":[{"floor":11.0,"key":"SteroidPotion"},{"floor":16.0,"key":"FearPotion"}],"is_trial":false,"path_per_floor":["M","T","$","?","?","R","E","R","T","R","E","R","M","$","R","B",null,"M","$","M","?","?","R","R","M","T","M","M","$","R","M","R","B",null,"M","?","$","M","$","M"],"character_chosen":"IRONCLAD","items_purchased":["True Grit","Trip","Spot Weakness","Metallicize"],"campfire_rested":4,"item_purchase_floors":[3,14,19,29],"current_hp_per_floor":[57,57,57,57,57,57,35,72,72,72,42,42,38,38,75,43,67,73,73,52,31,31,68,68,58,58,40,46,46,46,33,70,19,61,56,56,56,45,45,0],"gold":149,"neow_bonus":"ONE_RARE_RELIC","is_prod":false,"is_daily":false,"chose_seed":false,"campfire_upgraded":5,"win_rate":0,"timestamp":1542642844,"path_taken":["M","?","$","?","?","R","E","R","T","R","E","R","M","$","R","BOSS","M","$","M","?","?","R","R","M","T","?","M","$","R","M","R","BOSS","M","?","$","?","?","?"],"build_version":"2018-11-15","purchased_purges":1,"victory":false,"max_hp_per_floor":[75,75,75,75,75,75,75,75,75,75,75,75,75,75,75,75,75,75,75,75,75,75,75,75,75,75,75,75,75,75,75,75,75,75,75,75,75,75,75,75],"card_choices":[{"not_picked":["Shrug It Off","Wild Strike"],"picked":"Rampage","floor":1.0},{"not_picked":["Intimidate","Inflame"],"picked":"Spot Weakness","floor":7.0},{"not_picked":["Armaments","Clash"],"picked":"Double Tap","floor":11.0},{"not_picked":["Body Slam","Perfected Strike"],"picked":"True Grit","floor":13.0},{"not_picked":["Double Tap","Fiend Fire"],"picked":"Juggernaut","floor":16.0},{"not_picked":["Wild Strike","Warcry","Blood for Blood"],"picked":"SKIP","floor":18.0},{"not_picked":["Reckless Charge","Warcry"],"picked":"Thunderclap","floor":20.0},{"not_picked":["Wild Strike","Disarm"],"picked":"Body Slam+1","floor":25},{"not_picked":["Thunderclap","Intimidate"],"picked":"Anger+1","floor":27},{"not_picked":["Twin Strike","Fire Breathing"],"picked":"Metallicize","floor":28},{"not_picked":["Iron Wave","Shrug It Off"],"picked":"Flex+1","floor":31},{"not_picked":["Dark Embrace","Bludgeon"],"picked":"Limit Break","floor":33},{"not_picked":["Warcry","Perfected Strike"],"picked":"Inflame","floor":35},{"not_picked":["Evolve+1","Pommel Strike"],"picked":"Corruption","floor":38}],"player_experience":748748,"relics_obtained":[{"floor":2.0,"key":"Whetstone"},{"floor":7.0,"key":"Regal Pillow"},{"floor":9.0,"key":"Letter Opener"},{"floor":11.0,"key":"Du-Vu Doll"},{"floor":21.0,"key":"Necronomicon"},{"floor":26,"key":"Self Forming Clay"}],"event_choices":[{"damage_healed":0.0,"max_hp_gain":0.0,"max_hp_loss":0.0,"gold_gain":0.0,"event_name":"Living Wall","player_choice":"Grow","floor":4.0,"gold_loss":0.0,"damage_taken":0.0,"cards_upgraded":["Rampage"]},{"cards_removed":["Strike_R"],"damage_healed":0.0,"max_hp_gain":0.0,"max_hp_loss":0.0,"gold_gain":0.0,"event_name":"Purifier","player_choice":"Purged","floor":5.0,"gold_loss":0.0,"damage_taken":0.0},{"damage_healed":0.0,"max_hp_gain":0.0,"max_hp_loss":0.0,"gold_gain":0.0,"event_name":"Cursed Tome","player_choice":"Obtained Book","floor":21.0,"gold_loss":0.0,"damage_taken":21.0},{"damage_healed":0.0,"max_hp_gain":0.0,"max_hp_loss":0.0,"gold_gain":0.0,"event_name":"Match and Keep!","player_choice":"1 cards matched","floor":22.0,"gold_loss":0.0,"damage_taken":0.0,"cards_obtained":["Evolve"]},{"cards_removed":["Warcry"],"damage_healed":0,"gold_gain":0,"player_choice":"Card Removal","damage_taken":0,"max_hp_gain":0,"max_hp_loss":0,"event_name":"Wheel of Change","floor":36,"gold_loss":0}],"is_beta":false,"boss_relics":[{"not_picked":["Coffee Dripper","Ectoplasm"],"picked":"Sozu"},{"not_picked":["Runic Pyramid","White Beast Statue"],"picked":"Pandora\u0027s Box"}],"items_purged_floors":[3],"is_endless":false,"potions_floor_spawned":[11,16,20,28,31,33],"killed_by":"Maw","ascension_level":18}