{"path_per_floor":["M","?","?","?","$","R","M","M","T","T","E","$","?","M","R","B",null,"M","M","$","M","M","E","?","R","T","M","M","M","?","M","R","B",null,"M","?","M","$","M","E","R","T","T"],"character_chosen":"IRONCLAD","items_purchased":["Armaments","Wild Strike","Madness","Feel No Pain","Molten Egg"],"gold_per_floor":[115,115,190,190,67,67,85,99,124,124,151,51,51,63,63,162,192,204,224,53,68,84,116,116,116,163,183,201,219,134,150,150,254,254,274,274,291,21,39,69,69,143,170],"floor_reached":44,"campfire_rested":0,"playtime":3069,"current_hp_per_floor":[76,76,65,49,49,49,54,52,52,52,48,48,48,54,54,49,85,85,81,81,82,67,62,46,46,46,52,51,50,50,51,51,26,85,67,67,48,48,18,10,10,10,10],"items_purged":["Defend_R","Strike_R","Strike_R"],"gold":170,"play_id":"cdf746dd-5c65-426b-ba5a-ebf128d9d979","is_prod":false,"is_daily":false,"campfire_rituals":0,"campfire_upgraded":5,"is_hardmode":false,"path_taken":["M","?","?","?","$","R","M","?","T","?","E","?","?","?","R","BOSS","M","M","$","?","M","E","?","R","T","M","M","M","?","M","R","BOSS","M","?","M","$","M","E","R","?","T","M"],"build_version":"2018-01-11-PROD2","purchased_purges":3,"victory":false,"master_deck":["Strike_R","Strike_R","Strike_R","Defend_R","Defend_R","Bash","Seeing Red","Armaments","Iron Wave","Pommel Strike","Shockwave","Searing Blow","Fiend Fire","Shrug It Off","Evolve","Wild Strike","Madness","Feel No Pain","Burning Pact","Inflame","Clash","Warcry","Spot Weakness","Dark Embrace","Sword Boomerang","Power Through","Fiend Fire"],"max_hp_per_floor":[80,80,80,80,80,80,80,80,80,80,80,80,80,80,80,80,85,85,85,85,85,85,85,85,85,85,85,85,85,85,85,85,85,85,85,85,85,85,85,85,85,85,85],"relics":["Burning Blood","Happy Flower","Charon\u0027s Ashes","Pantograph","Tiny House","Self Forming Clay","Enchiridion","Toxic Egg","Matryoshka","Philosopher\u0027s Stone","Molten Egg","Pen Nib","Omamori","Mercury Hourglass","Prayer Wheel","Vajra"],"campfire_meditates":0,"card_choices":[{"not_picked":["Shrug It Off","Dual Wield"],"picked":"Seeing Red"},{"not_picked":["Whirlwind","Inflame"],"picked":"Iron Wave"},{"not_picked":["Heavy Blade","Rampage"],"picked":"Pommel Strike"},{"not_picked":["Thunderclap","Second Wind"],"picked":"Shockwave"},{"not_picked":["Clash","Headbutt"],"picked":"Searing Blow"},{"not_picked":["Feed","Berserk"],"picked":"Fiend Fire"},{"not_picked":["Heavy Blade","Whirlwind"],"picked":"Shrug It Off"},{"not_picked":["Armaments","Clash"],"picked":"Evolve"},{"not_picked":["Sword Boomerang","Power Through"],"picked":"Burning Pact"},{"not_picked":["Twin Strike","Shrug It Off"],"picked":"Inflame"},{"not_picked":["Sword Boomerang","Armaments"],"picked":"Clash"},{"not_picked":["Sever Soul","Searing Blow"],"picked":"Warcry"},{"not_picked":["Twin Strike","Cleave"],"picked":"Spot Weakness"},{"not_picked":["Impervious","Limit Break"],"picked":"Dark Embrace"},{"not_picked":["Clash","Clothesline"],"picked":"Sword Boomerang"},{"not_picked":["Cleave","Pommel Strike"],"picked":"Power Through"},{"not_picked":["Pommel Strike","Thunderclap"],"picked":"Fiend Fire"}],"player_experience":26138,"potions_floor_usage":[11,11,29,29,33,39,40,40],"damage_taken":[{"damage":10,"enemies":"Small Slimes","floor":1,"turns":4},{"damage":1,"enemies":"Cultist","floor":7,"turns":3},{"damage":8,"enemies":"Jaw Worm","floor":8,"turns":3},{"damage":19,"enemies":"Lagavulin","floor":11,"turns":5},{"damage":0,"enemies":"Looter","floor":14,"turns":2},{"damage":36,"enemies":"The Guardian","floor":16,"turns":8},{"damage":0,"enemies":"Chosen","floor":18,"turns":4},{"damage":10,"enemies":"Shell Parasite","floor":19,"turns":4},{"damage":5,"enemies":"Sentry and Sphere","floor":21,"turns":5},{"damage":21,"enemies":"Snake Plant","floor":22,"turns":3},{"damage":11,"enemies":"Book of Stabbing","floor":23,"turns":4},{"damage":0,"enemies":"Snecko","floor":27,"turns":2},{"damage":7,"enemies":"Centurion and Healer","floor":28,"turns":4},{"damage":7,"enemies":"3 Cultists","floor":29,"turns":4},{"damage":5,"enemies":"Snecko","floor":31,"turns":3},{"damage":56,"enemies":"Collector","floor":33,"turns":9},{"damage":24,"enemies":"3 Darklings","floor":35,"turns":6},{"damage":25,"enemies":"3 Shapes","floor":37,"turns":4},{"damage":36,"enemies":"Sphere and 2 Shapes","floor":39,"turns":5},{"damage":14,"enemies":"Nemesis","floor":40,"turns":5},{"damage":19,"enemies":"4 Shapes","floor":44,"turns":1}],"event_choices":[{"event_name":"Liars Game","player_choice":"disagreed","floor":2,"damage_taken":0},{"event_name":"World of Goop","player_choice":"Gather Gold","floor":3,"damage_taken":0},{"event_name":"Shining Light","player_choice":"Entered Light","floor":4,"damage_taken":0},{"event_name":"Purifier","player_choice":"One Purge","floor":13,"damage_taken":0},{"event_name":"Cursed Tome","player_choice":"Obtained Book","floor":24,"damage_taken":0},{"event_name":"Addict","player_choice":"Obtained Relic","floor":30,"damage_taken":0},{"event_name":"Tomb of Lord Red Mask","player_choice":"Ignored","floor":36,"damage_taken":0}],"boss_relics":[{"not_picked":["Runic Pyramid","Ectoplasm"],"picked":"Tiny House"},{"not_picked":["White Beast Statue","Velvet Choker"],"picked":"Philosopher\u0027s Stone"}],"potions_floor_spawned":[1,7,8,11,18,22,27,28,33,35,37,39],"seed_played":"-1100137316326487061","killed_by":"4 Shapes","is_trial":false}