{"gold_per_floor":[20,20,20,39,39,39,114,134,157,8,8,33,33,53,53,181,181,204,13,13,13],"floor_reached":21,"playtime":555,"items_purged":["Strike_B"],"score":234,"play_id":"ef1a277a-584c-49ae-a76f-b0df0fc74176","local_time":"20180827165350","is_ascension_mode":true,"campfire_choices":[{"data":"Storm","floor":11,"key":"SMITH"},{"floor":13,"key":"REST"},{"data":"Loop","floor":15,"key":"SMITH"}],"neow_cost":"NO_GOLD","seed_source_timestamp":318759529322794,"circlet_count":0,"master_deck":["Strike_B+1","Defend_B","Defend_B","Defend_B","Defend_B","Zap+1","Dualcast","Multi-Cast","Defragment+1","Loop+1","Storm+1","Echo Form","Conserve Battery"],"relics":["Cracked Core","Golden Idol","Orichalcum","Empty Cage","Runic Capacitor","Mercury Hourglass"],"potions_floor_usage":[12,21],"damage_taken":[{"damage":1,"enemies":"Cultist","floor":1,"turns":3},{"damage":0,"enemies":"Small Slimes","floor":4,"turns":2},{"damage":2,"enemies":"Jaw Worm","floor":8,"turns":2},{"damage":12,"enemies":"Exordium Wildlife","floor":12,"turns":3},{"damage":7,"enemies":"Large Slime","floor":14,"turns":3},{"damage":32,"enemies":"Hexaghost","floor":16,"turns":8},{"damage":37,"enemies":"3 Byrds","floor":18,"turns":5},{"damage":17,"enemies":"Colosseum Slavers","floor":21,"turns":1}],"seed_played":"3133162424546624769","potions_obtained":[{"floor":1,"key":"Ancient Potion"},{"floor":8,"key":"Explosive Potion"},{"floor":14,"key":"SpeedPotion"}],"is_trial":false,"path_per_floor":["M","?","?","M","?","$","?","M","T","$","R","M","R","M","R","B",null,"M","$","?"],"character_chosen":"DEFECT","items_purchased":["Storm","Runic Capacitor"],"campfire_rested":1,"item_purchase_floors":[10,19],"current_hp_per_floor":[67,52,52,52,52,52,41,39,39,39,39,27,47,40,40,8,54,17,17,17,0],"gold":13,"neow_bonus":"THREE_RARE_CARDS","is_prod":false,"is_daily":false,"chose_seed":false,"campfire_upgraded":2,"win_rate":0,"timestamp":1535381630,"path_taken":["M","?","?","M","?","$","?","?","T","$","R","M","R","M","R","BOSS","M","$","?","?"],"build_version":"2018-08-23v2","purchased_purges":1,"victory":false,"max_hp_per_floor":[75,75,69,69,69,69,69,69,69,69,69,69,69,69,69,69,69,69,69,69,69],"card_choices":[{"not_picked":["Thunder Strike","Core Surge"],"picked":"Multi-Cast","floor":0},{"not_picked":["Consume","Rebound"],"picked":"Defragment","floor":1},{"not_picked":["Hologram","Gash","Steam"],"picked":"SKIP","floor":4},{"not_picked":["Leap","Darkness"],"picked":"Loop","floor":8},{"not_picked":["Compile Driver","Gash","Steam"],"picked":"SKIP","floor":12},{"not_picked":["Cold Snap","Steam","Ball Lightning"],"picked":"SKIP","floor":14},{"not_picked":["Machine Learning","Buffer"],"picked":"Echo Form","floor":16},{"not_picked":["Doom and Gloom","Coolheaded"],"picked":"Conserve Battery","floor":18}],"player_experience":541271,"relics_obtained":[{"floor":9,"key":"Orichalcum"}],"event_choices":[{"event_name":"Shining Light","player_choice":"Entered Light","floor":2,"damage_taken":0},{"event_name":"Golden Idol","player_choice":"Lose Max HP","floor":3,"damage_taken":0},{"event_name":"Living Wall","player_choice":"Grow","floor":5,"damage_taken":0},{"event_name":"World of Goop","player_choice":"Gather Gold","floor":7,"damage_taken":0},{"event_name":"WeMeetAgain","player_choice":"Potion","floor":20,"damage_taken":0},{"event_name":"Colosseum","player_choice":"Fight","floor":21,"damage_taken":0}],"is_beta":false,"boss_relics":[{"not_picked":["Fusion Hammer","Philosopher\u0027s Stone"],"picked":"Empty Cage"}],"items_purged_floors":[10],"is_endless":false,"potions_floor_spawned":[1,8,14],"killed_by":"Colosseum Slavers","ascension_level":8}