{"gold_per_floor":[113,113,124,134,154,165,165,130,130,130],"floor_reached":10,"playtime":518,"items_purged":[],"score":60,"play_id":"f87f9d9f-1c83-4694-9941-46e019d8007c","local_time":"20190405153759","is_ascension_mode":false,"campfire_choices":[{"floor":7,"key":"REST"}],"neow_cost":"CURSE","seed_source_timestamp":167201310439465,"circlet_count":0,"master_deck":["Strike_B","Strike_B","Strike_B","Strike_B","Defend_B","Defend_B","Defend_B","Defend_B","Zap","Dualcast","Regret","Creative AI+1","Conserve Battery","Chaos","Consume","Fusion","Hologram"],"relics":["Cracked Core","Mummified Hand"],"potions_floor_usage":[10,10,10],"damage_taken":[{"damage":0,"enemies":"2 Louse","floor":1,"turns":1},{"damage":28,"enemies":"Cultist","floor":3,"turns":6},{"damage":11,"enemies":"Jaw Worm","floor":4,"turns":5},{"damage":10,"enemies":"2 Fungi Beasts","floor":5,"turns":4},{"damage":20,"enemies":"Blue Slaver","floor":6,"turns":5},{"damage":51,"enemies":"Lagavulin","floor":10,"turns":9}],"seed_played":"-6701492622940249751","potions_obtained":[{"floor":1,"key":"EssenceOfSteel"},{"floor":4,"key":"SteroidPotion"},{"floor":6,"key":"FocusPotion"}],"is_trial":false,"path_per_floor":["M","?","M","M","M","M","R","?","T","E"],"character_chosen":"DEFECT","items_purchased":[],"campfire_rested":1,"item_purchase_floors":[],"current_hp_per_floor":[75,75,47,36,26,6,28,46,46,0],"gold":130,"neow_bonus":"THREE_RARE_CARDS","is_prod":false,"is_daily":false,"chose_seed":false,"campfire_upgraded":0,"win_rate":0,"timestamp":1554503879,"path_taken":["M","?","?","M","M","M","R","?","T","E"],"build_version":"2019-01-23","purchased_purges":0,"victory":false,"max_hp_per_floor":[75,75,75,75,75,75,75,75,75,75],"card_choices":[{"not_picked":["Echo Form","Rainbow"],"picked":"Creative AI","floor":0},{"not_picked":["Compile Driver","Beam Cell"],"picked":"Conserve Battery","floor":1},{"not_picked":["Cold Snap","Go for the Eyes"],"picked":"Chaos","floor":3},{"not_picked":["Steam","Redo"],"picked":"Consume","floor":4},{"not_picked":["Sweeping Beam","Compile Driver"],"picked":"Fusion","floor":5},{"not_picked":["Rip and Tear","Coolheaded"],"picked":"Hologram","floor":6}],"player_experience":488228,"relics_obtained":[{"floor":9,"key":"Mummified Hand"}],"event_choices":[{"damage_healed":0,"gold_gain":0,"player_choice":"Upgraded","damage_taken":0,"max_hp_gain":0,"max_hp_loss":0,"event_name":"Upgrade Shrine","floor":2,"gold_loss":0,"cards_upgraded":["Creative AI"]},{"damage_healed":18,"gold_gain":0,"player_choice":"Healed","damage_taken":0,"max_hp_gain":0,"max_hp_loss":0,"event_name":"The Cleric","floor":8,"gold_loss":35}],"is_beta":false,"boss_relics":[],"items_purged_floors":[],"is_endless":false,"potions_floor_spawned":[1,4,6],"killed_by":"Lagavulin","ascension_level":0}