{"path_per_floor":["M","M","$","T","?","R","M","R","T","R","?","E","?","M","R","B",null,"M","M","?","$","M"],"character_chosen":"THE_SILENT","items_purchased":["Escape Plan","Shuriken","Secret Technique"],"gold_per_floor":[111,125,14,14,14,14,30,30,82,82,104,131,306,326,326,426,426,440,458,458,23,37,37],"floor_reached":23,"campfire_rested":0,"playtime":1020,"current_hp_per_floor":[70,70,70,70,63,63,59,59,59,59,51,62,62,49,49,10,84,61,41,41,41,12,0],"items_purged":["Normality","Doubt"],"gold":37,"score":233,"play_id":"82ceb14a-0729-4def-b6dc-7cf5f94a3ed4","local_time":"20180513155833","is_prod":false,"is_daily":false,"chose_seed":false,"is_ascension_mode":true,"campfire_upgraded":4,"timestamp":1526198313,"path_taken":["M","M","$","?","?","R","M","R","T","R","?","E","?","M","R","BOSS","M","M","?","$","M","E"],"build_version":"2018-05-10","seed_source_timestamp":83848446239589,"purchased_purges":2,"victory":false,"master_deck":["Defend_G","Defend_G","Defend_G","Defend_G","Strike_G","Strike_G","Survivor","Neutralize","Storm of Steel+1","Leg Sweep","Escape Plan+1","Deadly Poison+1","Bane+1","Glass Knife","Secret Technique","Deadly Poison+1"],"max_hp_per_floor":[70,70,70,70,70,70,70,70,70,70,72,84,84,84,84,84,84,86,88,88,88,88,88],"relics":["Ring of the Snake","The Courier","Singing Bowl","Odd Mushroom","Pear","Sozu","Shuriken"],"card_choices":[{"not_picked":["Blade Dance","Dagger Throw"],"picked":"Deadly Poison","floor":7},{"not_picked":["Outmaneuver","Dagger Throw"],"picked":"Bane","floor":14},{"not_picked":["Unload","Tactician"],"picked":"Glass Knife","floor":16},{"not_picked":["Acrobatics","Outmaneuver"],"picked":"Deadly Poison","floor":22}],"player_experience":164845,"potions_floor_usage":[12,12,16,16],"damage_taken":[{"damage":0,"enemies":"Cultist","floor":1,"turns":5},{"damage":0,"enemies":"Small Slimes","floor":2,"turns":3},{"damage":4,"enemies":"Jaw Worm","floor":7,"turns":3},{"damage":10,"enemies":"The Mushroom Lair","floor":11,"turns":5},{"damage":1,"enemies":"Lagavulin","floor":12,"turns":6},{"damage":13,"enemies":"Blue Slaver","floor":14,"turns":2},{"damage":54,"enemies":"Slime Boss","floor":16,"turns":13},{"damage":25,"enemies":"2 Thieves","floor":18,"turns":5},{"damage":22,"enemies":"Spheric Guardian","floor":19,"turns":4},{"damage":29,"enemies":"Chosen and Byrds","floor":22,"turns":5},{"damage":16,"enemies":"Gremlin Leader","floor":23,"turns":2}],"event_choices":[{"event_name":"Golden Wing","player_choice":"Card Removal","floor":5,"damage_taken":0},{"event_name":"Mushrooms","player_choice":"Fought Mushrooms","floor":11,"damage_taken":0},{"event_name":"Liars Game","player_choice":"agreed","floor":13,"damage_taken":0},{"event_name":"Purifier","player_choice":"One Purge","floor":20,"damage_taken":0}],"boss_relics":[{"not_picked":["Eternal Feather","Ectoplasm"],"picked":"Sozu"}],"potions_floor_spawned":[7,11,12,14],"seed_played":"4685045549004734652","killed_by":"Gremlin Leader","ascension_level":2,"is_trial":false}