{"gold_per_floor":[116,132,149,199,214,214,228,242,267,295,295,310,329,7,7,84,84,95,108,128,148,161,161,174,174,174,5,5,5,0,0,0,0],"floor_reached":33,"playtime":1162,"items_purged":["Strike_R"],"score":443,"play_id":"2c1534a4-a74a-4da2-906c-8fc68a23fc97","local_time":"20190331181345","is_ascension_mode":true,"campfire_choices":[{"data":"True Grit","floor":6.0,"key":"SMITH"},{"data":"Armaments","floor":11.0,"key":"SMITH"},{"floor":15.0,"key":"REST"},{"data":"Rampage","floor":23.0,"key":"SMITH"},{"data":"Feel No Pain","floor":25.0,"key":"SMITH"},{"data":"Body Slam","floor":32.0,"key":"SMITH"}],"neow_cost":"TEN_PERCENT_HP_LOSS","seed_source_timestamp":0,"circlet_count":0,"master_deck":["AscendersBane","Strike_R","Strike_R","Strike_R","Strike_R","Defend_R","Defend_R","Defend_R","Defend_R","Bash","PanicButton","Secret Technique","Cleave","True Grit+1","Carnage","Armaments+1","Inflame","Feel No Pain+1","Feed","Fiend Fire","Disarm","Rampage+1","Evolve","Wild Strike","Second Wind","Body Slam+1","Burning Pact","Entrench"],"special_seed":0,"relics":["Burning Blood","Pen Nib","Medical Kit","Runic Dome"],"potions_floor_usage":[33,33],"damage_taken":[{"damage":2.0,"enemies":"Jaw Worm","floor":1.0,"turns":4.0},{"damage":1.0,"enemies":"Cultist","floor":2.0,"turns":4.0},{"damage":9.0,"enemies":"2 Louse","floor":3.0,"turns":2.0},{"damage":10.0,"enemies":"Looter","floor":5.0,"turns":5.0},{"damage":22.0,"enemies":"Large Slime","floor":7.0,"turns":8.0},{"damage":7.0,"enemies":"2 Fungi Beasts","floor":8.0,"turns":4.0},{"damage":11.0,"enemies":"3 Sentries","floor":10.0,"turns":5.0},{"damage":12.0,"enemies":"Looter","floor":12.0,"turns":4.0},{"damage":14.0,"enemies":"Large Slime","floor":13.0,"turns":9.0},{"damage":12.0,"enemies":"Slime Boss","floor":16.0,"turns":10.0},{"damage":18.0,"enemies":"Shell Parasite","floor":18.0,"turns":5.0},{"damage":7.0,"enemies":"Chosen","floor":19.0,"turns":6.0},{"damage":10.0,"enemies":"Centurion and Healer","floor":20.0,"turns":7.0},{"damage":2.0,"enemies":"3 Cultists","floor":21.0,"turns":5.0},{"damage":29.0,"enemies":"Shelled Parasite and Fungi","floor":22.0,"turns":5.0},{"damage":3.0,"enemies":"Snake Plant","floor":24.0,"turns":5.0},{"damage":43,"enemies":"Collector","floor":33,"turns":7}],"seed_played":"7506913726141923687","potions_obtained":[{"floor":3.0,"key":"AttackPotion"},{"floor":5.0,"key":"Dexterity Potion"},{"floor":12.0,"key":"SteroidPotion"},{"floor":16.0,"key":"AttackPotion"},{"floor":19.0,"key":"Dexterity Potion"},{"floor":21.0,"key":"AttackPotion"},{"floor":24.0,"key":"Ancient Potion"}],"is_trial":false,"path_per_floor":["M","M","M","?","M","R","M","M","T","E","R","M","M","$","R","B",null,"M","M","M","M","M","R","M","R","T","$","?","?","?","?","R","B"],"character_chosen":"IRONCLAD","items_purchased":["Medical Kit","PowerPotion","Second Wind","Body Slam","Burning Pact"],"campfire_rested":1,"item_purchase_floors":[14,14,27,27,27],"current_hp_per_floor":[68,68,65,59,55,55,39,38,38,33,33,27,19,19,39,33,59,47,46,42,46,27,27,30,30,30,30,30,30,30,30,30,0],"gold":0,"neow_bonus":"RANDOM_COLORLESS_2","is_prod":false,"is_daily":false,"chose_seed":true,"campfire_upgraded":5,"win_rate":0,"timestamp":1554027225,"path_taken":["M","M","M","?","M","R","M","M","T","E","R","M","?","$","R","BOSS","M","?","M","M","M","R","M","R","T","$","?","?","?","?","R","BOSS"],"build_version":"2019-01-23","purchased_purges":1,"victory":false,"max_hp_per_floor":[68,68,68,68,68,68,68,68,68,68,68,68,68,68,68,68,68,68,68,68,68,72,72,72,72,72,72,72,72,72,72,72,72],"card_choices":[{"not_picked":["Hemokinesis","Fire Breathing","Disarm"],"picked":"SKIP","floor":1.0},{"not_picked":["Pommel Strike","Wild Strike"],"picked":"Cleave","floor":2.0},{"not_picked":["Shrug It Off","Clothesline"],"picked":"True Grit","floor":3.0},{"not_picked":["Sentinel","Warcry"],"picked":"Carnage","floor":5.0},{"not_picked":["Disarm","Flame Barrier"],"picked":"Armaments","floor":7.0},{"not_picked":["Shrug It Off","Hemokinesis"],"picked":"Inflame","floor":8.0},{"not_picked":["Sentinel","Armaments"],"picked":"Feel No Pain","floor":10.0},{"not_picked":["Dropkick","Twin Strike","Sentinel"],"picked":"SKIP","floor":12.0},{"not_picked":["Heavy Blade","Anger"],"picked":"Feed","floor":13.0},{"not_picked":["Brutality","Berserk"],"picked":"Fiend Fire","floor":16.0},{"not_picked":["Flex","Uppercut"],"picked":"Disarm","floor":18.0},{"not_picked":["Sword Boomerang","Blood for Blood"],"picked":"Rampage","floor":19.0},{"not_picked":["Bloodletting","Sever Soul"],"picked":"Evolve","floor":20.0},{"not_picked":["Pummel","Heavy Blade"],"picked":"Wild Strike","floor":21.0},{"not_picked":["Warcry","Uppercut","Double Tap"],"picked":"SKIP","floor":22.0},{"not_picked":["Twin Strike","Iron Wave","Clothesline"],"picked":"SKIP","floor":24.0}],"player_experience":1306687,"relics_obtained":[{"floor":10.0,"key":"Pen Nib"}],"event_choices":[{"damage_healed":0.0,"max_hp_gain":0.0,"max_hp_loss":0.0,"gold_gain":50.0,"event_name":"FaceTrader","player_choice":"Touch","floor":4.0,"gold_loss":0.0,"damage_taken":6.0},{"damage_healed":0.0,"max_hp_gain":0.0,"max_hp_loss":0.0,"gold_gain":0.0,"event_name":"Vampires","player_choice":"Ignored","floor":28.0,"gold_loss":0.0,"damage_taken":0.0},{"damage_healed":0.0,"max_hp_gain":0.0,"max_hp_loss":0.0,"gold_gain":0.0,"event_name":"Cursed Tome","player_choice":"Ignored","floor":29.0,"gold_loss":0.0,"damage_taken":0.0},{"damage_healed":0.0,"max_hp_gain":0.0,"max_hp_loss":0.0,"gold_gain":0.0,"event_name":"Masked Bandits","player_choice":"Paid Fearfully","floor":30.0,"gold_loss":5.0,"damage_taken":0.0},{"damage_healed":0.0,"max_hp_gain":0.0,"max_hp_loss":0.0,"gold_gain":0.0,"event_name":"The Library","player_choice":"Read","floor":31.0,"gold_loss":0.0,"damage_taken":0.0,"cards_obtained":["Entrench"]}],"is_beta":false,"boss_relics":[{"not_picked":["Velvet Choker","Empty Cage"],"picked":"Runic Dome"}],"items_purged_floors":[14],"is_endless":false,"potions_floor_spawned":[3,5,7,12,16,19,21,24],"killed_by":"Collector","ascension_level":15}