{"gold_per_floor":[119,139,154,170,181,216,216,231,231,231,79,79,110,124,124,223,223,236,236,36,48,59,59,75,75,75,93,112,130,130,130,130,130],"floor_reached":33,"playtime":1491,"items_purged":["Strike_B","Defend_B"],"score":408,"play_id":"bdd6fc60-5e40-49f7-91bd-d78539fc9ae7","local_time":"20190427140012","is_ascension_mode":true,"campfire_choices":[{"data":"Zap","floor":7.0,"key":"SMITH"},{"floor":10.0,"key":"REST"},{"floor":12.0,"key":"REST"},{"floor":15.0,"key":"REST"},{"data":"Dualcast","floor":23,"key":"SMITH"},{"data":"Chaos","floor":25,"key":"SMITH"},{"data":"Loop","floor":30,"key":"SMITH"},{"floor":32,"key":"REST"}],"neow_cost":"NONE","seed_source_timestamp":316422127174300,"circlet_count":0,"master_deck":["AscendersBane","Strike_B","Defend_B","Defend_B","Defend_B","Zap+1","Dualcast+1","Multi-Cast","Ball Lightning","Conserve Battery","Chaos+1","Chill","Loop+1","Sunder","Stack","Capacitor","Chaos","Lockon","Buffer","Force Field","Multi-Cast","Electrodynamics","Stack","Static Discharge","Stack+1","Chaos","Storm","Reboot","Conserve Battery","Double Energy+1","Double Energy"],"special_seed":0,"relics":["Cracked Core","Bottled Flame","Blood Vial","Symbiotic Virus","Runic Pyramid","Meat on the Bone","Dream Catcher"],"potions_floor_usage":[16,18,22,27,28],"damage_taken":[{"damage":1.0,"enemies":"Cultist","floor":1.0,"turns":3.0},{"damage":18.0,"enemies":"Jaw Worm","floor":2.0,"turns":4.0},{"damage":1.0,"enemies":"Small Slimes","floor":3.0,"turns":2.0},{"damage":13.0,"enemies":"Exordium Wildlife","floor":4.0,"turns":3.0},{"damage":13.0,"enemies":"Lots of Slimes","floor":5.0,"turns":4.0},{"damage":14.0,"enemies":"Lagavulin","floor":6.0,"turns":7.0},{"damage":4.0,"enemies":"Red Slaver","floor":8.0,"turns":3.0},{"damage":14.0,"enemies":"3 Sentries","floor":13.0,"turns":5.0},{"damage":16.0,"enemies":"Blue Slaver","floor":14.0,"turns":3.0},{"damage":24,"enemies":"Slime Boss","floor":16,"turns":5},{"damage":5,"enemies":"Chosen","floor":18,"turns":3},{"damage":11,"enemies":"3 Byrds","floor":21,"turns":2},{"damage":20,"enemies":"Sentry and Sphere","floor":22,"turns":7},{"damage":5,"enemies":"Cultist and Chosen","floor":24,"turns":6},{"damage":8,"enemies":"3 Cultists","floor":27,"turns":4},{"damage":25,"enemies":"Centurion and Healer","floor":28,"turns":5},{"damage":2,"enemies":"Chosen and Byrds","floor":29,"turns":4},{"damage":71,"enemies":"Collector","floor":33,"turns":12}],"seed_played":"2794039838687081493","potions_obtained":[{"floor":2.0,"key":"Fire Potion"},{"floor":5.0,"key":"SpeedPotion"},{"floor":8.0,"key":"Ancient Potion"},{"floor":14.0,"key":"FocusPotion"},{"floor":16,"key":"Weak Potion"},{"floor":18,"key":"AttackPotion"},{"floor":24,"key":"PowerPotion"},{"floor":29,"key":"Ancient Potion"}],"is_trial":false,"path_per_floor":["M","M","M","M","M","E","R","M","T","R","$","R","E","M","R","B",null,"M","?","$","M","M","R","M","R","T","M","M","M","R","T","R","B"],"character_chosen":"DEFECT","items_purchased":["Capacitor","Stack","Static Discharge"],"campfire_rested":4,"item_purchase_floors":[11,20,20],"current_hp_per_floor":[67,49,48,35,22,8,8,4,4,26,26,48,36,22,44,22,62,59,59,59,50,32,32,29,29,29,35,24,36,36,36,58,0],"gold":130,"neow_bonus":"ONE_RANDOM_RARE_CARD","is_prod":false,"is_daily":false,"chose_seed":false,"campfire_upgraded":4,"win_rate":0,"timestamp":1556344812,"path_taken":["M","M","?","M","M","E","R","M","T","R","$","R","E","M","R","BOSS","M","?","$","M","M","R","M","R","T","M","M","M","R","?","R","BOSS"],"build_version":"2019-01-23","purchased_purges":2,"victory":false,"max_hp_per_floor":[75,75,75,75,75,75,75,75,75,75,75,75,75,75,75,75,75,75,75,75,75,75,75,75,75,75,75,75,75,75,75,75,75],"card_choices":[{"not_picked":["Barrage","Gash"],"picked":"Ball Lightning","floor":1.0},{"not_picked":["Hello World","Turbo"],"picked":"Conserve Battery","floor":2.0},{"not_picked":["Conserve Battery","White Noise"],"picked":"Chaos","floor":3.0},{"not_picked":["Sweeping Beam","Rebound"],"picked":"Chill","floor":4.0},{"not_picked":["BootSequence","Redo"],"picked":"Loop","floor":5.0},{"not_picked":["Heatsinks","FTL"],"picked":"Sunder","floor":6.0},{"not_picked":["Turbo","Beam Cell"],"picked":"Stack","floor":8.0},{"not_picked":["Leap","Sweeping Beam"],"picked":"Chaos","floor":13.0},{"not_picked":["Aggregate","Sunder"],"picked":"Lockon","floor":14.0},{"not_picked":["Seek","Amplify"],"picked":"Buffer","floor":16},{"not_picked":["Streamline","Compile Driver+1"],"picked":"Force Field","floor":18},{"not_picked":["Conserve Battery","Beam Cell"],"picked":"Stack+1","floor":21},{"not_picked":["Steam+1","Gash+1"],"picked":"Chaos","floor":22},{"not_picked":["Gash","Undo+1"],"picked":"Storm","floor":24},{"not_picked":["Turbo+1","Melter+1"],"picked":"Reboot","floor":27},{"not_picked":["Coolheaded","Streamline"],"picked":"Conserve Battery","floor":28},{"not_picked":["Gash","Sweeping Beam+1"],"picked":"Double Energy+1","floor":29},{"not_picked":["Consume","Conserve Battery"],"picked":"Double Energy","floor":32}],"player_experience":536666,"relics_obtained":[{"floor":6.0,"key":"Bottled Flame"},{"floor":9.0,"key":"Blood Vial"},{"floor":13.0,"key":"Symbiotic Virus"},{"floor":26,"key":"Meat on the Bone"},{"floor":31,"key":"Dream Catcher"}],"event_choices":[{"damage_healed":0,"gold_gain":0,"cards_transformed":["Strike_B","Strike_B"],"player_choice":"Became Test Subject","damage_taken":0,"max_hp_gain":0,"max_hp_loss":0,"event_name":"Drug Dealer","floor":19,"gold_loss":0,"cards_obtained":["Multi-Cast","Electrodynamics"]}],"is_beta":false,"boss_relics":[{"not_picked":["Ectoplasm","Busted Crown"],"picked":"Runic Pyramid"}],"items_purged_floors":[11,20],"is_endless":false,"potions_floor_spawned":[2,5,8,14,16,18,24,29],"killed_by":"Collector","ascension_level":11}