{"gold_per_floor":[114,45,57,76,88,118,135,166,166,166,178,130,150,150,150,253,253,268,315,348,348,362,389,389,401,427,539,551],"floor_reached":28,"playtime":1584,"items_purged":[],"score":263,"play_id":"18c3aab9-1a02-4b0c-bc02-2f555654a508","local_time":"20190331181318","is_ascension_mode":true,"campfire_choices":[{"data":"1","floor":15,"key":"LIFT"},{"floor":24,"key":"RECALL"}],"neow_cost":"NONE","seed_source_timestamp":1626405866561012,"circlet_count":0,"master_deck":["Strike_R","Strike_R","Strike_R","Strike_R","Strike_R","Defend_R","Defend_R","Defend_R","Bash","Perfected Strike","Inflame","Headbutt","Sword Boomerang","Twin Strike","Inflame","Perfected Strike","Seeing Red","Wild Strike","Perfected Strike","Berserk","Sword Boomerang+1","Twin Strike","Headbutt+1","Warcry","Rage+1","Headbutt","Pummel+1"],"relics":["Black Blood","Vajra","Girya","CultistMask","Juzu Bracelet","Red Mask","Prayer Wheel","MawBank","Turnip","Bottled Flame"],"potions_floor_usage":[13,20,25,27,27],"damage_taken":[{"damage":6,"enemies":"Cultist","floor":1,"turns":3},{"damage":8,"enemies":"Jaw Worm","floor":3,"turns":3},{"damage":2,"enemies":"Small Slimes","floor":4,"turns":3},{"damage":11,"enemies":"Red Slaver","floor":5,"turns":4},{"damage":20,"enemies":"Gremlin Nob","floor":6,"turns":4},{"damage":12,"enemies":"Blue Slaver","floor":7,"turns":3},{"damage":27,"enemies":"3 Sentries","floor":8,"turns":4},{"damage":20,"enemies":"Exordium Thugs","floor":11,"turns":3},{"damage":0,"enemies":"3 Louse","floor":13,"turns":2},{"damage":49,"enemies":"The Guardian","floor":16,"turns":6},{"damage":34,"enemies":"Shell Parasite","floor":18,"turns":4},{"damage":9,"enemies":"Masked Bandits","floor":20,"turns":3},{"damage":5,"enemies":"3 Byrds","floor":22,"turns":4},{"damage":47,"enemies":"Book of Stabbing","floor":23,"turns":4},{"damage":6,"enemies":"Cultist and Chosen","floor":25,"turns":4},{"damage":19,"enemies":"Colosseum Slavers","floor":27,"turns":3},{"damage":21,"enemies":"Colosseum Nobs","floor":27,"turns":3},{"damage":22,"enemies":"Shelled Parasite and Fungi","floor":28,"turns":3}],"seed_played":"678578880014776723","potions_obtained":[{"floor":1,"key":"LiquidBronze"},{"floor":3,"key":"Dexterity Potion"},{"floor":7,"key":"Fire Potion"},{"floor":16,"key":"Fire Potion"},{"floor":18,"key":"SteroidPotion"},{"floor":20,"key":"Poison Potion"}],"is_trial":false,"path_per_floor":["M","$","M","M","M","E","M","E","T","?","M","?","M","?","R","B",null,"M","T","?","?","M","E","R","M","T","?","M"],"character_chosen":"IRONCLAD","items_purchased":["Inflame"],"campfire_rested":0,"item_purchase_floors":[2],"current_hp_per_floor":[80,80,78,80,75,61,55,34,34,34,20,20,26,90,90,47,90,66,66,67,67,72,35,35,39,39,19,0],"gold":551,"neow_bonus":"TRANSFORM_CARD","is_prod":false,"is_daily":false,"chose_seed":false,"campfire_upgraded":0,"win_rate":0,"timestamp":1554073998,"path_taken":["M","$","M","M","M","E","M","E","T","?","?","?","M","?","R","BOSS","M","?","?","?","M","E","R","M","T","?","M"],"build_version":"2019-01-23","purchased_purges":0,"victory":false,"max_hp_per_floor":[80,80,80,80,80,80,80,80,80,80,80,80,80,90,90,90,90,90,90,90,90,90,90,90,90,90,90,90],"card_choices":[{"not_picked":["Fire Breathing","Havoc"],"picked":"Perfected Strike","floor":1},{"not_picked":["Feel No Pain","Shrug It Off"],"picked":"Headbutt","floor":3},{"not_picked":["Fire Breathing","Anger"],"picked":"Sword Boomerang","floor":4},{"not_picked":["Pummel","Flex"],"picked":"Twin Strike","floor":5},{"not_picked":["Body Slam","Blood for Blood"],"picked":"Inflame","floor":6},{"not_picked":["Clash","Sword Boomerang"],"picked":"Perfected Strike","floor":7},{"not_picked":["Spot Weakness","Barricade"],"picked":"Seeing Red","floor":8},{"not_picked":["Sword Boomerang","Shrug It Off"],"picked":"Wild Strike","floor":11},{"not_picked":["Armaments","Headbutt"],"picked":"Perfected Strike","floor":13},{"not_picked":["Feed","Barricade"],"picked":"Berserk","floor":16},{"not_picked":["Havoc","Shrug It Off"],"picked":"Sword Boomerang+1","floor":18},{"not_picked":["Anger+1","Shockwave"],"picked":"Twin Strike","floor":20},{"not_picked":["Dual Wield","Anger"],"picked":"Headbutt+1","floor":22},{"not_picked":["Juggernaut","Hemokinesis"],"picked":"Warcry","floor":23},{"not_picked":["Searing Blow","Metallicize"],"picked":"Rage+1","floor":25},{"not_picked":["Uppercut+1","Hemokinesis"],"picked":"Headbutt","floor":25},{"not_picked":["Clothesline","Sword Boomerang+1"],"picked":"Pummel+1","floor":27}],"player_experience":135353,"relics_obtained":[{"floor":6,"key":"Vajra"},{"floor":8,"key":"Girya"},{"floor":19,"key":"Juzu Bracelet"},{"floor":20,"key":"Red Mask"},{"floor":23,"key":"Prayer Wheel"},{"floor":26,"key":"MawBank"},{"floor":27,"key":"Turnip"},{"floor":27,"key":"Bottled Flame"}],"event_choices":[{"damage_healed":0,"gold_gain":0,"player_choice":"Trade","damage_taken":0,"relics_obtained":["CultistMask"],"max_hp_gain":0,"max_hp_loss":0,"event_name":"FaceTrader","floor":10,"gold_loss":0},{"damage_healed":0,"gold_gain":0,"player_choice":"Left Gold","damage_taken":0,"max_hp_gain":0,"max_hp_loss":0,"event_name":"World of Goop","floor":12,"gold_loss":48},{"cards_removed":["Offering"],"damage_healed":54,"gold_gain":0,"player_choice":"Offered Rare","damage_taken":0,"max_hp_gain":10,"max_hp_loss":0,"event_name":"Bonfire Elementals","floor":14,"gold_loss":0},{"damage_healed":0,"gold_gain":0,"player_choice":"Fought Bandits","damage_taken":0,"max_hp_gain":0,"max_hp_loss":0,"event_name":"Masked Bandits","floor":20,"gold_loss":0},{"damage_healed":0,"gold_gain":0,"player_choice":"Ignored","damage_taken":0,"max_hp_gain":0,"max_hp_loss":0,"event_name":"Beggar","floor":21,"gold_loss":0},{"damage_healed":0,"gold_gain":0,"player_choice":"Fight","damage_taken":0,"max_hp_gain":0,"max_hp_loss":0,"event_name":"Colosseum","floor":27,"gold_loss":0},{"damage_healed":0,"gold_gain":0,"player_choice":"Fought Nobs","damage_taken":0,"max_hp_gain":0,"max_hp_loss":0,"event_name":"Colosseum","floor":27,"gold_loss":0}],"is_beta":false,"boss_relics":[{"not_picked":["Eternal Feather","Sozu"],"picked":"Black Blood"}],"items_purged_floors":[],"is_endless":false,"potions_floor_spawned":[1,3,7,8,16,18,20,23],"killed_by":"Shelled Parasite and Fungi","ascension_level":1}