{"gold_per_floor":[19,19,39,91,91,91,91,111,111,111,136,136,136,180,180,311,311,326,344,443,459,584,509,40,40,40,40,40,40,40,57,57,159,209,225,325,325,400,400,418,418,437,485,122,133,133,133,149,149,149],"floor_reached":51,"playtime":3265,"items_purged":[],"score":666,"play_id":"eda5c9fe-6820-43e6-8dbe-baab7553aa05","local_time":"20190502082904","is_ascension_mode":false,"campfire_choices":[{"floor":7,"key":"REST"},{"data":"Dash","floor":10,"key":"SMITH"},{"floor":13,"key":"REST"},{"data":"Footwork","floor":15,"key":"SMITH"},{"floor":25,"key":"REST"},{"data":"Accuracy","floor":28,"key":"SMITH"},{"data":"Phantasmal Killer","floor":30,"key":"SMITH"},{"floor":32,"key":"REST"},{"floor":41,"key":"REST"},{"floor":46,"key":"REST"},{"floor":49,"key":"REST"}],"neow_cost":"NO_GOLD","seed_source_timestamp":561996903646499,"circlet_count":0,"master_deck":["Survivor+1","Neutralize","Dark Shackles","Finesse","Flying Knee","All Out Attack","Dash+1","Footwork+1","Slice+1","Bullet Time","Distraction","Cloak And Dagger","Backstab+1","Caltrops","Sucker Punch+1","Phantasmal Killer+1","Unload+1","Cloak And Dagger","Cloak And Dagger","Flying Knee+1","Endless Agony+1","Unload+1","Accuracy+1","Magnetism+1","A Thousand Cuts+1","Dodge and Roll","Flechettes+1","Backstab+1","Infinite Blades+1","Leg Sweep+1","Noxious Fumes+1","Corpse Explosion","Deep Breath","Noxious Fumes+1"],"relics":["Ring of the Snake","Bloody Idol","Gambling Chip","Molten Egg 2","Smiling Mask","Pandora\u0027s Box","Thread and Needle","Kunai","Frozen Egg 2","Letter Opener","Tiny House","WingedGreaves","Bottled Flame","PreservedInsect","FossilizedHelix"],"potions_floor_usage":[14,16,22,36,42,50,50],"damage_taken":[{"damage":0,"enemies":"2 Louse","floor":1,"turns":4},{"damage":0,"enemies":"Small Slimes","floor":3,"turns":4},{"damage":0,"enemies":"Jaw Worm","floor":8,"turns":3},{"damage":2,"enemies":"Looter","floor":11,"turns":3},{"damage":0,"enemies":"3 Sentries","floor":14,"turns":6},{"damage":24,"enemies":"The Guardian","floor":16,"turns":17},{"damage":11,"enemies":"2 Thieves","floor":18,"turns":3},{"damage":0,"enemies":"Spheric Guardian","floor":19,"turns":2},{"damage":0,"enemies":"Snake Plant","floor":21,"turns":3},{"damage":5,"enemies":"Colosseum Slavers","floor":22,"turns":2},{"damage":17,"enemies":"Colosseum Nobs","floor":22,"turns":4},{"damage":12,"enemies":"Snecko","floor":31,"turns":4},{"damage":47,"enemies":"Automaton","floor":33,"turns":11},{"damage":3,"enemies":"3 Shapes","floor":35,"turns":3},{"damage":0,"enemies":"Mind Bloom Boss Battle","floor":36,"turns":2},{"damage":33,"enemies":"3 Darklings","floor":40,"turns":5},{"damage":43,"enemies":"Jaw Worm Horde","floor":42,"turns":5},{"damage":0,"enemies":"Sphere and 2 Shapes","floor":45,"turns":4},{"damage":14,"enemies":"Spire Growth","floor":48,"turns":5},{"damage":54,"enemies":"Donu and Deca","floor":50,"turns":8}],"seed_played":"6407065965151220400","potions_obtained":[{"floor":1,"key":"Fire Potion"},{"floor":8,"key":"Weak Potion"},{"floor":21,"key":"AttackPotion"},{"floor":34,"key":"Energy Potion"},{"floor":40,"key":"EssenceOfSteel"},{"floor":45,"key":"SteroidPotion"},{"floor":48,"key":"Explosive Potion"}],"is_trial":false,"path_per_floor":["M","?","M","?","?","?","R","M","T","R","M","T","R","E","R","B",null,"M","M","?","M","?","?","$","R","T","?","R","$","R","M","R","B",null,"M","?","?","T","?","M","R","M","T","$","M","R","?","M","R","B",null],"character_chosen":"THE_SILENT","items_purchased":["Accuracy","Frozen Egg 2","Magnetism+1","FossilizedHelix","Noxious Fumes+1"],"campfire_rested":7,"item_purchase_floors":[24,24,24,44,44],"current_hp_per_floor":[70,56,56,56,56,39,60,60,60,60,58,58,70,70,70,46,70,59,59,59,59,37,37,37,58,58,58,58,58,58,51,70,28,75,75,75,75,75,75,47,69,31,36,36,41,63,63,54,75,21],"gold":149,"neow_bonus":"RANDOM_COLORLESS_2","is_prod":false,"is_daily":false,"chose_seed":false,"campfire_upgraded":4,"win_rate":0.0,"timestamp":1556800144,"path_taken":["M","?","M","?","?","?","R","M","T","R","M","?","R","E","R","BOSS","M","M","?","M","?","?","$","R","T","?","R","$","R","M","R","BOSS","M","?","?","?","?","M","R","M","T","$","M","R","?","M","R","BOSS"],"build_version":"2019-01-23","purchased_purges":0,"victory":true,"max_hp_per_floor":[70,70,70,70,70,70,70,70,70,70,70,70,70,70,70,70,70,70,70,70,70,70,70,70,70,70,70,70,70,70,70,70,70,75,75,75,75,75,75,75,75,75,75,75,75,75,75,75,75,75],"card_choices":[{"not_picked":["Poisoned Stab","Bane"],"picked":"Flying Knee","floor":1},{"not_picked":["Outmaneuver","Catalyst"],"picked":"All Out Attack","floor":3},{"not_picked":["Deflect","Masterful Stab"],"picked":"Dash","floor":8},{"not_picked":["Flying Knee","Acrobatics"],"picked":"Footwork","floor":11},{"not_picked":["Acrobatics","Blade Dance"],"picked":"Slice+1","floor":14},{"not_picked":["Adrenaline","Storm of Steel"],"picked":"Bullet Time","floor":16},{"not_picked":["Deadly Poison","Eviscerate+1"],"picked":"Flying Knee+1","floor":18},{"not_picked":["Acrobatics+1","Deadly Poison+1"],"picked":"Endless Agony+1","floor":19},{"not_picked":["Dagger Throw+1","Bane+1","Cloak And Dagger"],"picked":"SKIP","floor":21},{"not_picked":["Masterful Stab+1","All Out Attack+1"],"picked":"Unload+1","floor":22},{"not_picked":["Slice+1","Catalyst"],"picked":"Tactician","floor":31},{"not_picked":["Doppelganger","Tools of the Trade+1"],"picked":"A Thousand Cuts+1","floor":33},{"not_picked":["Deflect","Outmaneuver"],"picked":"Dodge and Roll","floor":34},{"not_picked":["Poisoned Stab+1","Underhanded Strike+1"],"picked":"Flechettes+1","floor":35},{"not_picked":["Backflip+1","Blade Dance+1"],"picked":"Backstab+1","floor":36},{"not_picked":["Sucker Punch+1","Footwork+1"],"picked":"Infinite Blades+1","floor":40},{"not_picked":["Acrobatics","Slice+1"],"picked":"Leg Sweep+1","floor":42},{"not_picked":["Eviscerate+1","Sucker Punch+1"],"picked":"Corpse Explosion","floor":45},{"not_picked":["Mind Blast+1","Madness"],"picked":"Deep Breath","floor":47},{"not_picked":["Infinite Blades+1","Deadly Poison"],"picked":"Noxious Fumes+1","floor":48}],"player_experience":55781,"relics_obtained":[{"floor":9,"key":"Gambling Chip"},{"floor":12,"key":"Molten Egg 2"},{"floor":14,"key":"Smiling Mask"},{"floor":22,"key":"Thread and Needle"},{"floor":22,"key":"Kunai"},{"floor":26,"key":"Letter Opener"},{"floor":36,"key":"WingedGreaves"},{"floor":38,"key":"Bottled Flame"},{"floor":43,"key":"PreservedInsect"}],"event_choices":[{"damage_healed":0,"gold_gain":0,"player_choice":"Entered Light","damage_taken":14,"max_hp_gain":0,"max_hp_loss":0,"event_name":"Shining Light","floor":2,"gold_loss":0,"cards_upgraded":["Defend_G","Defend_G"]},{"damage_healed":0,"gold_gain":52,"player_choice":"Gained Gold","damage_taken":0,"max_hp_gain":0,"max_hp_loss":0,"event_name":"Golden Wing","floor":4,"gold_loss":0},{"damage_healed":0,"gold_gain":0,"player_choice":"Ignored","damage_taken":0,"max_hp_gain":0,"max_hp_loss":0,"event_name":"Liars Game","floor":5,"gold_loss":0},{"damage_healed":0,"gold_gain":0,"player_choice":"Take Damage","damage_taken":17,"relics_obtained":["Golden Idol"],"max_hp_gain":0,"max_hp_loss":0,"event_name":"Golden Idol","floor":6,"gold_loss":0},{"damage_healed":0,"gold_gain":99,"player_choice":"Stole From Cult","damage_taken":0,"max_hp_gain":0,"max_hp_loss":0,"event_name":"Nest","floor":20,"gold_loss":0},{"damage_healed":0,"gold_gain":0,"player_choice":"Fight","damage_taken":0,"max_hp_gain":0,"max_hp_loss":0,"event_name":"Colosseum","floor":22,"gold_loss":0},{"damage_healed":0,"gold_gain":0,"player_choice":"Fought Nobs","damage_taken":0,"max_hp_gain":0,"max_hp_loss":0,"event_name":"Colosseum","floor":22,"gold_loss":0},{"cards_removed":["Escape Plan"],"damage_healed":0,"gold_gain":0,"player_choice":"Gave Gold","damage_taken":0,"max_hp_gain":0,"max_hp_loss":0,"event_name":"Beggar","floor":23,"gold_loss":75},{"damage_healed":0,"gold_gain":0,"player_choice":"Gave Idol","damage_taken":0,"relics_obtained":["Bloody Idol"],"max_hp_gain":0,"max_hp_loss":0,"event_name":"Forgotten Altar","floor":27,"relics_lost":["Golden Idol"],"gold_loss":0},{"damage_healed":0,"gold_gain":0,"player_choice":"Fight","damage_taken":0,"max_hp_gain":0,"max_hp_loss":0,"event_name":"MindBloom","floor":36,"gold_loss":0},{"damage_healed":0,"gold_gain":0,"player_choice":"Ignored","damage_taken":0,"max_hp_gain":0,"max_hp_loss":0,"event_name":"Mysterious Sphere","floor":37,"gold_loss":0},{"cards_removed":["Tactician"],"damage_healed":0,"gold_gain":0,"player_choice":"Removed Skill","damage_taken":0,"max_hp_gain":0,"max_hp_loss":0,"event_name":"Falling","floor":39,"gold_loss":0},{"damage_healed":0,"gold_gain":0,"player_choice":"Memory 1","damage_taken":0,"max_hp_gain":0,"max_hp_loss":0,"event_name":"SensoryStone","floor":47,"gold_loss":0}],"is_beta":false,"boss_relics":[{"not_picked":["White Beast Statue","Astrolabe"],"picked":"Pandora\u0027s Box"},{"not_picked":["Ring of the Serpent","Snecko Eye"],"picked":"Tiny House"}],"items_purged_floors":[],"is_endless":false,"potions_floor_spawned":[1,8,21,22,40,45,48],"ascension_level":0}