{"gold_per_floor":[216,41,56,56,75,104,104,117,185,218,218,11,11,26,26,150,150,119,119,119,143,157,157,198,198,269,284,209,209,209,28,28,154,154,178,238,261,261,285,285,560,560,584,600,2,2,21,45,45,45],"floor_reached":51,"playtime":3272,"items_purged":["Regret"],"score":1220,"play_id":"17202f2c-53f6-4f52-9105-e615a5d99e41","local_time":"20190507172902","is_ascension_mode":true,"campfire_choices":[{"floor":7.0,"key":"REST"},{"floor":15.0,"key":"REST"},{"data":"Creative AI","floor":23.0,"key":"SMITH"},{"data":"Defragment","floor":25.0,"key":"SMITH"},{"floor":30.0,"key":"REST"},{"floor":32.0,"key":"REST"},{"floor":40,"key":"REST"},{"data":"Zap","floor":42,"key":"SMITH"},{"data":"Dualcast","floor":46,"key":"SMITH"},{"data":"White Noise","floor":49,"key":"SMITH"}],"neow_cost":"NONE","seed_source_timestamp":0,"circlet_count":0,"master_deck":["AscendersBane","Strike_B+1","Strike_B+1","Strike_B+1","Strike_B+1","Defend_B+1","Defend_B+1","Defend_B+1","Defend_B+1","Zap+1","Dualcast+1","Sweeping Beam","Gash","Glacier","Genetic Algorithm","Rebound","Amplify","Self Repair+1","White Noise+1","Gash","Genetic Algorithm","Cold Snap","Creative AI+1","Turbo","Gash","Hologram+1","Defragment+1","Barrage+1","White Noise","All For One+1","Gash+1","Lockon+1","Go for the Eyes+1","Dramatic Entrance+1","Blind","Discovery","Glacier","Glacier","Dark Shackles","Capacitor","Rip and Tear+1","Cold Snap+1"],"special_seed":0,"relics":["FrozenCore","DataDisk","Mango","Mummified Hand","Bag of Preparation","Golden Idol","ClockworkSouvenir","Inserter","Bird Faced Urn","Molten Egg 2","Happy Flower","Thread and Needle","Potion Belt","Boot","HandDrill"],"potions_floor_usage":[39,50],"damage_taken":[{"damage":14.0,"enemies":"Small Slimes","floor":1.0,"turns":5.0},{"damage":6.0,"enemies":"Cultist","floor":3.0,"turns":3.0},{"damage":6.0,"enemies":"Jaw Worm","floor":5.0,"turns":3.0},{"damage":37.0,"enemies":"Gremlin Nob","floor":6.0,"turns":5.0},{"damage":18.0,"enemies":"Red Slaver","floor":8.0,"turns":4.0},{"damage":25.0,"enemies":"3 Sentries","floor":10.0,"turns":4.0},{"damage":21.0,"enemies":"Blue Slaver","floor":14.0,"turns":3.0},{"damage":28.0,"enemies":"The Guardian","floor":16.0,"turns":15.0},{"damage":54.0,"enemies":"2 Thieves","floor":18.0,"turns":5.0},{"damage":0.0,"enemies":"Spheric Guardian","floor":21.0,"turns":3.0},{"damage":10.0,"enemies":"3 Cultists","floor":22.0,"turns":5.0},{"damage":47.0,"enemies":"Gremlin Leader","floor":24.0,"turns":10.0},{"damage":39.0,"enemies":"Sentry and Sphere","floor":27.0,"turns":6.0},{"damage":0.0,"enemies":"Champ","floor":33.0,"turns":9.0},{"damage":26.0,"enemies":"3 Darklings","floor":35.0,"turns":4.0},{"damage":78.0,"enemies":"2 Orb Walkers","floor":36.0,"turns":8.0},{"damage":0,"enemies":"Orb Walker","floor":37,"turns":5},{"damage":14,"enemies":"Transient","floor":39,"turns":5},{"damage":30,"enemies":"Jaw Worm Horde","floor":44,"turns":5},{"damage":9,"enemies":"4 Shapes","floor":47,"turns":6},{"damage":8,"enemies":"Writhing Mass","floor":48,"turns":6},{"damage":17,"enemies":"Time Eater","floor":50,"turns":14}],"seed_played":"-4523983633974660354","potions_obtained":[{"floor":1.0,"key":"Strength Potion"},{"floor":3.0,"key":"SpeedPotion"},{"floor":8.0,"key":"FairyPotion"},{"floor":18.0,"key":"Swift Potion"},{"floor":33.0,"key":"Poison Potion"}],"is_trial":false,"path_per_floor":["M","$","M","?","M","E","R","M","T","E","?","$","?","M","R","B",null,"M","?","?","M","M","R","E","R","T","M","?","?","R","$","R","B",null,"M","?","M","?","M","R","?","R","T","M","$","R","M","M","R","B",null],"character_chosen":"DEFECT","items_purchased":["DataDisk","Gash","ClockworkSouvenir","Happy Flower","White Noise","Dark Shackles","Boot","HandDrill","PowerPotion","Capacitor"],"campfire_rested":5,"item_purchase_floors":[2,2,12,31,31,45,45,45,45,45],"current_hp_per_floor":[54,54,48,48,42,26,52,41,41,23,23,23,23,12,38,20,72,38,67,67,77,77,77,40,40,40,25,25,25,51,51,77,89,89,77,21,37,27,43,69,69,69,69,53,53,53,60,74,74,89],"gold":45,"neow_bonus":"HUNDRED_GOLD","is_prod":false,"is_daily":false,"chose_seed":false,"campfire_upgraded":5,"win_rate":0,"timestamp":1557275342,"path_taken":["M","$","M","?","?","E","R","M","T","E","?","$","?","M","R","BOSS","M","?","?","M","?","R","E","R","T","?","?","?","R","$","R","BOSS","M","?","M","?","M","R","?","R","T","M","$","R","M","M","R","BOSS"],"build_version":"2019-01-23","purchased_purges":1,"victory":true,"max_hp_per_floor":[75,75,75,75,75,89,89,89,89,89,89,89,89,89,89,89,89,89,89,89,89,89,89,89,89,89,89,89,89,89,89,89,89,89,89,89,89,89,89,89,89,89,89,89,89,89,89,89,89,89],"card_choices":[{"not_picked":["Redo","Turbo"],"picked":"Sweeping Beam","floor":1.0},{"not_picked":["Sweeping Beam","Fusion"],"picked":"Glacier","floor":3.0},{"not_picked":["Steam","Gash"],"picked":"Self Repair","floor":5.0},{"not_picked":["Conserve Battery","Barrage"],"picked":"White Noise","floor":6.0},{"not_picked":["Doom and Gloom","Hologram"],"picked":"Gash","floor":8.0},{"not_picked":["Skim","Amplify"],"picked":"Genetic Algorithm","floor":10.0},{"not_picked":["Streamline","Redo"],"picked":"Cold Snap","floor":14.0},{"not_picked":["Machine Learning","Electrodynamics"],"picked":"Creative AI","floor":16.0},{"not_picked":["Coolheaded","Blizzard"],"picked":"Turbo","floor":18.0},{"not_picked":["Barrage","Leap"],"picked":"Gash","floor":21.0},{"not_picked":["Reinforced Body","Compile Driver+1"],"picked":"Hologram+1","floor":22.0},{"not_picked":["Steam","Sweeping Beam"],"picked":"Defragment","floor":24.0},{"not_picked":["Redo","Streamline+1"],"picked":"Barrage+1","floor":27.0},{"not_picked":["Core Surge+1","Hyperbeam+1"],"picked":"All For One+1","floor":33.0},{"not_picked":["Ball Lightning+1","Turbo+1"],"picked":"Gash+1","floor":35.0},{"not_picked":["Leap+1","Redo"],"picked":"Lockon+1","floor":36.0},{"not_picked":["Heatsinks+1","Compile Driver+1"],"picked":"Go for the Eyes+1","floor":37},{"not_picked":["Magnetism","Secret Weapon"],"picked":"Dramatic Entrance+1","floor":38},{"not_picked":["Dramatic Entrance+1","Mayhem"],"picked":"Blind","floor":38},{"not_picked":["Transmutation","Dramatic Entrance+1"],"picked":"Discovery","floor":38},{"not_picked":["Stack","Conserve Battery"],"picked":"Glacier","floor":39},{"not_picked":["Self Repair","Leap"],"picked":"Glacier","floor":44},{"not_picked":["Coolheaded","Fusion+1"],"picked":"Rip and Tear+1","floor":47},{"not_picked":["Recycle+1","Steam"],"picked":"Cold Snap+1","floor":48}],"player_experience":612383,"relics_obtained":[{"floor":6.0,"key":"Mango"},{"floor":9.0,"key":"Mummified Hand"},{"floor":10.0,"key":"Bag of Preparation"},{"floor":24.0,"key":"Bird Faced Urn"},{"floor":26.0,"key":"Molten Egg 2"},{"floor":36.0,"key":"Thread and Needle"},{"floor":43,"key":"Potion Belt"}],"event_choices":[{"damage_healed":0.0,"max_hp_gain":0.0,"max_hp_loss":0.0,"gold_gain":0.0,"event_name":"Match and Keep!","player_choice":"3 cards matched","floor":4.0,"gold_loss":0.0,"damage_taken":0.0,"cards_obtained":["Genetic Algorithm","Rebound","Amplify"]},{"damage_healed":0.0,"max_hp_gain":0.0,"max_hp_loss":0.0,"gold_gain":0.0,"event_name":"Golden Idol","player_choice":"Take Wound","floor":11.0,"gold_loss":0.0,"damage_taken":0.0,"relics_obtained":["Golden Idol"],"cards_obtained":["Injury"]},{"damage_healed":0.0,"max_hp_gain":0.0,"max_hp_loss":0.0,"gold_gain":0.0,"event_name":"Accursed Blacksmith","player_choice":"Forge","floor":13.0,"gold_loss":0.0,"damage_taken":0.0,"cards_upgraded":["Self Repair"]},{"damage_healed":29.0,"max_hp_gain":0.0,"max_hp_loss":0.0,"gold_gain":0.0,"event_name":"The Library","player_choice":"Heal","floor":19.0,"gold_loss":0.0,"damage_taken":0.0},{"damage_healed":0.0,"max_hp_gain":0.0,"max_hp_loss":0.0,"gold_gain":0.0,"event_name":"Back to Basics","player_choice":"Simplicity","floor":20.0,"gold_loss":0.0,"damage_taken":0.0,"cards_upgraded":["Strike_B","Strike_B","Strike_B","Strike_B","Defend_B","Defend_B","Defend_B","Defend_B"]},{"cards_removed":["Injury"],"damage_healed":0.0,"max_hp_gain":0.0,"max_hp_loss":0.0,"gold_gain":0.0,"event_name":"Beggar","player_choice":"Gave Gold","floor":28.0,"gold_loss":75.0,"damage_taken":0.0},{"damage_healed":0.0,"max_hp_gain":0.0,"max_hp_loss":0.0,"gold_gain":0.0,"event_name":"Ghosts","player_choice":"Ignored","floor":29.0,"gold_loss":0.0,"damage_taken":0.0},{"damage_healed":0.0,"max_hp_gain":0.0,"max_hp_loss":0.0,"gold_gain":0.0,"event_name":"Mysterious Sphere","player_choice":"Fight","floor":36.0,"gold_loss":0.0,"damage_taken":0.0},{"damage_healed":0,"gold_gain":0,"player_choice":"Memory 3","damage_taken":10,"max_hp_gain":0,"max_hp_loss":0,"event_name":"SensoryStone","floor":38,"gold_loss":0},{"damage_healed":0,"gold_gain":275,"player_choice":"Desecrate","damage_taken":0,"max_hp_gain":0,"max_hp_loss":0,"event_name":"Golden Shrine","floor":41,"gold_loss":0,"cards_obtained":["Regret"]}],"is_beta":false,"boss_relics":[{"not_picked":["Lizard Tail","Empty Cage"],"picked":"Inserter"},{"not_picked":["Pandora\u0027s Box","Runic Dome"],"picked":"FrozenCore"}],"items_purged_floors":[45],"is_endless":false,"potions_floor_spawned":[1,3,8,18,21,22,33,35,37],"ascension_level":12}