{"path_per_floor":["M","M","?","$","?","R","M","?","T","R","M","?","M","M","R","B",null,"M","M","$","M","$","R","?","R","T","?","M","M","M","?","R"],"character_chosen":"THE_SILENT","items_purchased":["Cloak And Dagger","Madness"],"gold_per_floor":[111,123,123,25,25,25,36,111,135,135,154,104,120,139,139,244,244,262,277,83,95,95,95,95,95,174,89,103,118,138,138,138,138],"floor_reached":33,"campfire_rested":2,"playtime":2948,"current_hp_per_floor":[60,53,40,40,45,45,45,34,41,41,37,37,37,30,30,16,75,59,28,28,1,1,23,23,38,38,38,28,19,19,19,19,0],"items_purged":["Strike_G","Strike_G"],"gold":138,"score":276,"play_id":"6e94a77a-59bd-4a3e-b381-42a144f026be","local_time":"20180510162620","is_prod":false,"is_daily":false,"chose_seed":false,"is_ascension_mode":true,"campfire_upgraded":4,"timestamp":1525940780,"path_taken":["M","M","?","$","?","R","?","?","T","R","M","?","?","M","R","BOSS","M","M","$","M","$","R","?","R","T","?","M","M","?","?","R","BOSS"],"build_version":"2018-05-03","seed_source_timestamp":2184516196126278,"purchased_purges":2,"victory":false,"master_deck":["Defend_G","Defend_G+1","Defend_G","Defend_G","Survivor","Neutralize+1","Storm of Steel+1","Dagger Throw","Cloak And Dagger+1","Acrobatics","Underhanded Strike","Acrobatics+1","Tools of the Trade+1","Infinite Blades","Madness","Dagger Throw","Bite","Bite","Bite","Bite","Bite","Reflex+1","Eviscerate"],"max_hp_per_floor":[63,63,63,63,68,68,68,68,75,75,75,75,75,75,75,75,75,75,75,75,75,75,75,52,52,52,52,52,52,52,52,52,52],"relics":["Ring of the Snake","Strawberry","Philosopher\u0027s Stone","Mummified Hand","Pen Nib"],"card_choices":[{"not_picked":["After Image","Wraith Form v2"],"picked":"Storm of Steel","floor":0},{"not_picked":["Dash","Deflect"],"picked":"Dagger Throw","floor":2},{"not_picked":["Storm of Steel","Flechettes"],"picked":"Acrobatics","floor":11},{"not_picked":["Concentrate","Footwork"],"picked":"Underhanded Strike","floor":13},{"not_picked":["Dagger Throw","Predator"],"picked":"Acrobatics","floor":14},{"not_picked":["Wraith Form v2","Grand Finale"],"picked":"Tools of the Trade","floor":16},{"not_picked":["Bane","Quick Slash"],"picked":"Infinite Blades","floor":19},{"not_picked":["Slice","Expertise"],"picked":"Dagger Throw","floor":21},{"not_picked":["Dagger Spray","Outmaneuver"],"picked":"Reflex","floor":28},{"not_picked":["Terror","Deadly Poison"],"picked":"Eviscerate","floor":29}],"player_experience":148204,"potions_floor_usage":[16,16,21,28,30],"damage_taken":[{"damage":3,"enemies":"Jaw Worm","floor":1,"turns":3},{"damage":7,"enemies":"Small Slimes","floor":2,"turns":3},{"damage":0,"enemies":"Cultist","floor":7,"turns":2},{"damage":4,"enemies":"Blue Slaver","floor":11,"turns":3},{"damage":0,"enemies":"Large Slime","floor":13,"turns":4},{"damage":7,"enemies":"Exordium Thugs","floor":14,"turns":3},{"damage":14,"enemies":"The Guardian","floor":16,"turns":13},{"damage":16,"enemies":"Shell Parasite","floor":18,"turns":4},{"damage":31,"enemies":"2 Thieves","floor":19,"turns":3},{"damage":27,"enemies":"Snake Plant","floor":21,"turns":5},{"damage":22,"enemies":"Chosen and Byrds","floor":28,"turns":5},{"damage":19,"enemies":"Snecko","floor":29,"turns":5},{"damage":8,"enemies":"3 Cultists","floor":30,"turns":3},{"damage":29,"enemies":"Collector","floor":33,"turns":2}],"event_choices":[{"event_name":"Shining Light","player_choice":"Entered Light","floor":3,"damage_taken":0},{"event_name":"Big Fish","player_choice":"Donut","floor":5,"damage_taken":0},{"event_name":"World of Goop","player_choice":"Gather Gold","floor":8,"damage_taken":0},{"event_name":"The Cleric","player_choice":"Card Removal","floor":12,"damage_taken":0},{"event_name":"Vampires","player_choice":"Became a vampire","floor":24,"damage_taken":0},{"event_name":"Addict","player_choice":"Obtained Relic","floor":27,"damage_taken":0},{"event_name":"Back to Basics","player_choice":"Elegance","floor":31,"damage_taken":0}],"boss_relics":[{"not_picked":["Ectoplasm","Velvet Choker"],"picked":"Philosopher\u0027s Stone"}],"potions_floor_spawned":[7,11,13,21,28],"seed_played":"-3506770163984311024","killed_by":"Collector","ascension_level":1,"is_trial":false}