{"gold_per_floor":[115,172,192,43,60,60,91,110,133,186,200,200,226,226,226,321,321,332,385,38,56,56,56,83,83,83,110,121,121],"floor_reached":29,"playtime":1298,"items_purged":["Strike_G","Strike_G"],"score":386,"play_id":"05358aab-e083-4bb4-abcb-bc78017de85a","local_time":"20190508140247","is_ascension_mode":true,"campfire_choices":[{"data":"Corpse Explosion","floor":6,"key":"SMITH"},{"data":"Well Laid Plans","floor":12,"key":"SMITH"},{"data":"Blur","floor":15,"key":"SMITH"},{"data":"Dagger Spray","floor":23,"key":"SMITH"},{"floor":25,"key":"REST"}],"neow_cost":"NONE","seed_source_timestamp":66506954367200,"circlet_count":0,"master_deck":["Defend_G","Defend_G","Defend_G","Defend_G","Defend_G","Strike_G","Strike_G","Strike_G","Survivor","Neutralize+1","Escape Plan","Blur+1","Corpse Explosion+1","Infinite Blades","Well Laid Plans+1","Die Die Die","After Image","Acrobatics","Dagger Spray+1","Bane+1","Footwork","Calculated Gamble","Reflex","Sucker Punch+1"],"relics":["Ring of the Snake","NeowsBlessing","Tiny Chest","Omamori","Lantern","Dream Catcher","Juzu Bracelet","WristBlade","Potion Belt","Sling","Ancient Tea Set","Du-Vu Doll","Tough Bandages"],"potions_floor_usage":[7,7,16,29],"damage_taken":[{"damage":0,"enemies":"Cultist","floor":1,"turns":1},{"damage":0,"enemies":"Jaw Worm","floor":3,"turns":1},{"damage":0,"enemies":"Small Slimes","floor":5,"turns":1},{"damage":0,"enemies":"3 Sentries","floor":7,"turns":3},{"damage":4,"enemies":"Red Slaver","floor":8,"turns":4},{"damage":0,"enemies":"3 Louse","floor":11,"turns":1},{"damage":0,"enemies":"The Guardian","floor":16,"turns":14},{"damage":15,"enemies":"Spheric Guardian","floor":18,"turns":9},{"damage":0,"enemies":"3 Byrds","floor":21,"turns":3},{"damage":21,"enemies":"Slavers","floor":24,"turns":3},{"damage":38,"enemies":"Book of Stabbing","floor":27,"turns":6},{"damage":0,"enemies":"Snecko","floor":28,"turns":5},{"damage":22,"enemies":"Gremlin Leader","floor":29,"turns":2}],"seed_played":"-5615838919549625503","potions_obtained":[{"floor":1,"key":"Fire Potion"},{"floor":5,"key":"Swift Potion"},{"floor":11,"key":"Fire Potion"},{"floor":28,"key":"Ancient Potion"}],"is_trial":false,"path_per_floor":["M","T","M","$","M","R","E","M","T","T","M","R","T","?","R","B",null,"M","T","$","M","?","R","E","R","T","E","M","E"],"character_chosen":"THE_SILENT","items_purchased":["Corpse Explosion","Sling","Dagger Spray"],"campfire_rested":1,"item_purchase_floors":[4,20,20],"current_hp_per_floor":[70,70,70,70,70,70,70,66,66,66,66,66,66,66,66,66,70,55,55,55,55,55,55,34,55,55,17,17,0],"gold":121,"neow_bonus":"THREE_ENEMY_KILL","is_prod":false,"is_daily":false,"chose_seed":false,"campfire_upgraded":4,"win_rate":0,"timestamp":1557342167,"path_taken":["M","?","M","$","M","R","E","M","T","?","M","R","?","?","R","BOSS","M","?","$","M","?","R","E","R","T","E","M","E"],"build_version":"2019-01-23","purchased_purges":2,"victory":false,"max_hp_per_floor":[70,70,70,70,70,70,70,70,70,70,70,70,70,70,70,70,70,70,70,70,70,70,70,70,70,70,70,70,70],"card_choices":[{"not_picked":["PiercingWail","Blur"],"picked":"Escape Plan","floor":1},{"not_picked":["Sucker Punch","Expertise"],"picked":"Blur","floor":3},{"not_picked":["Quick Slash","Sucker Punch"],"picked":"Infinite Blades","floor":5},{"not_picked":["Quick Slash","Deadly Poison"],"picked":"Well Laid Plans","floor":7},{"not_picked":["Deadly Poison","Sucker Punch"],"picked":"Die Die Die","floor":8},{"not_picked":["PiercingWail","Riddle With Holes","Prepared"],"picked":"SKIP","floor":11},{"not_picked":["Grand Finale","Envenom"],"picked":"After Image","floor":16},{"not_picked":["Underhanded Strike","Outmaneuver"],"picked":"Acrobatics","floor":18},{"not_picked":["Skewer","Quick Slash"],"picked":"Bane+1","floor":21},{"not_picked":["Slice+1","Tools of the Trade"],"picked":"Footwork","floor":24},{"not_picked":["Acrobatics+1","Masterful Stab"],"picked":"Calculated Gamble","floor":25},{"not_picked":["Slice","Dagger Spray"],"picked":"Reflex","floor":27},{"not_picked":["Blade Dance+1","Dagger Spray"],"picked":"Sucker Punch+1","floor":28}],"player_experience":231347,"relics_obtained":[{"floor":2,"key":"Tiny Chest"},{"floor":7,"key":"Omamori"},{"floor":9,"key":"Lantern"},{"floor":10,"key":"Dream Catcher"},{"floor":13,"key":"Juzu Bracelet"},{"floor":19,"key":"Potion Belt"},{"floor":24,"key":"Ancient Tea Set"},{"floor":26,"key":"Du-Vu Doll"},{"floor":27,"key":"Tough Bandages"}],"event_choices":[{"damage_healed":0,"gold_gain":0,"player_choice":"Upgraded","damage_taken":0,"max_hp_gain":0,"max_hp_loss":0,"event_name":"Upgrade Shrine","floor":14,"gold_loss":0,"cards_upgraded":["Neutralize"]},{"damage_healed":0,"gold_gain":0,"player_choice":"Ignored","damage_taken":0,"max_hp_gain":0,"max_hp_loss":0,"event_name":"Ghosts","floor":22,"gold_loss":0}],"is_beta":false,"boss_relics":[{"not_picked":["Ectoplasm","Philosopher\u0027s Stone"],"picked":"WristBlade"}],"items_purged_floors":[4,20],"is_endless":false,"potions_floor_spawned":[1,5,11,28],"killed_by":"Gremlin Leader","ascension_level":3}