{"gold_per_floor":[118,135,310,15,15,15,42,53,100,114,130,130],"floor_reached":12,"playtime":770,"items_purged":[],"score":80,"play_id":"700039c6-8294-4e85-ae1b-dbd13c8f426c","local_time":"20181230052910","is_ascension_mode":false,"campfire_choices":[{"floor":6,"key":"REST"}],"neow_cost":"NONE","seed_source_timestamp":138675793445702,"circlet_count":0,"master_deck":["Strike_B+1","Strike_B","Strike_B","Strike_B+1","Defend_B","Defend_B","Defend_B","Defend_B","Zap","Dualcast","White Noise","Loop","Doubt","Static Discharge","Sweeping Beam","Lockon","Heatsinks"],"relics":["Cracked Core","Pen Nib","Blood Vial","Oddly Smooth Stone","Whetstone","Strawberry"],"potions_floor_usage":[12,12],"damage_taken":[{"damage":4,"enemies":"Cultist","floor":1,"turns":4},{"damage":15,"enemies":"Jaw Worm","floor":2,"turns":4},{"damage":38,"enemies":"3 Sentries","floor":7,"turns":10},{"damage":15,"enemies":"Small Slimes","floor":8,"turns":2},{"damage":6,"enemies":"Exordium Wildlife","floor":10,"turns":4},{"damage":18,"enemies":"Blue Slaver","floor":11,"turns":3},{"damage":11,"enemies":"Red Slaver","floor":12,"turns":2}],"seed_played":"6417514503217279367","potions_obtained":[{"floor":2,"key":"Poison Potion"},{"floor":7,"key":"Dexterity Potion"},{"floor":10,"key":"EssenceOfSteel"}],"is_trial":false,"path_per_floor":["M","M","?","$","?","R","E","M","T","M","M","M"],"character_chosen":"DEFECT","items_purchased":["Pen Nib","Blood Vial"],"campfire_rested":1,"item_purchase_floors":[4,4],"current_hp_per_floor":[78,63,63,63,45,69,33,20,27,23,7,0],"gold":130,"neow_bonus":"TEN_PERCENT_HP_BONUS","is_prod":false,"is_daily":false,"chose_seed":false,"campfire_upgraded":0,"win_rate":0.0,"timestamp":1546176550,"path_taken":["M","?","?","$","?","R","E","M","T","M","M","M"],"build_version":"2018-12-20","purchased_purges":0,"victory":false,"max_hp_per_floor":[82,82,82,82,82,82,82,82,89,89,89,89],"card_choices":[{"not_picked":["Ball Lightning","Redo"],"picked":"White Noise","floor":1},{"not_picked":["Barrage","Ball Lightning"],"picked":"Loop","floor":2},{"not_picked":["Reprogram","Tempest"],"picked":"Static Discharge","floor":7},{"not_picked":["Glacier","Blizzard"],"picked":"Sweeping Beam","floor":8},{"not_picked":["Beam Cell","White Noise"],"picked":"Lockon","floor":10},{"not_picked":["White Noise","Force Field"],"picked":"Heatsinks","floor":11}],"player_experience":164948,"relics_obtained":[{"floor":7,"key":"Whetstone"},{"floor":9,"key":"Strawberry"}],"event_choices":[{"damage_healed":0,"gold_gain":175,"player_choice":"AGREE","damage_taken":0,"max_hp_gain":0,"max_hp_loss":0,"event_name":"Liars Game","floor":3,"gold_loss":0,"cards_obtained":["Doubt"]},{"damage_healed":0,"gold_gain":0,"player_choice":"Success","damage_taken":18,"relics_obtained":["Oddly Smooth Stone"],"max_hp_gain":0,"max_hp_loss":0,"event_name":"Scrap Ooze","floor":5,"gold_loss":0}],"is_beta":false,"boss_relics":[],"items_purged_floors":[],"is_endless":false,"potions_floor_spawned":[2,7,10,11],"killed_by":"Red Slaver","ascension_level":0}