{"gold_per_floor":[113,188,188,201,213,242,257,257,257,275,287,287,287,312,312,312],"floor_reached":16,"playtime":645,"items_purged":[],"score":134,"play_id":"00414290-9148-41e0-ad35-b20588fa3ed4","local_time":"20190409004009","is_ascension_mode":true,"campfire_choices":[{"data":"Defragment","floor":8,"key":"SMITH"},{"floor":12,"key":"REST"},{"floor":15,"key":"REST"}],"neow_cost":"NONE","seed_source_timestamp":34745745519461,"circlet_count":0,"master_deck":["Strike_B","Strike_B","Strike_B","Strike_B","Defend_B","Defend_B","Defend_B","Defend_B","Zap+1","Dualcast+1","Conserve Battery","Defragment+1","Auto Shields","Seek","Sweeping Beam","Redo","Beam Cell","Turbo"],"relics":["Cracked Core","NeowsBlessing","War Paint","Dodecahedron","Bag of Marbles","Calipers"],"potions_floor_usage":[6,6],"damage_taken":[{"damage":0,"enemies":"2 Louse","floor":1,"turns":1},{"damage":0,"enemies":"Jaw Worm","floor":4,"turns":1},{"damage":0,"enemies":"Cultist","floor":5,"turns":1},{"damage":10,"enemies":"Lagavulin","floor":6,"turns":6},{"damage":1,"enemies":"Exordium Wildlife","floor":7,"turns":5},{"damage":11,"enemies":"Looter","floor":10,"turns":2},{"damage":0,"enemies":"Blue Slaver","floor":11,"turns":2},{"damage":31,"enemies":"Gremlin Nob","floor":14,"turns":4},{"damage":26,"enemies":"The Guardian","floor":16,"turns":9}],"seed_played":"7284788543377052057","potions_obtained":[{"floor":1,"key":"Explosive Potion"},{"floor":5,"key":"AttackPotion"},{"floor":14,"key":"Ancient Potion"}],"is_trial":false,"path_per_floor":["M","?","?","M","M","E","M","R","T","M","M","R","?","E","R","B"],"character_chosen":"DEFECT","items_purchased":[],"campfire_rested":2,"item_purchase_floors":[],"current_hp_per_floor":[75,64,39,39,39,29,28,28,28,17,17,39,32,1,23,0],"gold":312,"neow_bonus":"THREE_ENEMY_KILL","is_prod":false,"is_daily":false,"chose_seed":false,"campfire_upgraded":1,"win_rate":0,"timestamp":1554784809,"path_taken":["M","?","?","M","?","E","M","R","T","M","M","R","?","E","R","BOSS"],"build_version":"2019-01-23","purchased_purges":0,"victory":false,"max_hp_per_floor":[75,75,75,75,75,75,75,75,75,75,75,75,75,75,75,75],"card_choices":[{"not_picked":["Tempest","Heatsinks"],"picked":"Conserve Battery","floor":1},{"not_picked":["Redo","Sweeping Beam"],"picked":"Defragment","floor":4},{"not_picked":["Sweeping Beam","Chill"],"picked":"Auto Shields","floor":5},{"not_picked":["Undo","Ball Lightning"],"picked":"Seek","floor":6},{"not_picked":["Barrage","Force Field"],"picked":"Sweeping Beam","floor":7},{"not_picked":["Steam Power","Blizzard"],"picked":"Redo","floor":10},{"not_picked":["Compile Driver","Cold Snap"],"picked":"Beam Cell","floor":11},{"not_picked":["Rebound","Capacitor"],"picked":"Turbo","floor":14}],"player_experience":218199,"relics_obtained":[{"floor":6,"key":"Dodecahedron"},{"floor":9,"key":"Bag of Marbles"},{"floor":14,"key":"Calipers"}],"event_choices":[{"damage_healed":0,"gold_gain":75,"player_choice":"Gather Gold","damage_taken":11,"max_hp_gain":0,"max_hp_loss":0,"event_name":"World of Goop","floor":2,"gold_loss":0},{"damage_healed":0,"gold_gain":0,"player_choice":"Success","damage_taken":25,"relics_obtained":["War Paint"],"max_hp_gain":0,"max_hp_loss":0,"event_name":"Scrap Ooze","floor":3,"gold_loss":0},{"damage_healed":0,"gold_gain":0,"player_choice":"Damaged","damage_taken":7,"max_hp_gain":0,"max_hp_loss":0,"event_name":"Wheel of Change","floor":13,"gold_loss":0}],"is_beta":false,"boss_relics":[],"items_purged_floors":[],"is_endless":false,"potions_floor_spawned":[1,5,14],"killed_by":"The Guardian","ascension_level":4}