{"gold_per_floor":[117,128,143,43,60,60,89,164,164,164,179,506,506,506],"floor_reached":14,"playtime":439,"items_purged":["Strike_R"],"score":175,"play_id":"872f604d-426e-48a3-a710-d19848f0cac5","local_time":"20190405215116","is_ascension_mode":true,"campfire_choices":[{"data":"Armaments","floor":6.0,"key":"SMITH"},{"floor":10.0,"key":"REST"}],"neow_cost":"PERCENT_DAMAGE","seed_source_timestamp":0,"circlet_count":0,"master_deck":["AscendersBane","Strike_R","Strike_R","Defend_R","Defend_R","Defend_R","Defend_R","Bash","Spot Weakness","Searing Blow+1","Armaments+1","True Grit","Evolve+1"],"special_seed":0,"relics":["Burning Blood","Dream Catcher","Frozen Egg 2","Old Coin"],"potions_floor_usage":[],"damage_taken":[{"damage":7.0,"enemies":"Small Slimes","floor":1.0,"turns":3.0},{"damage":7.0,"enemies":"Jaw Worm","floor":2.0,"turns":3.0},{"damage":10.0,"enemies":"2 Louse","floor":3.0,"turns":5.0},{"damage":21.0,"enemies":"Lots of Slimes","floor":5.0,"turns":6.0},{"damage":31.0,"enemies":"Lagavulin","floor":7.0,"turns":9.0},{"damage":7.0,"enemies":"Large Slime","floor":11.0,"turns":9.0},{"damage":28.0,"enemies":"3 Sentries","floor":12.0,"turns":9.0},{"damage":0,"enemies":"Gremlin Gang","floor":14,"turns":1}],"seed_played":"-2058152693159791174","potions_obtained":[{"floor":1.0,"key":"Energy Potion"},{"floor":5.0,"key":"Regen Potion"},{"floor":11.0,"key":"Explosive Potion"}],"is_trial":false,"path_per_floor":["M","M","M","$","M","R","E","?","T","R","M","E","?","M"],"character_chosen":"IRONCLAD","items_purchased":["True Grit"],"campfire_rested":1,"item_purchase_floors":[4],"current_hp_per_floor":[49,48,44,44,29,29,19,8,8,30,29,7,7,7],"gold":506,"neow_bonus":"TRANSFORM_TWO_CARDS","is_prod":false,"is_daily":false,"chose_seed":true,"campfire_upgraded":1,"win_rate":0,"timestamp":1554472276,"path_taken":["M","M","M","$","M","R","E","?","T","R","M","E","?","M"],"build_version":"2019-01-23","purchased_purges":1,"victory":false,"max_hp_per_floor":[75,75,75,75,75,75,75,75,75,75,75,75,75,75],"card_choices":[{"not_picked":["Sentinel","Wild Strike","Twin Strike"],"picked":"SKIP","floor":1.0},{"not_picked":["Inflame","Clash"],"picked":"Armaments","floor":2.0},{"not_picked":["Warcry","Headbutt","Whirlwind"],"picked":"SKIP","floor":3.0},{"not_picked":["Headbutt","Dropkick","Cleave"],"picked":"SKIP","floor":5.0},{"not_picked":["Wild Strike","Havoc","Warcry"],"picked":"SKIP","floor":7.0},{"not_picked":["Headbutt","Wild Strike","Blood for Blood"],"picked":"SKIP","floor":11.0},{"not_picked":["Spot Weakness","Double Tap"],"picked":"Evolve+1","floor":12.0}],"player_experience":1337709,"relics_obtained":[{"floor":7.0,"key":"Dream Catcher"},{"floor":9.0,"key":"Frozen Egg 2"},{"floor":12.0,"key":"Old Coin"}],"event_choices":[{"damage_healed":0.0,"max_hp_gain":0.0,"max_hp_loss":0.0,"gold_gain":75.0,"event_name":"World of Goop","player_choice":"Gather Gold","floor":8.0,"gold_loss":0.0,"damage_taken":11.0},{"damage_healed":0,"gold_gain":0,"player_choice":"Grow","damage_taken":0,"max_hp_gain":0,"max_hp_loss":0,"event_name":"Living Wall","floor":13,"gold_loss":0,"cards_upgraded":["Searing Blow"]}],"is_beta":false,"boss_relics":[],"items_purged_floors":[4],"is_endless":false,"potions_floor_spawned":[1,5,11],"killed_by":"Gremlin Gang","ascension_level":15}