{"gold_per_floor":[12,312,329,50,63,96,96,125,206,225,225,78,78,97,97,218,281,299,299,323,323,323],"floor_reached":22,"playtime":1002,"items_purged":["Strike_B","Strike_B"],"score":204,"play_id":"d77190d4-5ef0-4335-ba87-381d499c9fb6","local_time":"20180909173243","is_ascension_mode":true,"campfire_choices":[{"floor":7.0,"key":"REST"},{"floor":11.0,"key":"REST"},{"floor":15.0,"key":"REST"}],"neow_cost":"NO_GOLD","seed_source_timestamp":0,"circlet_count":0,"master_deck":["Strike_B","Defend_B","Defend_B","Defend_B","Defend_B","Zap","Dualcast","All For One+1","BootSequence","Gash","Hologram","Steam","Self Repair","Steam","Core Surge","Reinforced Body"],"special_seed":0,"relics":["Cracked Core","Old Coin","DataDisk","Pen Nib","Pantograph","Shuriken","Golden Idol","Tiny House"],"potions_floor_usage":[22,22,22],"damage_taken":[{"damage":1.0,"enemies":"Jaw Worm","floor":1.0,"turns":3.0},{"damage":0.0,"enemies":"2 Louse","floor":3.0,"turns":1.0},{"damage":0.0,"enemies":"Small Slimes","floor":5.0,"turns":3.0},{"damage":30.0,"enemies":"Gremlin Nob","floor":6.0,"turns":4.0},{"damage":23.0,"enemies":"3 Sentries","floor":8.0,"turns":6.0},{"damage":9.0,"enemies":"3 Louse","floor":10.0,"turns":3.0},{"damage":0.0,"enemies":"2 Fungi Beasts","floor":14.0,"turns":4.0},{"damage":47.0,"enemies":"The Guardian","floor":16.0,"turns":11.0},{"damage":9.0,"enemies":"Chosen","floor":18.0,"turns":5.0},{"damage":0.0,"enemies":"Shell Parasite","floor":20.0,"turns":5.0},{"damage":17,"enemies":"Colosseum Slavers","floor":22,"turns":5},{"damage":67,"enemies":"Colosseum Nobs","floor":22,"turns":3}],"seed_played":"-7503066827812912204","potions_obtained":[{"floor":3.0,"key":"SkillPotion"},{"floor":5.0,"key":"FearPotion"},{"floor":8.0,"key":"Swift Potion"}],"is_trial":false,"path_per_floor":["M","?","M","$","M","E","R","E","T","M","R","$","?","M","R","B",null,"M","?","M","?"],"character_chosen":"DEFECT","items_purchased":["Gash","DataDisk","Steam"],"campfire_rested":3,"item_purchase_floors":[4,4,12],"current_hp_per_floor":[74,62,62,62,62,32,54,31,31,22,44,44,44,51,69,29,74,72,72,74,74,0],"gold":323,"neow_bonus":"THREE_RARE_CARDS","is_prod":false,"is_daily":false,"chose_seed":false,"campfire_upgraded":0,"win_rate":0,"timestamp":1536507163,"path_taken":["M","?","M","$","M","E","R","E","T","M","R","$","?","M","R","BOSS","M","?","M","?","?"],"build_version":"2018-09-06","purchased_purges":2,"victory":false,"max_hp_per_floor":[75,75,75,75,75,75,75,75,75,75,75,75,69,69,69,69,74,74,74,74,74,74],"card_choices":[{"not_picked":["Amplify","Thunder Strike"],"picked":"All For One","floor":0.0},{"not_picked":["Beam Cell","Barrage"],"picked":"BootSequence","floor":1.0},{"not_picked":["Go for the Eyes","Coolheaded","Streamline"],"picked":"SKIP","floor":3.0},{"not_picked":["Stack","Hologram","Compile Driver"],"picked":"SKIP","floor":5.0},{"not_picked":["Stack","Compile Driver"],"picked":"Hologram","floor":5.0},{"not_picked":["Chill","Leap"],"picked":"Steam","floor":6.0},{"not_picked":["Conserve Battery","Blizzard"],"picked":"Self Repair","floor":8.0},{"not_picked":["Skim","Tempest","Sweeping Beam"],"picked":"SKIP","floor":10.0},{"not_picked":["Streamline","BootSequence","Turbo"],"picked":"SKIP","floor":14.0},{"not_picked":["Biased Cognition","Hyperbeam"],"picked":"Core Surge","floor":16.0},{"not_picked":["Doom and Gloom","Ball Lightning","Storm"],"picked":"SKIP","floor":18.0},{"not_picked":["FTL+1","Streamline+1"],"picked":"Reinforced Body","floor":20}],"player_experience":587558,"relics_obtained":[{"floor":6.0,"key":"Pen Nib"},{"floor":8.0,"key":"Pantograph"},{"floor":9.0,"key":"Shuriken"}],"event_choices":[{"event_name":"Scrap Ooze","player_choice":"success","floor":2.0,"damage_taken":12.0},{"event_name":"Golden Idol","player_choice":"Lose Max HP","floor":13.0,"damage_taken":0.0},{"event_name":"Vampires","player_choice":"Ignored","floor":19.0,"damage_taken":0.0},{"event_name":"Back to Basics","player_choice":"Elegance","floor":21,"damage_taken":0},{"event_name":"Colosseum","player_choice":"Fight","floor":22,"damage_taken":0},{"event_name":"Colosseum","player_choice":"Fought Nobs","floor":22,"damage_taken":0}],"is_beta":false,"boss_relics":[{"not_picked":["White Beast Statue","Orrery"],"picked":"Tiny House"}],"items_purged_floors":[4,12],"is_endless":false,"potions_floor_spawned":[3,5,8,10,16,20],"killed_by":"Colosseum Nobs","ascension_level":1}