{"gold_per_floor":[14,32,50,120,90,90,107,171,171,191,191,191,218,238,238,312,312,323,349,362,199,226,226,255,255,301,301,318,243,253,271,271,349,349,360,413,413,433,174,174,205,205,205,222,238,238,269,282,282,282,282,282,282,20,51,51],"floor_reached":57,"playtime":3354,"items_purged":["Strike_B","Hyperbeam"],"score":3134,"play_id":"f5dacfa8-e067-47a8-93aa-d709e801ebab","local_time":"20190323160256","is_ascension_mode":true,"campfire_choices":[{"data":"Zap","floor":6.0,"key":"SMITH"},{"data":"Dualcast","floor":12.0,"key":"SMITH"},{"data":"Coolheaded","floor":15.0,"key":"SMITH"},{"data":"Turbo","floor":23.0,"key":"SMITH"},{"data":"Chaos","floor":25.0,"key":"SMITH"},{"data":"Heatsinks","floor":27.0,"key":"SMITH"},{"data":"Consume","floor":32.0,"key":"SMITH"},{"data":"Double Energy","floor":40.0,"key":"SMITH"},{"data":"Amplify","floor":42.0,"key":"SMITH"},{"data":"Hologram","floor":46.0,"key":"SMITH"},{"floor":49.0,"key":"RECALL"},{"data":"Capacitor","floor":53.0,"key":"SMITH"}],"neow_cost":"NO_GOLD","seed_source_timestamp":1800761614850422,"circlet_count":0,"master_deck":["AscendersBane","Defend_B","Defend_B","Defend_B","Zap+1","Dualcast+1","Heatsinks+1","Steam","Skim","Turbo+1","Ball Lightning","Echo Form","Hologram","Coolheaded+1","Biased Cognition","Capacitor+1","Compile Driver","Capacitor+1","Chaos+1","Consume+1","Coolheaded+1","Glacier","Amplify+1","Reinforced Body+1","Double Energy+1","Skim","Hologram+1","Hologram","Glacier","Stack","Turbo+1","Defragment"],"special_seed":0,"relics":["Cracked Core","Bottled Lightning","Tiny Chest","Thread and Needle","Eternal Feather","Bag of Marbles","Bag of Preparation","Blood Vial","Centennial Puzzle","Runic Pyramid","Bird Faced Urn","ClockworkSouvenir","Bronze Scales","Pantograph","Pocketwatch","Ornamental Fan"],"potions_floor_usage":[56],"damage_taken":[{"damage":1.0,"enemies":"Cultist","floor":1.0,"turns":4.0},{"damage":7.0,"enemies":"Small Slimes","floor":2.0,"turns":2.0},{"damage":2.0,"enemies":"Jaw Worm","floor":3.0,"turns":2.0},{"damage":11.0,"enemies":"Looter","floor":7.0,"turns":3.0},{"damage":33.0,"enemies":"Gremlin Nob","floor":8.0,"turns":4.0},{"damage":5.0,"enemies":"3 Louse","floor":10.0,"turns":2.0},{"damage":24.0,"enemies":"3 Sentries","floor":13.0,"turns":5.0},{"damage":32.0,"enemies":"Large Slime","floor":14.0,"turns":6.0},{"damage":0.0,"enemies":"Hexaghost","floor":16.0,"turns":8.0},{"damage":6.0,"enemies":"Spheric Guardian","floor":18.0,"turns":4.0},{"damage":12.0,"enemies":"3 Byrds","floor":20.0,"turns":4.0},{"damage":6.0,"enemies":"Slavers","floor":24.0,"turns":2.0},{"damage":32.0,"enemies":"Snake Plant","floor":28.0,"turns":4.0},{"damage":18.0,"enemies":"Cultist and Chosen","floor":30.0,"turns":5.0},{"damage":4.0,"enemies":"Centurion and Healer","floor":31.0,"turns":8.0},{"damage":32.0,"enemies":"Champ","floor":33.0,"turns":10.0},{"damage":0.0,"enemies":"3 Darklings","floor":35.0,"turns":2.0},{"damage":18.0,"enemies":"2 Orb Walkers","floor":36.0,"turns":5.0},{"damage":0.0,"enemies":"Orb Walker","floor":38.0,"turns":5.0},{"damage":10.0,"enemies":"Nemesis","floor":41.0,"turns":7.0},{"damage":30.0,"enemies":"3 Darklings","floor":44.0,"turns":3.0},{"damage":0.0,"enemies":"Spire Growth","floor":45.0,"turns":6.0},{"damage":0.0,"enemies":"Giant Head","floor":47.0,"turns":10.0},{"damage":0.0,"enemies":"Writhing Mass","floor":48.0,"turns":6.0},{"damage":0.0,"enemies":"Time Eater","floor":50.0,"turns":15.0},{"damage":0.0,"enemies":"Awakened One","floor":51.0,"turns":17.0},{"damage":24.0,"enemies":"Shield and Spear","floor":55.0,"turns":14.0},{"damage":49,"enemies":"The Heart","floor":56,"turns":11}],"seed_played":"5383337773744533730","potions_obtained":[{"floor":5.0,"key":"Explosive Potion"},{"floor":5.0,"key":"Fruit Juice"},{"floor":7.0,"key":"Fruit Juice"},{"floor":8.0,"key":"Dexterity Potion"},{"floor":10.0,"key":"PowerPotion"},{"floor":16.0,"key":"Dexterity Potion"},{"floor":18.0,"key":"Ancient Potion"},{"floor":20.0,"key":"Energy Potion"},{"floor":28.0,"key":"Strength Potion"},{"floor":31.0,"key":"SpeedPotion"},{"floor":38.0,"key":"Block Potion"},{"floor":45.0,"key":"Strength Potion"}],"is_trial":false,"path_per_floor":["M","M","M","T","?","R","M","E","T","M","?","R","E","M","R","B",null,"M","T","M","$","T","R","E","R","T","R","M","?","M","M","R","B",null,"M","?","?","M","$","R","E","R","T","M","M","R","E","M","R","B","B",null,"R","$","E","B",null],"character_chosen":"DEFECT","items_purchased":["Capacitor","ClockworkSouvenir","Hologram","GamblersBrew","Defragment"],"campfire_rested":0,"item_purchase_floors":[21,39,39,54,54],"current_hp_per_floor":[63,56,54,54,59,59,53,20,20,15,91,91,67,35,35,35,77,71,71,59,59,59,71,65,77,77,89,59,59,43,41,53,23,74,76,60,60,72,72,87,87,91,91,63,81,91,91,91,91,91,91,91,91,91,81,58],"gold":51,"neow_bonus":"TRANSFORM_TWO_CARDS","is_prod":false,"is_daily":false,"chose_seed":false,"campfire_upgraded":11,"win_rate":0,"timestamp":1553328176,"path_taken":["M","M","?","?","?","R","M","E","T","?","?","R","E","M","R","BOSS","M","?","M","$","?","R","E","R","T","R","M","?","M","M","R","BOSS","M","?","?","M","$","R","E","R","T","M","?","R","E","M","R","BOSS","BOSS","R","$","E","BOSS"],"build_version":"2019-01-23","purchased_purges":2,"victory":true,"max_hp_per_floor":[71,71,71,71,76,76,81,81,81,81,91,91,91,91,91,91,91,91,91,91,91,91,91,91,91,91,91,91,91,91,91,91,91,91,91,91,91,91,91,91,91,91,91,91,91,91,91,91,91,91,91,91,91,91,91,91],"card_choices":[{"not_picked":["Redo","Compile Driver"],"picked":"Heatsinks","floor":1.0},{"not_picked":["Gash","Force Field"],"picked":"Steam","floor":2.0},{"not_picked":["Sweeping Beam","Turbo"],"picked":"Skim","floor":3.0},{"not_picked":["Go for the Eyes","Scrape"],"picked":"Turbo","floor":7.0},{"not_picked":["Sunder","Redo"],"picked":"Ball Lightning","floor":8.0},{"not_picked":["Cold Snap","Coolheaded"],"picked":"Echo Form","floor":10.0},{"not_picked":["Conserve Battery","Beam Cell"],"picked":"Hologram","floor":13.0},{"not_picked":["Compile Driver","Cold Snap"],"picked":"Coolheaded","floor":14.0},{"not_picked":["Hyperbeam","Reboot"],"picked":"Biased Cognition","floor":16.0},{"not_picked":["Stack","Steam"],"picked":"Capacitor+1","floor":18.0},{"not_picked":["Sweeping Beam","Steam Power"],"picked":"Compile Driver","floor":20.0},{"not_picked":["Ball Lightning","Compile Driver+1"],"picked":"Chaos","floor":24.0},{"not_picked":["Force Field","Rainbow"],"picked":"Consume","floor":28.0},{"not_picked":["Hologram","Sweeping Beam+1"],"picked":"Coolheaded+1","floor":30.0},{"not_picked":["Force Field","Rebound"],"picked":"Glacier","floor":31.0},{"not_picked":["Hyperbeam","Echo Form"],"picked":"Amplify","floor":33.0},{"not_picked":["Streamline","Cold Snap"],"picked":"Reinforced Body+1","floor":35.0},{"not_picked":["Doom and Gloom","Cold Snap+1"],"picked":"Double Energy","floor":36.0},{"not_picked":["Streamline+1","Redo"],"picked":"Skim","floor":38.0},{"not_picked":["Ball Lightning","Leap","Gash+1"],"picked":"SKIP","floor":41.0},{"not_picked":["Gash+1","Cold Snap"],"picked":"Hologram","floor":44.0},{"not_picked":["Steam Power","Hello World"],"picked":"Glacier","floor":45.0},{"not_picked":["Beam Cell","Biased Cognition"],"picked":"Stack","floor":47.0},{"not_picked":["Barrage+1","Streamline"],"picked":"Turbo+1","floor":48.0},{"not_picked":["Amplify","Coolheaded","Hologram+1"],"picked":"SKIP","floor":55.0}],"player_experience":1245248,"relics_obtained":[{"floor":4.0,"key":"Bottled Lightning"},{"floor":8.0,"key":"Tiny Chest"},{"floor":13.0,"key":"Thread and Needle"},{"floor":19.0,"key":"Bag of Marbles"},{"floor":22.0,"key":"Bag of Preparation"},{"floor":24.0,"key":"Blood Vial"},{"floor":26.0,"key":"Centennial Puzzle"},{"floor":36.0,"key":"Bird Faced Urn"},{"floor":41.0,"key":"Bronze Scales"},{"floor":43.0,"key":"Pantograph"},{"floor":47.0,"key":"Pocketwatch"},{"floor":55.0,"key":"Ornamental Fan"}],"event_choices":[{"damage_healed":0.0,"max_hp_gain":0.0,"max_hp_loss":0.0,"gold_gain":0.0,"event_name":"The Woman in Blue","player_choice":"Bought 2 Potions","floor":5.0,"gold_loss":0.0,"damage_taken":0.0},{"cards_removed":["Thunder Strike"],"damage_healed":66.0,"max_hp_gain":10.0,"max_hp_loss":0.0,"gold_gain":0.0,"event_name":"Bonfire Elementals","player_choice":"Offered Rare","floor":11.0,"gold_loss":0.0,"damage_taken":0.0},{"cards_removed":["Strike_B"],"damage_healed":0.0,"max_hp_gain":0.0,"max_hp_loss":0.0,"gold_gain":0.0,"event_name":"Beggar","player_choice":"Gave Gold","floor":29.0,"gold_loss":75.0,"damage_taken":0.0},{"damage_healed":0.0,"max_hp_gain":0.0,"max_hp_loss":0.0,"gold_gain":0.0,"event_name":"Mysterious Sphere","player_choice":"Fight","floor":36.0,"gold_loss":0.0,"damage_taken":0.0},{"cards_removed":["Defend_B"],"damage_healed":0.0,"max_hp_gain":0.0,"max_hp_loss":0.0,"gold_gain":0.0,"event_name":"Purifier","player_choice":"Purged","floor":37.0,"gold_loss":0.0,"damage_taken":0.0}],"is_beta":false,"boss_relics":[{"not_picked":["Runic Dome","Lizard Tail"],"picked":"Eternal Feather"},{"not_picked":["Black Star","Nuclear Battery"],"picked":"Runic Pyramid"}],"items_purged_floors":[21,54],"is_endless":false,"potions_floor_spawned":[7,8,10,13,14,16,18,20,28,31,36,38,45],"ascension_level":20}