{"gold_per_floor":[362,362,381,61,71,105,105,75,375,392,409,427,63,63],"floor_reached":14,"playtime":483,"items_purged":["Defend_B"],"score":129,"play_id":"34230b9f-67dd-44b3-9294-7af2e0392556","local_time":"20180818133926","is_ascension_mode":true,"campfire_choices":[],"neow_cost":"PERCENT_DAMAGE","seed_source_timestamp":141239441439589,"circlet_count":0,"master_deck":["Strike_B","Strike_B","Strike_B","Defend_B","Defend_B","Zap","Dualcast","Coolheaded","Coolheaded","Gash","Streamline","Auto Shields","Apotheosis","Gash"],"relics":["Cracked Core","Peace Pipe","Ginger","Old Coin"],"potions_floor_usage":[6,6,11,12,14,14],"damage_taken":[{"damage":0,"enemies":"2 Louse","floor":1,"turns":2},{"damage":1,"enemies":"Small Slimes","floor":3,"turns":3},{"damage":0,"enemies":"Cultist","floor":5,"turns":3},{"damage":37,"enemies":"Lagavulin","floor":6,"turns":7},{"damage":2,"enemies":"Blue Slaver","floor":10,"turns":3},{"damage":0,"enemies":"Lots of Slimes","floor":11,"turns":2},{"damage":9,"enemies":"Large Slime","floor":12,"turns":5},{"damage":1,"enemies":"Exordium Thugs","floor":14,"turns":1}],"seed_played":"6091385102903755037","potions_obtained":[{"floor":1,"key":"SkillPotion"},{"floor":3,"key":"GamblersBrew"},{"floor":8,"key":"AttackPotion"},{"floor":8,"key":"EssenceOfSteel"},{"floor":12,"key":"Swift Potion"}],"is_trial":false,"path_per_floor":["M","?","M","$","M","E","?","?","T","M","M","M","$"],"character_chosen":"DEFECT","items_purchased":["Peace Pipe","Gash","Apotheosis","Gash","Weak Potion"],"campfire_rested":0,"item_purchase_floors":[4,4,13,13,13],"current_hp_per_floor":[50,50,49,49,49,12,12,12,12,10,10,1,1,0],"gold":63,"neow_bonus":"TWO_FIFTY_GOLD","is_prod":false,"is_daily":false,"chose_seed":false,"campfire_upgraded":0,"win_rate":0,"timestamp":1534570766,"path_taken":["M","?","M","$","?","E","?","?","T","M","M","?","$","M"],"build_version":"2018-08-16","purchased_purges":1,"victory":false,"max_hp_per_floor":[75,75,75,75,75,75,75,75,75,75,75,75,75,75],"card_choices":[{"not_picked":["Storm","Redo"],"picked":"Coolheaded","floor":1},{"not_picked":["Sweeping Beam","Aggregate"],"picked":"Coolheaded","floor":3},{"not_picked":["Steam","Biased Cognition"],"picked":"Streamline","floor":5},{"not_picked":["Ball Lightning","Streamline","Thunder Strike"],"picked":"SKIP","floor":6},{"not_picked":["Turbo","Darkness"],"picked":"Auto Shields","floor":10},{"not_picked":["Barrage","Stack","Steam Power"],"picked":"SKIP","floor":11},{"not_picked":["Skim","Reprogram","Force Field"],"picked":"SKIP","floor":12}],"player_experience":343738,"relics_obtained":[{"floor":6,"key":"Ginger"},{"floor":9,"key":"Old Coin"}],"event_choices":[{"event_name":"Living Wall","player_choice":"Forget","floor":2,"damage_taken":0},{"event_name":"Bonfire Elementals","player_choice":"BASIC","floor":7,"damage_taken":0},{"event_name":"The Woman in Blue","player_choice":"Bought 2 Potions","floor":8,"damage_taken":0}],"is_beta":false,"boss_relics":[],"items_purged_floors":[13],"is_endless":false,"potions_floor_spawned":[1,3,12],"killed_by":"Exordium Thugs","ascension_level":8}