{"path_per_floor":["M","M","?","M","?","?","R","E","T","M","$","M","R","?","R","B",null,"M","$","?","M","?"],"character_chosen":"DEFECT","items_purchased":["Undo","War Paint","Capacitor"],"gold_per_floor":[109,120,197,214,214,289,289,324,369,385,120,133,133,133,133,231,231,241,95,195,214,214,214],"floor_reached":23,"campfire_rested":2,"playtime":741,"current_hp_per_floor":[62,62,62,61,61,50,50,24,24,1,1,1,23,23,45,22,62,58,58,58,35,60,0],"items_purged":["Defend_B","Strike_B"],"gold":214,"score":265,"play_id":"edd3dc94-82cb-40be-b7d1-3538ded4a7b1","local_time":"20180515072714","is_prod":false,"is_daily":false,"chose_seed":false,"is_ascension_mode":true,"campfire_upgraded":1,"timestamp":1526383634,"path_taken":["M","M","?","M","?","?","R","E","T","M","$","?","R","?","R","BOSS","M","$","?","M","?","E"],"build_version":"2018-05-14v2","seed_source_timestamp":481327381932124,"purchased_purges":2,"victory":false,"master_deck":["Strike_B","Strike_B","Defend_B+1","Defend_B","Defend_B","Zap","Dualcast","Streamline+1","Genetic Algorithm+1","Defragment","Sunder","Seek","Undo","Beam Cell","Biased Cognition","Barrage+1","Capacitor"],"max_hp_per_floor":[75,75,75,75,75,75,75,75,75,75,75,75,75,75,75,75,75,75,75,75,75,75,75],"relics":["Cracked Core","Potion Belt","Happy Flower","War Paint","Sozu"],"card_choices":[{"not_picked":["Stack","Leap"],"picked":"Streamline","floor":1},{"not_picked":["Coolheaded","Leap"],"picked":"Genetic Algorithm","floor":2},{"not_picked":["Steam","Loop"],"picked":"Defragment","floor":4},{"not_picked":["Static Discharge","Coolheaded"],"picked":"Sunder","floor":8},{"not_picked":["Leap","Aggregate"],"picked":"Seek","floor":10},{"not_picked":["Hello World","Rip and Tear"],"picked":"Beam Cell","floor":12},{"not_picked":["Amplify","Echo Form"],"picked":"Biased Cognition","floor":16},{"not_picked":["Axe Kick","Skim"],"picked":"Barrage+1","floor":18},{"not_picked":["Capacitor","Coolheaded","Stack"],"picked":"SKIP","floor":21}],"player_experience":86631,"potions_floor_usage":[8,10,16],"damage_taken":[{"damage":6,"enemies":"Jaw Worm","floor":1,"turns":4},{"damage":0,"enemies":"2 Louse","floor":2,"turns":2},{"damage":1,"enemies":"Cultist","floor":4,"turns":3},{"damage":26,"enemies":"Gremlin Nob","floor":8,"turns":4},{"damage":23,"enemies":"Gremlin Gang","floor":10,"turns":5},{"damage":0,"enemies":"2 Fungi Beasts","floor":12,"turns":2},{"damage":38,"enemies":"The Guardian","floor":16,"turns":9},{"damage":4,"enemies":"Spheric Guardian","floor":18,"turns":3},{"damage":23,"enemies":"Shell Parasite","floor":21,"turns":7},{"damage":60,"enemies":"Gremlin Leader","floor":23,"turns":7}],"relics_obtained":[{"floor":8,"key":"Potion Belt"},{"floor":9,"key":"Happy Flower"}],"event_choices":[{"event_name":"Golden Wing","player_choice":"Gained Gold","floor":3,"damage_taken":0},{"event_name":"Bonfire Elementals","player_choice":"BASIC","floor":5,"damage_taken":0},{"event_name":"World of Goop","player_choice":"Gather Gold","floor":6,"damage_taken":0},{"event_name":"Dead Adventurer","player_choice":"Searched \u00270\u0027 times","floor":14,"damage_taken":0},{"event_name":"Golden Shrine","player_choice":"Pray","floor":20,"damage_taken":0},{"event_name":"The Library","player_choice":"Heal","floor":22,"damage_taken":0}],"boss_relics":[{"not_picked":["Runic Dome","Ectoplasm"],"picked":"Sozu"}],"potions_floor_spawned":[2,8,12],"seed_played":"-5172501286774840605","killed_by":"Gremlin Leader","ascension_level":8,"potions_obtained":[{"floor":2,"key":"FocusPotion"},{"floor":8,"key":"Block Potion"},{"floor":12,"key":"Regen Potion"}],"is_trial":false}