{"gold_per_floor":[116,116,130,305,46,46,60,88,88,88,160,170,170,184,184,288,288,302,170,190,190,190,190,190,202,202,127,137,137,149,176,176,279,279,291,291,291,308,135,135,182,195,242,39,39,39,39,56,56,56],"floor_reached":51,"playtime":6040,"items_purged":["Doubt","Strike_B","Decay","Regret"],"score":915,"play_id":"95910d40-c50f-43bd-bf34-f63cfb716518","local_time":"20180909211020","is_ascension_mode":true,"campfire_choices":[{"data":"Coolheaded","floor":6,"key":"SMITH"},{"data":"Zap","floor":10,"key":"SMITH"},{"floor":13,"key":"REST"},{"data":"Blizzard","floor":15,"key":"SMITH"},{"data":"Seek","floor":23,"key":"SMITH"},{"floor":24,"key":"REST"},{"data":"Coolheaded","floor":29,"key":"SMITH"},{"data":"Creative AI","floor":32,"key":"SMITH"},{"data":"Apotheosis","floor":40,"key":"SMITH"},{"data":"Storm","floor":47,"key":"SMITH"},{"floor":49,"key":"REST"}],"neow_cost":"PERCENT_DAMAGE","seed_source_timestamp":501143598751412,"circlet_count":0,"master_deck":["Strike_B","Strike_B","Strike_B","Defend_B","Defend_B","Defend_B","Defend_B","Zap+1","Dualcast","AscendersBane","Ball Lightning","Coolheaded+1","BootSequence","FTL","Coolheaded+1","Blizzard+1","Seek+1","BootSequence","Creative AI+1","Reboot","Storm+1","Apotheosis+1","Mayhem","Storm","White Noise","Capacitor","Decay","Writhe"],"relics":["Cracked Core","Incense Burner","Thread and Needle","Membership Card","Emotion Chip","WingedGreaves","Cables","Cursed Key","Enchiridion","Unceasing Top","DataDisk","White Beast Statue","Art of War","Du-Vu Doll","Boot","Pantograph","Letter Opener"],"potions_floor_usage":[20,50,50,50,50,50,50],"damage_taken":[{"damage":0,"enemies":"2 Louse","floor":1,"turns":1},{"damage":0,"enemies":"Cultist","floor":3,"turns":4},{"damage":0,"enemies":"Small Slimes","floor":7,"turns":3},{"damage":9,"enemies":"3 Sentries","floor":8,"turns":7},{"damage":0,"enemies":"Looter","floor":12,"turns":2},{"damage":0,"enemies":"3 Louse","floor":14,"turns":4},{"damage":31,"enemies":"Hexaghost","floor":16,"turns":10},{"damage":0,"enemies":"Shell Parasite","floor":18,"turns":5},{"damage":11,"enemies":"2 Thieves","floor":20,"turns":4},{"damage":6,"enemies":"Shelled Parasite and Fungi","floor":25,"turns":6},{"damage":0,"enemies":"Chosen and Byrds","floor":28,"turns":8},{"damage":0,"enemies":"Cultist and Chosen","floor":30,"turns":6},{"damage":5,"enemies":"Champ","floor":33,"turns":8},{"damage":1,"enemies":"3 Darklings","floor":35,"turns":4},{"damage":0,"enemies":"3 Shapes","floor":38,"turns":3},{"damage":14,"enemies":"Mysterious Sphere","floor":41,"turns":4},{"damage":0,"enemies":"Sphere and 2 Shapes","floor":42,"turns":4},{"damage":40,"enemies":"3 Darklings","floor":48,"turns":4},{"damage":62,"enemies":"Awakened One","floor":50,"turns":8}],"seed_played":"-3101950504505173049","potions_obtained":[{"floor":14,"key":"Explosive Potion"},{"floor":30,"key":"Fire Potion"},{"floor":35,"key":"EntropicBrew"},{"floor":38,"key":"Fire Potion"},{"floor":42,"key":"SpeedPotion"}],"is_trial":false,"path_per_floor":["M","?","M","?","$","R","M","E","T","R","T","M","R","M","R","B",null,"M","$","M","?","?","R","R","M","T","?","M","R","M","T","R","B",null,"M","?","?","M","$","R","?","M","T","$","T","?","R","M","R","B"],"character_chosen":"DEFECT","items_purchased":["Membership Card","Coolheaded","Creative AI","Storm","Art of War","Pantograph"],"campfire_rested":3,"item_purchase_floors":[5,5,19,39,39,44],"current_hp_per_floor":[50,47,47,47,47,47,47,38,38,38,38,38,60,60,60,29,64,64,64,53,37,37,37,59,53,53,53,53,53,53,53,53,48,68,67,67,57,57,57,57,43,43,43,43,43,62,62,29,51,13],"gold":56,"neow_bonus":"ONE_RARE_RELIC","is_prod":false,"is_daily":false,"chose_seed":false,"campfire_upgraded":8,"win_rate":0,"timestamp":1536520220,"path_taken":["M","?","?","?","$","R","M","E","T","R","?","?","R","M","R","BOSS","M","$","M","?","?","R","R","M","T","?","M","R","?","?","R","BOSS","M","?","?","?","$","R","?","M","T","$","?","?","R","M","R","BOSS"],"build_version":"2018-09-06","purchased_purges":4,"victory":true,"max_hp_per_floor":[75,75,75,75,75,75,75,75,75,75,75,75,75,75,75,75,75,75,75,75,75,75,75,75,75,75,75,75,75,75,75,75,75,75,75,75,75,75,75,75,75,75,75,75,75,75,75,75,75,75],"card_choices":[{"not_picked":["Cold Snap","Hologram","Coolheaded"],"picked":"SKIP","floor":1},{"not_picked":["Ball Lightning","Compile Driver","Consume"],"picked":"SKIP","floor":3},{"not_picked":["Compile Driver","Consume"],"picked":"Ball Lightning","floor":3},{"not_picked":["Steam","Hologram"],"picked":"BootSequence","floor":7},{"not_picked":["Steam","Reinforced Body"],"picked":"FTL","floor":8},{"not_picked":["Genetic Algorithm","Gash"],"picked":"Coolheaded","floor":12},{"not_picked":["Gash","Barrage"],"picked":"Blizzard","floor":14},{"not_picked":["Buffer","Multi-Cast"],"picked":"Seek","floor":16},{"not_picked":["Rebound+1","Compile Driver+1"],"picked":"BootSequence","floor":18},{"not_picked":["Gash+1","Stack","Beam Cell"],"picked":"SKIP","floor":20},{"not_picked":["Genetic Algorithm","Rebound","Fusion"],"picked":"SKIP","floor":25},{"not_picked":["Cold Snap","Undo"],"picked":"Reboot","floor":28},{"not_picked":["Aggregate","Go for the Eyes","Redo"],"picked":"SKIP","floor":30},{"not_picked":["Coolheaded+1","Cold Snap+1"],"picked":"Storm","floor":35},{"not_picked":["Purity","Forethought"],"picked":"Apotheosis","floor":37},{"not_picked":["Thinking Ahead","Sadistic Nature"],"picked":"Mayhem","floor":37},{"not_picked":["Beam Cell","Redo","Stack"],"picked":"SKIP","floor":38},{"not_picked":["Double Energy","Turbo+1"],"picked":"White Noise","floor":41},{"not_picked":["Hologram+1","Auto Shields"],"picked":"Capacitor","floor":42},{"not_picked":["Scrape","Compile Driver","Double Energy+1"],"picked":"SKIP","floor":48}],"player_experience":594513,"relics_obtained":[{"floor":8,"key":"Emotion Chip"},{"floor":9,"key":"WingedGreaves"},{"floor":11,"key":"Cables"},{"floor":21,"key":"Enchiridion"},{"floor":26,"key":"Unceasing Top"},{"floor":31,"key":"DataDisk"},{"floor":41,"key":"Du-Vu Doll"},{"floor":43,"key":"Boot"},{"floor":45,"key":"Letter Opener"}],"event_choices":[{"event_name":"Scrap Ooze","player_choice":"success","floor":2,"damage_taken":3},{"event_name":"Liars Game","player_choice":"agreed","floor":4,"damage_taken":0},{"event_name":"Cursed Tome","player_choice":"Obtained Book","floor":21,"damage_taken":0},{"event_name":"Ghosts","player_choice":"Ignored","floor":22,"damage_taken":0},{"event_name":"Beggar","player_choice":"Gave Gold","floor":27,"damage_taken":0},{"event_name":"Tomb of Lord Red Mask","player_choice":"Ignored","floor":36,"damage_taken":0},{"event_name":"SensoryStone","player_choice":"Memory 3","floor":37,"damage_taken":0},{"event_name":"Mysterious Sphere","player_choice":"Fight","floor":41,"damage_taken":0},{"event_name":"Winding Halls","player_choice":"Writhe","floor":46,"damage_taken":0}],"is_beta":false,"boss_relics":[{"not_picked":["Lizard Tail","Astrolabe"],"picked":"Cursed Key"},{"not_picked":["Black Star","Velvet Choker"],"picked":"White Beast Statue"}],"items_purged_floors":[5,19,39,44],"is_endless":false,"potions_floor_spawned":[14,30,35,38,41,42,48],"ascension_level":10}