{"gold_per_floor":[109,127,147,117,133,167,167,167,167,167,192,208,208,223,223,322,322,305,322,1,16,31,31],"floor_reached":23,"playtime":2133,"items_purged":[],"score":357,"play_id":"9c103777-ff6f-419e-88bf-32d3e0a4fa07","local_time":"20190121003016","is_ascension_mode":true,"campfire_choices":[{"data":"Armaments","floor":7,"key":"SMITH"},{"data":"Metallicize","floor":10,"key":"SMITH"},{"data":"Barricade","floor":13,"key":"SMITH"},{"data":"Body Slam","floor":15,"key":"SMITH"}],"neow_cost":"NONE","seed_source_timestamp":951327241302492,"circlet_count":0,"master_deck":["Strike_R","Strike_R","Strike_R","Strike_R","Defend_R","Defend_R","Defend_R","Defend_R","Bash","Uppercut","Shrug It Off","Metallicize+1","Armaments+1","Cleave","Flex","Barricade+1","Body Slam+1","Juggernaut","Intimidate+1","Headbutt","Metallicize","Pommel Strike","Iron Wave+1"],"relics":["Burning Blood","Smiling Mask","Strawberry","Gremlin Horn","Black Star","Pantograph"],"potions_floor_usage":[6,6,6,11,16,16,16,18,22],"damage_taken":[{"damage":1,"enemies":"Cultist","floor":1,"turns":3},{"damage":2,"enemies":"Jaw Worm","floor":2,"turns":3},{"damage":0,"enemies":"2 Louse","floor":3,"turns":2},{"damage":8,"enemies":"Blue Slaver","floor":5,"turns":5},{"damage":17,"enemies":"Gremlin Nob","floor":6,"turns":4},{"damage":7,"enemies":"3 Sentries","floor":11,"turns":12},{"damage":1,"enemies":"2 Fungi Beasts","floor":12,"turns":4},{"damage":3,"enemies":"Looter","floor":14,"turns":4},{"damage":0,"enemies":"Slime Boss","floor":16,"turns":11},{"damage":11,"enemies":"2 Thieves","floor":18,"turns":4},{"damage":9,"enemies":"Shell Parasite","floor":19,"turns":8},{"damage":37,"enemies":"Centurion and Healer","floor":21,"turns":11},{"damage":27,"enemies":"Shelled Parasite and Fungi","floor":22,"turns":11},{"damage":29,"enemies":"Slavers","floor":23,"turns":2}],"seed_played":"-6302571036949963595","potions_obtained":[{"floor":1,"key":"AttackPotion"},{"floor":4,"key":"Poison Potion"},{"floor":4,"key":"AttackPotion"},{"floor":8,"key":"Explosive Potion"},{"floor":8,"key":"Block Potion"},{"floor":8,"key":"Weak Potion"},{"floor":14,"key":"Dexterity Potion"},{"floor":16,"key":"Dexterity Potion"},{"floor":21,"key":"Weak Potion"}],"is_trial":false,"path_per_floor":["M","M","M","?","M","E","R","?","T","R","E","M","R","M","R","B",null,"M","M","$","M","M","E"],"character_chosen":"IRONCLAD","items_purchased":["Pantograph","Metallicize"],"campfire_rested":0,"item_purchase_floors":[20,20],"current_hp_per_floor":[77,80,80,80,78,67,67,67,74,74,73,78,78,81,81,87,87,82,79,79,48,27,0],"gold":31,"neow_bonus":"REMOVE_CARD","is_prod":false,"is_daily":false,"chose_seed":false,"campfire_upgraded":4,"win_rate":0,"timestamp":1548027016,"path_taken":["M","M","M","?","?","E","R","?","T","R","E","M","R","M","R","BOSS","M","M","$","M","M","E"],"build_version":"2019-01-17v2","purchased_purges":0,"victory":false,"max_hp_per_floor":[80,80,80,80,80,80,80,80,87,87,87,87,87,87,87,87,87,87,87,87,87,87,87],"card_choices":[{"not_picked":["Warcry","Havoc"],"picked":"Uppercut","floor":1},{"not_picked":["Clothesline","Body Slam"],"picked":"Shrug It Off","floor":2},{"not_picked":["Iron Wave","Anger"],"picked":"Metallicize","floor":3},{"not_picked":["Warcry","Exhume"],"picked":"Armaments","floor":5},{"not_picked":["Rampage","Pummel"],"picked":"Cleave","floor":6},{"not_picked":["Bloodletting","Armaments"],"picked":"Flex","floor":11},{"not_picked":["Carnage","Thunderclap"],"picked":"Barricade","floor":12},{"not_picked":["Hemokinesis","Anger"],"picked":"Body Slam","floor":14},{"not_picked":["Brutality","Reaper"],"picked":"Juggernaut","floor":16},{"not_picked":["Havoc+1","Evolve"],"picked":"Intimidate+1","floor":18},{"not_picked":["Clash","Armaments"],"picked":"Headbutt","floor":19},{"not_picked":["Armaments","Clash"],"picked":"Pommel Strike","floor":21},{"not_picked":["Searing Blow","Sentinel"],"picked":"Iron Wave+1","floor":22}],"player_experience":335670,"relics_obtained":[{"floor":6,"key":"Smiling Mask"},{"floor":9,"key":"Strawberry"},{"floor":11,"key":"Gremlin Horn"}],"event_choices":[{"damage_healed":0,"gold_gain":0,"player_choice":"Bought 2 Potions","damage_taken":0,"max_hp_gain":0,"max_hp_loss":0,"event_name":"The Woman in Blue","floor":4,"gold_loss":0},{"damage_healed":0,"gold_gain":0,"player_choice":"Got Potions","damage_taken":0,"max_hp_gain":0,"max_hp_loss":0,"event_name":"Lab","floor":8,"gold_loss":0}],"is_beta":false,"boss_relics":[{"not_picked":["Runic Dome","Velvet Choker"],"picked":"Black Star"}],"items_purged_floors":[],"is_endless":false,"potions_floor_spawned":[1,5,14,16,21],"killed_by":"Slavers","ascension_level":8}