{"gold_per_floor":[116,266,35,54,54,87,104,117,143,154,173,173,248,26,26,99,99,119,131,131,151,6,6,35,35,59,59,59,72,98,98,98,174,174,189,189,189,199,199,199,199,230,230,79,104,104,133,152,152,152,152,152,152,20,54,54],"floor_reached":57,"playtime":2943,"items_purged":["Doubt","Bite"],"score":2927,"play_id":"0fcaceb3-e163-4d00-9408-fc17bcb61793","local_time":"20190316181229","is_ascension_mode":true,"campfire_choices":[{"data":"Zap","floor":12.0,"key":"SMITH"},{"data":"Defragment","floor":15.0,"key":"SMITH"},{"floor":23.0,"key":"REST"},{"data":"Hologram","floor":25.0,"key":"SMITH"},{"data":"Coolheaded","floor":28.0,"key":"SMITH"},{"data":"Skim","floor":32.0,"key":"SMITH"},{"data":"Discovery","floor":40.0,"key":"SMITH"},{"data":"Skim","floor":46.0,"key":"SMITH"},{"floor":49.0,"key":"RECALL"},{"data":"Reinforced Body","floor":53.0,"key":"SMITH"}],"neow_cost":"NONE","seed_source_timestamp":1203565525113503,"circlet_count":0,"master_deck":["AscendersBane","Defend_B","Defend_B","Defend_B","Defend_B","Zap+1","Dualcast","Skim+1","Beam Cell+1","Skim+1","Recycle","Double Energy","Defragment+1","Coolheaded+1","Meteor Strike+1","Electrodynamics","Conserve Battery","Hologram+1","Self Repair","Thunder Strike","Bite","Bite","Bite","Bite","Meteor Strike","Discovery+1","Loop+1","Madness","Madness","Turbo+1","Fusion","Seek","White Noise+1","Reinforced Body+1","Enlightenment","Capacitor"],"special_seed":0,"relics":["Cracked Core","NeowsBlessing","OrangePellets","Cables","Centennial Puzzle","Bag of Preparation","Snecko Eye","Orichalcum","Whetstone","Anchor","Art of War","Runic Pyramid","Bronze Scales","The Courier","Bottled Flame","PreservedInsect","Bag of Marbles"],"potions_floor_usage":[56,56],"damage_taken":[{"damage":0.0,"enemies":"Jaw Worm","floor":1.0,"turns":1.0},{"damage":0.0,"enemies":"Cultist","floor":4.0,"turns":1.0},{"damage":0.0,"enemies":"Lagavulin","floor":6.0,"turns":1.0},{"damage":7.0,"enemies":"2 Louse","floor":7.0,"turns":2.0},{"damage":8.0,"enemies":"Exordium Thugs","floor":8.0,"turns":4.0},{"damage":10.0,"enemies":"Large Slime","floor":10.0,"turns":4.0},{"damage":9.0,"enemies":"Exordium Wildlife","floor":11.0,"turns":4.0},{"damage":7.0,"enemies":"Hexaghost","floor":16.0,"turns":8.0},{"damage":11.0,"enemies":"Shell Parasite","floor":18.0,"turns":4.0},{"damage":20.0,"enemies":"Chosen","floor":19.0,"turns":4.0},{"damage":5.0,"enemies":"Centurion and Healer","floor":21.0,"turns":2.0},{"damage":24.0,"enemies":"Book of Stabbing","floor":24.0,"turns":4.0},{"damage":14.0,"enemies":"Snake Plant","floor":29.0,"turns":2.0},{"damage":24.0,"enemies":"Slavers","floor":30.0,"turns":2.0},{"damage":24.0,"enemies":"Automaton","floor":33.0,"turns":6.0},{"damage":3.0,"enemies":"3 Darklings","floor":35.0,"turns":3.0},{"damage":0.0,"enemies":"3 Shapes","floor":38.0,"turns":3.0},{"damage":29.0,"enemies":"Reptomancer","floor":42.0,"turns":5.0},{"damage":11.0,"enemies":"Nemesis","floor":45.0,"turns":5.0},{"damage":27.0,"enemies":"Reptomancer","floor":47.0,"turns":3.0},{"damage":15.0,"enemies":"Maw","floor":48.0,"turns":4.0},{"damage":16.0,"enemies":"Awakened One","floor":50.0,"turns":9.0},{"damage":0.0,"enemies":"Donu and Deca","floor":51.0,"turns":7.0},{"damage":21.0,"enemies":"Shield and Spear","floor":55.0,"turns":5.0},{"damage":58,"enemies":"The Heart","floor":56,"turns":8}],"seed_played":"-6738169804514760247","potions_obtained":[{"floor":1.0,"key":"PowerPotion"},{"floor":6.0,"key":"Poison Potion"},{"floor":16.0,"key":"AttackPotion"},{"floor":18.0,"key":"Swift Potion"},{"floor":24.0,"key":"GamblersBrew"},{"floor":30.0,"key":"PowerPotion"},{"floor":42.0,"key":"FearPotion"},{"floor":47.0,"key":"Strength Potion"}],"is_trial":false,"path_per_floor":["M","?","$","M","T","E","M","M","T","M","M","R","?","$","R","B",null,"M","M","?","M","$","R","E","R","T","?","R","M","E","T","R","B",null,"M","?","?","M","?","R","?","E","T","$","E","R","E","M","R","B","B",null,"R","$","E","B",null],"character_chosen":"DEFECT","items_purchased":["OrangePellets","Defragment","Coolheaded","Ball Lightning","Hologram","Self Repair","Fusion","Enlightenment","PowerPotion"],"campfire_rested":1,"item_purchase_floors":[3,14,14,14,22,22,44,54,54],"current_hp_per_floor":[64,64,64,64,64,64,57,49,49,39,30,30,19,19,19,12,56,45,25,25,20,20,41,24,24,24,24,24,25,12,12,12,17,41,44,44,44,49,40,40,40,32,32,32,46,46,29,33,33,49,49,49,49,49,47,20],"gold":54,"neow_bonus":"THREE_ENEMY_KILL","is_prod":false,"is_daily":false,"chose_seed":false,"campfire_upgraded":8,"win_rate":0,"timestamp":1552731149,"path_taken":["M","?","$","M","?","E","M","M","T","M","?","R","?","$","R","BOSS","M","M","?","M","?","R","E","R","T","?","R","?","E","?","R","BOSS","M","?","?","M","?","R","?","E","T","$","E","R","E","?","R","BOSS","BOSS","R","$","E","BOSS"],"build_version":"2019-01-23","purchased_purges":2,"victory":true,"max_hp_per_floor":[71,71,71,71,71,71,71,71,71,71,71,71,71,71,71,71,71,71,71,71,71,71,71,71,71,71,49,49,49,49,49,49,49,49,49,49,49,49,49,49,49,49,49,49,49,49,49,49,49,49,49,49,49,49,49,49],"card_choices":[{"not_picked":["Genetic Algorithm","Leap"],"picked":"Skim","floor":1.0},{"not_picked":["Hello World","Redo"],"picked":"Beam Cell","floor":4.0},{"not_picked":["Loop","Aggregate"],"picked":"Rip and Tear","floor":6.0},{"not_picked":["Sweeping Beam","Compile Driver"],"picked":"Skim","floor":7.0},{"not_picked":["Cold Snap","Sweeping Beam"],"picked":"Recycle","floor":8.0},{"not_picked":["Hello World","Gash","Sweeping Beam"],"picked":"SKIP","floor":10.0},{"not_picked":["Streamline","Reinforced Body"],"picked":"Double Energy","floor":11.0},{"not_picked":["Amplify","Creative AI"],"picked":"Meteor Strike","floor":16.0},{"not_picked":["Beam Cell","Stack","Rip and Tear"],"picked":"SKIP","floor":18.0},{"not_picked":["Rebound","Streamline"],"picked":"Electrodynamics","floor":19.0},{"not_picked":["Gash","Steam Power"],"picked":"Conserve Battery","floor":21.0},{"not_picked":["Gash","Chaos"],"picked":"Thunder Strike","floor":24.0},{"not_picked":["Rebound","Consume","Leap+1"],"picked":"SKIP","floor":29.0},{"not_picked":["Barrage","Conserve Battery","Turbo"],"picked":"SKIP","floor":30.0},{"not_picked":["Fission","All For One"],"picked":"Meteor Strike","floor":33.0},{"not_picked":["Stack+1","Darkness","Sweeping Beam+1"],"picked":"SKIP","floor":35.0},{"not_picked":["Transmutation","Sadistic Nature"],"picked":"Discovery","floor":37.0},{"not_picked":["Rebound","Barrage"],"picked":"Loop+1","floor":38.0},{"not_picked":["Auto Shields","Go for the Eyes"],"picked":"Turbo+1","floor":42.0},{"not_picked":["Go for the Eyes+1","Blizzard+1"],"picked":"Seek","floor":45.0},{"not_picked":["Static Discharge","Consume"],"picked":"White Noise+1","floor":47.0},{"not_picked":["Sweeping Beam","Gash+1"],"picked":"Reinforced Body","floor":48.0},{"not_picked":["FTL+1","Reboot"],"picked":"Capacitor","floor":55.0}],"player_experience":1201743,"relics_obtained":[{"floor":5.0,"key":"Cables"},{"floor":6.0,"key":"Centennial Puzzle"},{"floor":9.0,"key":"Bag of Preparation"},{"floor":24.0,"key":"Whetstone"},{"floor":26.0,"key":"Anchor"},{"floor":30.0,"key":"Art of War"},{"floor":42.0,"key":"Bronze Scales"},{"floor":43.0,"key":"The Courier"},{"floor":45.0,"key":"Bottled Flame"},{"floor":47.0,"key":"PreservedInsect"},{"floor":55.0,"key":"Bag of Marbles"}],"event_choices":[{"damage_healed":0.0,"max_hp_gain":0.0,"max_hp_loss":0.0,"gold_gain":150.0,"event_name":"Liars Game","player_choice":"AGREE","floor":2.0,"gold_loss":0.0,"damage_taken":0.0,"cards_obtained":["Doubt"]},{"damage_healed":0.0,"max_hp_gain":0.0,"max_hp_loss":0.0,"gold_gain":75.0,"event_name":"World of Goop","player_choice":"Gather Gold","floor":13.0,"gold_loss":0.0,"damage_taken":11.0},{"cards_removed":["Ball Lightning"],"damage_healed":0.0,"max_hp_gain":0.0,"max_hp_loss":0.0,"gold_gain":0.0,"event_name":"WeMeetAgain","player_choice":"Gave Card","floor":20.0,"gold_loss":0.0,"damage_taken":0.0,"relics_obtained":["Orichalcum"]},{"damage_healed":0.0,"max_hp_gain":0.0,"max_hp_loss":22.0,"gold_gain":0.0,"event_name":"Vampires","player_choice":"Became a vampire","floor":27.0,"gold_loss":0.0,"damage_taken":0.0,"cards_obtained":["Bite","Bite","Bite","Bite","Bite"]},{"damage_healed":0.0,"max_hp_gain":0.0,"max_hp_loss":0.0,"gold_gain":0.0,"event_name":"Tomb of Lord Red Mask","player_choice":"Ignored","floor":36.0,"gold_loss":0.0,"damage_taken":0.0},{"damage_healed":0.0,"max_hp_gain":0.0,"max_hp_loss":0.0,"gold_gain":0.0,"event_name":"SensoryStone","player_choice":"Memory 1","floor":37.0,"gold_loss":0.0,"damage_taken":0.0},{"damage_healed":0.0,"max_hp_gain":0.0,"max_hp_loss":0.0,"gold_gain":0.0,"event_name":"Winding Halls","player_choice":"Embrace Madness","floor":39.0,"gold_loss":0.0,"damage_taken":9.0,"cards_obtained":["Madness","Madness"]},{"cards_removed":["Rip and Tear"],"damage_healed":0.0,"max_hp_gain":0.0,"max_hp_loss":0.0,"gold_gain":0.0,"event_name":"Purifier","player_choice":"Purged","floor":41.0,"gold_loss":0.0,"damage_taken":0.0}],"is_beta":false,"boss_relics":[{"not_picked":["Astrolabe","Empty Cage"],"picked":"Snecko Eye"},{"not_picked":["Sozu","Orrery"],"picked":"Runic Pyramid"}],"items_purged_floors":[14,44],"is_endless":false,"potions_floor_spawned":[1,6,8,16,18,24,30,42,47,48],"ascension_level":20}