{"gold_per_floor":[119,119,119,49,62,62,90,108,108,283,283,283,283,302,302,403,403,419,17,17,34,50,78,78],"floor_reached":24,"playtime":1526,"items_purged":[],"score":239,"play_id":"5377349a-64f5-4442-8082-154c9c24bf6f","local_time":"20181229215754","is_ascension_mode":false,"campfire_choices":[{"data":"Redo","floor":6,"key":"SMITH"},{"floor":13,"key":"REST"},{"floor":15,"key":"REST"}],"neow_cost":"NONE","seed_source_timestamp":110842913345890,"circlet_count":0,"master_deck":["Zap","Dualcast","Static Discharge+1","Streamline","Zap","Redo+1","Hologram","Sweeping Beam","Loop+1","Ball Lightning","Storm+1","Creative AI+1","FTL","Rip and Tear","Capacitor+1","Chill","Leap","Skim","Genetic Algorithm","Beam Cell+1","Melter","Self Repair+1","Multi-Cast"],"relics":["Cracked Core","Frozen Egg 2","Omamori","Letter Opener","Pandora\u0027s Box","Oddly Smooth Stone","Pear","Kunai"],"potions_floor_usage":[23,24],"damage_taken":[{"damage":6,"enemies":"Jaw Worm","floor":1,"turns":3},{"damage":1,"enemies":"2 Louse","floor":5,"turns":3},{"damage":31,"enemies":"3 Sentries","floor":7,"turns":5},{"damage":1,"enemies":"Cultist","floor":8,"turns":3},{"damage":7,"enemies":"Blue Slaver","floor":14,"turns":2},{"damage":40,"enemies":"Hexaghost","floor":16,"turns":6},{"damage":23,"enemies":"2 Thieves","floor":18,"turns":4},{"damage":10,"enemies":"Spheric Guardian","floor":21,"turns":3},{"damage":15,"enemies":"Snake Plant","floor":22,"turns":3},{"damage":54,"enemies":"Slavers","floor":23,"turns":5},{"damage":28,"enemies":"Centurion and Healer","floor":24,"turns":2}],"seed_played":"8611842081063237298","potions_obtained":[{"floor":5,"key":"Fire Potion"},{"floor":7,"key":"Regen Potion"},{"floor":14,"key":"SkillPotion"},{"floor":20,"key":"FairyPotion"}],"is_trial":false,"path_per_floor":["M","?","?","$","M","R","E","M","T","?","?","T","R","M","R","B",null,"M","$","?","M","M","E","M"],"character_chosen":"DEFECT","items_purchased":["Redo","Hologram","Oddly Smooth Stone","Pear"],"campfire_rested":2,"item_purchase_floors":[4,4,19,19],"current_hp_per_floor":[76,76,76,76,75,75,44,43,43,43,27,27,51,44,68,28,82,59,69,69,59,44,22,0],"gold":78,"neow_bonus":"TEN_PERCENT_HP_BONUS","is_prod":false,"is_daily":false,"chose_seed":false,"campfire_upgraded":1,"win_rate":0.0,"timestamp":1546149474,"path_taken":["M","?","?","$","M","R","E","?","T","?","?","?","R","?","R","BOSS","M","$","?","M","?","E","M"],"build_version":"2018-12-20","purchased_purges":0,"victory":false,"max_hp_per_floor":[82,82,82,82,82,82,82,82,82,82,82,82,82,82,82,82,82,82,92,92,92,92,92,92],"card_choices":[{"not_picked":["Stack","Gash"],"picked":"Static Discharge","floor":1},{"not_picked":["Steam","Ball Lightning"],"picked":"Sweeping Beam","floor":5},{"not_picked":["Gash","Heatsinks"],"picked":"Loop","floor":7},{"not_picked":["Compile Driver","Leap"],"picked":"Ball Lightning","floor":8},{"not_picked":["Coolheaded","Force Field"],"picked":"Storm+1","floor":14},{"not_picked":["Machine Learning+1","Buffer+1"],"picked":"Creative AI+1","floor":16},{"not_picked":["Ball Lightning","Gash"],"picked":"Beam Cell+1","floor":18},{"not_picked":["Hologram+1","Leap"],"picked":"Melter","floor":21},{"not_picked":["Doom and Gloom+1","Force Field"],"picked":"Self Repair+1","floor":22},{"not_picked":["Melter","Hello World+1"],"picked":"Multi-Cast","floor":23}],"player_experience":137632,"relics_obtained":[{"floor":7,"key":"Frozen Egg 2"},{"floor":9,"key":"Omamori"},{"floor":12,"key":"Letter Opener"},{"floor":23,"key":"Kunai"}],"event_choices":[{"damage_healed":0,"gold_gain":0,"cards_transformed":["Defend_B"],"player_choice":"Change","damage_taken":0,"max_hp_gain":0,"max_hp_loss":0,"event_name":"Living Wall","floor":2,"gold_loss":0,"cards_obtained":["Streamline"]},{"damage_healed":0,"gold_gain":0,"player_choice":"1 cards matched","damage_taken":0,"max_hp_gain":0,"max_hp_loss":0,"event_name":"Match and Keep!","floor":3,"gold_loss":0,"cards_obtained":["Zap"]},{"damage_healed":0,"gold_gain":175,"player_choice":"AGREE","damage_taken":0,"max_hp_gain":0,"max_hp_loss":0,"event_name":"Liars Game","floor":10,"gold_loss":0,"cards_obtained":["Doubt"]},{"damage_healed":0,"gold_gain":0,"player_choice":"Entered Light","damage_taken":16,"max_hp_gain":0,"max_hp_loss":0,"event_name":"Shining Light","floor":11,"gold_loss":0,"cards_upgraded":["Defend_B","Static Discharge"]},{"damage_healed":0,"gold_gain":0,"player_choice":"Got Potions","damage_taken":0,"max_hp_gain":0,"max_hp_loss":0,"event_name":"Lab","floor":20,"gold_loss":0}],"is_beta":false,"boss_relics":[{"not_picked":["Ectoplasm","Velvet Choker"],"picked":"Pandora\u0027s Box"}],"items_purged_floors":[],"is_endless":false,"potions_floor_spawned":[5,7,14,16,21],"killed_by":"Centurion and Healer","ascension_level":0}