{"gold_per_floor":[109,109,129,129,129,129,139,173,173,206,206,206,172,189,189,294,294,314,314,325,344,360,360,205,230,230,263,138,151,167,186,186,186],"floor_reached":33,"playtime":4167,"items_purged":[],"score":312,"play_id":"e1410660-b79e-4791-ae26-18c7fd48b353","local_time":"20180901132246","is_ascension_mode":true,"campfire_choices":[{"floor":6,"key":"REST"},{"floor":11,"key":"REST"},{"data":"Rage","floor":15,"key":"SMITH"},{"data":"Writhe","floor":23,"key":"PURGE"},{"floor":32,"key":"REST"}],"neow_cost":"NONE","seed_source_timestamp":390990805440527,"circlet_count":0,"master_deck":["Strike_R","Strike_R","Strike_R","Strike_R","Strike_R","Defend_R","Defend_R","Defend_R","Defend_R","Bash","Shrug It Off+1","Perfected Strike+1","Flex","Pommel Strike","Rage","Rage+1","Iron Wave","Fiend Fire","Entrench+1","Uppercut+1","Shrug It Off+1","Bludgeon","Barricade","Feed","Seeing Red"],"relics":["Black Blood","Dodecahedron","Nunchaku","Centennial Puzzle","Peace Pipe","Anchor","Lantern","Self Forming Clay","MawBank"],"potions_floor_usage":[8,10,16,20,20,25,29,30,31],"damage_taken":[{"damage":6,"enemies":"Jaw Worm","floor":1,"turns":3},{"damage":8,"enemies":"2 Louse","floor":3,"turns":3},{"damage":0,"enemies":"Cultist","floor":7,"turns":2},{"damage":7,"enemies":"Gremlin Nob","floor":8,"turns":4},{"damage":22,"enemies":"3 Sentries","floor":10,"turns":6},{"damage":4,"enemies":"Looter","floor":14,"turns":3},{"damage":29,"enemies":"Hexaghost","floor":16,"turns":11},{"damage":20,"enemies":"3 Byrds","floor":18,"turns":9},{"damage":0,"enemies":"Spheric Guardian","floor":20,"turns":6},{"damage":1,"enemies":"Chosen and Byrds","floor":21,"turns":6},{"damage":6,"enemies":"Snecko","floor":22,"turns":3},{"damage":25,"enemies":"Book of Stabbing","floor":25,"turns":9},{"damage":60,"enemies":"Slavers","floor":27,"turns":11},{"damage":13,"enemies":"Shelled Parasite and Fungi","floor":29,"turns":5},{"damage":1,"enemies":"Snake Plant","floor":30,"turns":3},{"damage":0,"enemies":"Cultist and Chosen","floor":31,"turns":9},{"damage":101,"enemies":"Champ","floor":33,"turns":20}],"seed_played":"-839598886265937074","potions_obtained":[{"floor":3,"key":"Block Potion"},{"floor":7,"key":"Ancient Potion"},{"floor":14,"key":"EssenceOfSteel"},{"floor":16,"key":"SneckoOil"},{"floor":18,"key":"Block Potion"},{"floor":22,"key":"SpeedPotion"},{"floor":27,"key":"FearPotion"},{"floor":29,"key":"Regen Potion"},{"floor":30,"key":"BloodPotion"}],"is_trial":false,"path_per_floor":["M","?","M","?","?","R","M","E","T","E","R","?","$","M","R","B",null,"M","?","M","M","M","R","$","E","T","E","$","M","M","M","R"],"character_chosen":"IRONCLAD","items_purchased":["Rage","Anchor","Barricade"],"campfire_rested":3,"item_purchase_floors":[13,24,28],"current_hp_per_floor":[88,88,86,68,73,93,93,92,92,76,93,93,93,93,93,70,93,83,83,93,93,93,93,93,78,78,28,28,25,43,62,89,0],"gold":186,"neow_bonus":"TEN_PERCENT_HP_BONUS","is_prod":false,"is_daily":false,"chose_seed":false,"campfire_upgraded":1,"win_rate":0,"timestamp":1535800966,"path_taken":["M","?","M","?","?","R","?","E","T","E","R","?","$","M","R","BOSS","M","?","?","M","M","R","?","E","T","E","$","M","M","M","R","BOSS"],"build_version":"2018-08-30","purchased_purges":0,"victory":false,"max_hp_per_floor":[88,88,88,88,93,93,93,93,93,93,93,93,93,93,93,93,93,93,93,93,93,93,93,93,93,93,93,93,93,93,93,93,93],"card_choices":[{"not_picked":["Shockwave","Sword Boomerang"],"picked":"Shrug It Off","floor":1},{"not_picked":["Second Wind","Rupture"],"picked":"Perfected Strike","floor":3},{"not_picked":["Infernal Blade","Clash"],"picked":"Flex","floor":7},{"not_picked":["Perfected Strike","Wild Strike"],"picked":"Pommel Strike","floor":8},{"not_picked":["Heavy Blade","Pummel"],"picked":"Rage","floor":10},{"not_picked":["Uppercut","Hemokinesis"],"picked":"Iron Wave","floor":14},{"not_picked":["Brutality","Immolate"],"picked":"Fiend Fire","floor":16},{"not_picked":["Bloodletting","Headbutt+1"],"picked":"Entrench+1","floor":18},{"not_picked":["Dropkick","Pommel Strike"],"picked":"Uppercut+1","floor":20},{"not_picked":["Heavy Blade","Power Through"],"picked":"Shrug It Off+1","floor":21},{"not_picked":["Sword Boomerang","Sever Soul+1","Thunderclap"],"picked":"SKIP","floor":22},{"not_picked":["Entrench+1","Warcry"],"picked":"Bludgeon","floor":25},{"not_picked":["Heavy Blade","Warcry","Searing Blow"],"picked":"SKIP","floor":27},{"not_picked":["True Grit+1","Shockwave","Shrug It Off"],"picked":"SKIP","floor":29},{"not_picked":["True Grit+1","Thunderclap"],"picked":"Feed","floor":30},{"not_picked":["Anger","Heavy Blade"],"picked":"Seeing Red","floor":31}],"player_experience":157338,"relics_obtained":[{"floor":8,"key":"Dodecahedron"},{"floor":9,"key":"Nunchaku"},{"floor":10,"key":"Centennial Puzzle"},{"floor":25,"key":"Lantern"},{"floor":26,"key":"Self Forming Clay"},{"floor":27,"key":"MawBank"}],"event_choices":[{"event_name":"Liars Game","player_choice":"disagreed","floor":2,"damage_taken":0},{"event_name":"Shining Light","player_choice":"Entered Light","floor":4,"damage_taken":0},{"event_name":"Big Fish","player_choice":"Donut","floor":5,"damage_taken":0},{"event_name":"Golden Wing","player_choice":"Ignored","floor":12,"damage_taken":0},{"event_name":"The Mausoleum","player_choice":"Yes","floor":19,"damage_taken":0}],"is_beta":false,"boss_relics":[{"not_picked":["Astrolabe","Lizard Tail"],"picked":"Black Blood"}],"items_purged_floors":[],"is_endless":false,"potions_floor_spawned":[3,7,14,16,18,22,27,29,30],"killed_by":"Champ","ascension_level":1}