{"gold_per_floor":[110,110,35,0,10,10,35,35,35,68,68],"floor_reached":11,"playtime":394,"items_purged":["Pain"],"score":79,"play_id":"185b81e5-f6d4-4399-83e6-1ce087a9de21","local_time":"20190508085053","is_ascension_mode":false,"campfire_choices":[{"floor":6,"key":"RECALL"},{"floor":8,"key":"REST"}],"neow_cost":"NONE","seed_source_timestamp":314010411867500,"circlet_count":0,"master_deck":["Strike_B","Strike_B","Strike_B","Strike_B","Defend_B","Defend_B","Defend_B","Defend_B","Zap","Dualcast","Injury","Doubt","Loop","Coolheaded","Tempest","Redo"],"relics":["Calling Bell","Bronze Scales","Kunai","Mango","WingedGreaves","Happy Flower"],"potions_floor_usage":[10,11],"damage_taken":[{"damage":3,"enemies":"2 Louse","floor":1,"turns":2},{"damage":5,"enemies":"Small Slimes","floor":5,"turns":4},{"damage":67,"enemies":"Gremlin Nob","floor":7,"turns":6},{"damage":37,"enemies":"Lagavulin","floor":10,"turns":7},{"damage":11,"enemies":"Jaw Worm","floor":11,"turns":1}],"seed_played":"-7721138563586222979","potions_obtained":[{"floor":5,"key":"Ancient Potion"},{"floor":10,"key":"SteroidPotion"}],"is_trial":false,"path_per_floor":["M","?","$","?","M","R","E","R","T","E","M"],"character_chosen":"DEFECT","items_purchased":[],"campfire_rested":1,"item_purchase_floors":[],"current_hp_per_floor":[86,86,86,86,81,81,14,40,40,3,0],"gold":68,"neow_bonus":"BOSS_RELIC","is_prod":false,"is_daily":false,"chose_seed":false,"campfire_upgraded":0,"win_rate":0,"timestamp":1557319853,"path_taken":["M","?","$","?","M","R","E","R","T","E","M"],"build_version":"2019-01-23","purchased_purges":1,"victory":false,"max_hp_per_floor":[89,89,89,89,89,89,89,89,89,89,89],"card_choices":[{"not_picked":["Hologram","Steam"],"picked":"Loop","floor":1},{"not_picked":["Self Repair","Hologram"],"picked":"Coolheaded","floor":5},{"not_picked":["Streamline","Stack"],"picked":"Tempest","floor":7},{"not_picked":["Rebound","Gash"],"picked":"Redo","floor":10}],"player_experience":144096,"relics_obtained":[{"floor":0,"key":"Bronze Scales"},{"floor":0,"key":"Kunai"},{"floor":0,"key":"Mango"},{"floor":7,"key":"WingedGreaves"},{"floor":10,"key":"Happy Flower"}],"event_choices":[{"damage_healed":0,"gold_gain":0,"player_choice":"Ignored","damage_taken":0,"max_hp_gain":0,"max_hp_loss":0,"event_name":"Liars Game","floor":2,"gold_loss":0},{"damage_healed":0,"gold_gain":0,"player_choice":"Left Gold","damage_taken":0,"max_hp_gain":0,"max_hp_loss":0,"event_name":"World of Goop","floor":4,"gold_loss":35}],"is_beta":false,"boss_relics":[],"items_purged_floors":[3],"is_endless":false,"potions_floor_spawned":[5,10],"killed_by":"Jaw Worm","ascension_level":0}