{"path_per_floor":["M","M","M","?","$","M","M","M","T","R","?","M","R","$","R","B",null,"M","?","?","M","?","E","M"],"character_chosen":"IRONCLAD","items_purchased":["Fire Potion","Second Wind"],"gold_per_floor":[109,122,141,216,89,99,117,132,184,184,184,196,196,22,22,127,127,140,40,40,59,59,88,105],"floor_reached":25,"campfire_rested":0,"playtime":1245,"current_hp_per_floor":[80,80,80,69,69,67,73,69,69,69,69,74,74,74,74,40,80,76,76,76,80,64,23,14],"items_purged":["Defend_R","Strike_R"],"gold":105,"play_id":"a8dab482-ddb5-4c0f-9f97-6283a5142cf0","is_prod":false,"is_daily":false,"campfire_rituals":0,"campfire_upgraded":3,"is_hardmode":false,"path_taken":["M","M","M","?","$","M","M","M","T","R","?","M","R","$","R","BOSS","M","?","?","M","?","E","M","M"],"build_version":"2018-01-11-PROD2","purchased_purges":2,"victory":false,"master_deck":["Strike_R","Strike_R","Strike_R","Strike_R","Defend_R","Defend_R","Bash","Clash","Inflame","Wild Strike","Pommel Strike","Offering","Clash","Heavy Blade","Inflame","Second Wind","Limit Break","Twin Strike","Necronomicurse","Heavy Blade","Warcry"],"max_hp_per_floor":[80,80,80,80,80,80,80,80,80,80,80,80,80,80,80,80,80,80,80,80,80,80,80,80],"relics":["Burning Blood","Molten Egg","Black Star","Bag of Preparation","Necronomicon","Bottled Flame","Dodecahedron"],"campfire_meditates":0,"card_choices":[{"not_picked":["Metallicize","Shrug It Off"],"picked":"Clash"},{"not_picked":["Reckless Charge","Clothesline"],"picked":"Inflame"},{"not_picked":["Intimidate","Rampage"],"picked":"Wild Strike"},{"not_picked":["Clothesline","True Grit"],"picked":"Pommel Strike"},{"not_picked":["Dual Wield","Shrug It Off"],"picked":"Offering"},{"not_picked":["True Grit","Warcry"],"picked":"Clash"},{"not_picked":["Metallicize","Heavy Blade"],"picked":"Inflame"},{"not_picked":["Demon Form","Feed"],"picked":"Limit Break"},{"not_picked":["Anger","Body Slam"],"picked":"Twin Strike"},{"not_picked":["Bludgeon","Anger"],"picked":"Heavy Blade"},{"not_picked":["Heavy Blade","Perfected Strike"],"picked":"Warcry"}],"player_experience":24459,"potions_floor_usage":[6,7,16,16],"damage_taken":[{"damage":2,"enemies":"Small Slimes","floor":1,"turns":5},{"damage":0,"enemies":"2 Louse","floor":2,"turns":2},{"damage":1,"enemies":"Jaw Worm","floor":3,"turns":3},{"damage":8,"enemies":"Gremlin Gang","floor":6,"turns":3},{"damage":0,"enemies":"3 Louse","floor":7,"turns":3},{"damage":10,"enemies":"Looter","floor":8,"turns":2},{"damage":1,"enemies":"Exordium Wildlife","floor":12,"turns":2},{"damage":40,"enemies":"The Guardian","floor":16,"turns":5},{"damage":10,"enemies":"Spheric Guardian","floor":18,"turns":3},{"damage":0,"enemies":"Chosen","floor":21,"turns":3},{"damage":47,"enemies":"Gremlin Leader","floor":23,"turns":3},{"damage":15,"enemies":"Snecko","floor":24,"turns":3},{"damage":16,"enemies":"Centurion and Healer","floor":25,"turns":2}],"event_choices":[{"event_name":"World of Goop","player_choice":"Gather Gold","floor":4,"damage_taken":0},{"event_name":"Transmorgrifier","player_choice":"Transform","floor":11,"damage_taken":0},{"event_name":"Drug Dealer","player_choice":"Got JAXXED","floor":19,"damage_taken":0},{"event_name":"Addict","player_choice":"Gave JAX","floor":20,"damage_taken":0},{"event_name":"Cursed Tome","player_choice":"Obtained Book","floor":22,"damage_taken":0}],"boss_relics":[{"not_picked":["Eternal Feather","Sozu"],"picked":"Black Star"}],"potions_floor_spawned":[2,3,6,12,23],"seed_played":"-7691020479340501422","killed_by":"Centurion and Healer","is_trial":false}