{"gold_per_floor":[112,112,2,14,87,113,113,144,193,211,222,247,247,422,422,527,527,543,554,554,554,570,570,162,175,175,195,222,237,251,251],"floor_reached":31,"playtime":3661,"items_purged":[],"score":316,"play_id":"f1184381-ae9a-47c3-b756-bbdae976309f","local_time":"20181231183338","is_ascension_mode":true,"campfire_choices":[{"floor":7,"key":"REST"},{"floor":13,"key":"REST"},{"floor":15,"key":"REST"},{"floor":23,"key":"REST"}],"neow_cost":"NONE","seed_source_timestamp":269253407218069,"circlet_count":0,"master_deck":["Strike_B","Strike_B","Strike_B","Strike_B","Defend_B","Defend_B","Defend_B","Zap","Dualcast","Clumsy","Doubt","Stack","Darkness+1","Chaos+1","Melter","Coolheaded","Leap","White Noise","Sweeping Beam","Turbo","Double Energy","Biased Cognition","Storm","Beam Cell","Rainbow","Beam Cell","Cold Snap","RitualDagger+1","Rainbow","Auto Shields","Turbo","Conserve Battery","Turbo","Self Repair","Steam Power+1","Hologram+1","Self Repair"],"relics":["Calling Bell","Dream Catcher","Cables","Pocketwatch","War Paint","Blood Vial","Smiling Mask","Mummified Hand","Empty Cage","Unceasing Top","Bottled Tornado","Darkstone Periapt"],"potions_floor_usage":[22],"damage_taken":[{"damage":5,"enemies":"Small Slimes","floor":1,"turns":4},{"damage":5,"enemies":"Cultist","floor":4,"turns":4},{"damage":23,"enemies":"Lagavulin","floor":6,"turns":8},{"damage":27,"enemies":"3 Sentries","floor":8,"turns":5},{"damage":5,"enemies":"2 Louse","floor":10,"turns":2},{"damage":6,"enemies":"Blue Slaver","floor":11,"turns":4},{"damage":11,"enemies":"Lagavulin","floor":12,"turns":6},{"damage":64,"enemies":"The Guardian","floor":16,"turns":11},{"damage":8,"enemies":"3 Byrds","floor":18,"turns":4},{"damage":4,"enemies":"Spheric Guardian","floor":19,"turns":3},{"damage":35,"enemies":"Centurion and Healer","floor":22,"turns":5},{"damage":14,"enemies":"Cultist and Chosen","floor":25,"turns":5},{"damage":0,"enemies":"Chosen and Byrds","floor":27,"turns":4},{"damage":19,"enemies":"Gremlin Leader","floor":28,"turns":5},{"damage":17,"enemies":"Snecko","floor":29,"turns":5},{"damage":5,"enemies":"Sentry and Sphere","floor":30,"turns":4},{"damage":13,"enemies":"Centurion and Healer","floor":31,"turns":1}],"seed_played":"-6207404077867051657","potions_obtained":[{"floor":6,"key":"Dexterity Potion"},{"floor":8,"key":"PowerPotion"},{"floor":12,"key":"FocusPotion"},{"floor":25,"key":"Energy Potion"},{"floor":29,"key":"SkillPotion"}],"is_trial":false,"path_per_floor":["M","?","$","M","?","E","R","E","T","M","M","E","R","?","R","B",null,"M","M","?","?","M","R","$","M","T","M","E","M","M","M"],"character_chosen":"DEFECT","items_purchased":["Chaos","Melter","Unceasing Top","Turbo","Conserve Battery"],"campfire_rested":4,"item_purchase_floors":[3,3,24,24,24],"current_hp_per_floor":[70,70,70,65,65,42,64,37,37,34,30,21,43,43,65,3,75,67,65,59,59,26,48,48,36,36,38,28,13,10,0],"gold":251,"neow_bonus":"BOSS_RELIC","is_prod":false,"is_daily":false,"chose_seed":false,"campfire_upgraded":0,"win_rate":0,"timestamp":1546310018,"path_taken":["M","?","?","?","?","E","R","E","T","M","M","E","R","?","R","BOSS","M","M","?","?","M","R","$","?","T","M","E","M","M","M"],"build_version":"2018-12-20","purchased_purges":0,"victory":false,"max_hp_per_floor":[75,75,75,75,75,75,75,75,75,75,75,75,75,75,75,75,75,75,75,75,75,75,75,75,75,75,75,75,75,75,75],"card_choices":[{"not_picked":["Steam","Scrape"],"picked":"Stack","floor":1},{"not_picked":["Aggregate","Beam Cell"],"picked":"Coolheaded","floor":4},{"not_picked":["Redo","Streamline"],"picked":"Leap","floor":6},{"not_picked":["FTL","Conserve Battery"],"picked":"White Noise","floor":7},{"not_picked":["Reboot","Blizzard"],"picked":"Sweeping Beam","floor":8},{"not_picked":["Cold Snap","Go for the Eyes"],"picked":"Turbo","floor":10},{"not_picked":["Redo","Skim"],"picked":"Double Energy","floor":11},{"not_picked":["Steam","Stack"],"picked":"Biased Cognition","floor":12},{"not_picked":["Steam","Skim"],"picked":"Storm","floor":13},{"not_picked":["Steam Power","Rebound"],"picked":"Beam Cell","floor":15},{"not_picked":["Biased Cognition","Thunder Strike"],"picked":"Rainbow","floor":16},{"not_picked":["Stack","Gash"],"picked":"Beam Cell","floor":18},{"not_picked":["Rebound","Turbo+1"],"picked":"Cold Snap","floor":19},{"not_picked":["Fusion","Steam"],"picked":"Rainbow","floor":22},{"not_picked":["Stack","Steam Power+1"],"picked":"Auto Shields","floor":23},{"not_picked":["Scrape","Streamline"],"picked":"Turbo","floor":25},{"not_picked":["Double Energy+1","Turbo"],"picked":"Self Repair","floor":27},{"not_picked":["Conserve Battery+1","Cold Snap"],"picked":"Steam Power+1","floor":28},{"not_picked":["Fusion","Sweeping Beam+1"],"picked":"Hologram+1","floor":29},{"not_picked":["Steam","Barrage"],"picked":"Self Repair","floor":30}],"player_experience":191816,"relics_obtained":[{"floor":0,"key":"Dream Catcher"},{"floor":0,"key":"Cables"},{"floor":0,"key":"Pocketwatch"},{"floor":6,"key":"War Paint"},{"floor":8,"key":"Blood Vial"},{"floor":9,"key":"Smiling Mask"},{"floor":12,"key":"Mummified Hand"},{"floor":26,"key":"Bottled Tornado"},{"floor":28,"key":"Darkstone Periapt"}],"event_choices":[{"damage_healed":0,"gold_gain":0,"cards_transformed":["Defend_B"],"player_choice":"Transformed","damage_taken":0,"max_hp_gain":0,"max_hp_loss":0,"event_name":"Transmorgrifier","floor":2,"gold_loss":0,"cards_obtained":["Darkness"]},{"damage_healed":0,"gold_gain":73,"player_choice":"Gained Gold","damage_taken":0,"max_hp_gain":0,"max_hp_loss":0,"event_name":"Golden Wing","floor":5,"gold_loss":0},{"damage_healed":0,"gold_gain":175,"player_choice":"AGREE","damage_taken":0,"max_hp_gain":0,"max_hp_loss":0,"event_name":"Liars Game","floor":14,"gold_loss":0,"cards_obtained":["Doubt"]},{"damage_healed":0,"gold_gain":0,"player_choice":"Joined the Cult","damage_taken":6,"max_hp_gain":0,"max_hp_loss":0,"event_name":"Nest","floor":20,"gold_loss":0,"cards_obtained":["RitualDagger"]},{"damage_healed":0,"gold_gain":0,"player_choice":"Forge","damage_taken":0,"max_hp_gain":0,"max_hp_loss":0,"event_name":"Accursed Blacksmith","floor":21,"gold_loss":0,"cards_upgraded":["RitualDagger"]}],"is_beta":false,"boss_relics":[{"not_picked":["Philosopher\u0027s Stone","Runic Dome"],"picked":"Empty Cage"}],"items_purged_floors":[],"is_endless":false,"potions_floor_spawned":[6,8,12,19,25,27,29],"killed_by":"Centurion and Healer","ascension_level":1}