{"path_per_floor":["M","M","$","M","M","R","M","E","T","R","M","R","M","$","R","B",null,"M","$","M","?","T","R","?","E","T","M"],"character_chosen":"DEFECT","items_purchased":["Meat on the Bone"],"gold_per_floor":[118,135,60,76,93,93,109,134,207,207,223,223,242,0,0,97,97,110,10,21,21,70,70,70,104,173,184,184],"floor_reached":28,"campfire_rested":3,"playtime":1007,"current_hp_per_floor":[70,59,59,53,55,55,43,17,17,39,16,38,24,24,46,40,75,61,61,48,48,48,48,73,46,46,38,0],"items_purged":["Strike_B","Strike_B"],"gold":184,"score":240,"play_id":"7c7fa785-21f2-4a48-b320-7495acfbd09e","local_time":"20180429124300","is_prod":false,"is_daily":false,"chose_seed":false,"is_ascension_mode":false,"campfire_upgraded":2,"timestamp":1525020180,"path_taken":["M","M","$","M","M","R","M","E","T","R","M","R","M","$","R","BOSS","M","?","M","?","?","R","?","E","T","?","E"],"build_version":"2018-04-27v3","seed_source_timestamp":536745796571890,"purchased_purges":2,"victory":false,"master_deck":["Strike_B","Strike_B","Defend_B","Defend_B","Defend_B","Defend_B","Zap","Dualcast","Sweeping Beam","Beam Cell","White Noise","Streamline+1","Beam Cell","Biased Cognition","Chaos","Hyperbeam+1","Steam Power","Leap","Reinforced Body+1"],"max_hp_per_floor":[75,75,75,75,75,75,75,75,75,75,75,75,75,75,75,75,75,75,75,75,75,75,75,75,75,75,75,75],"relics":["Cracked Core","Ginger","Matryoshka","Meat on the Bone","Nuclear Battery","Ancient Tea Set","Lantern","Vajra","Oddly Smooth Stone","Toxic Egg 2"],"card_choices":[{"not_picked":["Streamline","Barrage"],"picked":"Sweeping Beam","floor":1},{"not_picked":["Sweeping Beam","Coolheaded"],"picked":"Beam Cell","floor":2},{"not_picked":["Go for the Eyes","Cold Snap"],"picked":"White Noise","floor":4},{"not_picked":["Coolheaded","Aggregate"],"picked":"Streamline","floor":5},{"not_picked":["Cold Snap","Reprogram"],"picked":"Beam Cell","floor":7},{"not_picked":["Coolheaded","Turbo"],"picked":"Biased Cognition","floor":8},{"not_picked":["Sweeping Beam","Buffer"],"picked":"Chaos","floor":13},{"not_picked":["Echo Form","Amplify"],"picked":"Hyperbeam","floor":16},{"not_picked":["Rebound","Turbo"],"picked":"Steam Power","floor":18},{"not_picked":["Ball Lightning","Stack"],"picked":"Leap","floor":20},{"not_picked":["Impulse","Buffer"],"picked":"Reinforced Body","floor":27}],"player_experience":18489,"potions_floor_usage":[8,11,13,16,25,25,28],"damage_taken":[{"damage":5,"enemies":"Cultist","floor":1,"turns":4},{"damage":11,"enemies":"2 Louse","floor":2,"turns":3},{"damage":6,"enemies":"Jaw Worm","floor":4,"turns":3},{"damage":5,"enemies":"2 Fungi Beasts","floor":5,"turns":3},{"damage":12,"enemies":"Blue Slaver","floor":7,"turns":2},{"damage":26,"enemies":"Lagavulin","floor":8,"turns":4},{"damage":23,"enemies":"Large Slime","floor":11,"turns":4},{"damage":14,"enemies":"Exordium Thugs","floor":13,"turns":3},{"damage":18,"enemies":"Slime Boss","floor":16,"turns":8},{"damage":14,"enemies":"Shell Parasite","floor":18,"turns":5},{"damage":25,"enemies":"2 Thieves","floor":20,"turns":3},{"damage":27,"enemies":"Gremlin Leader","floor":25,"turns":4},{"damage":8,"enemies":"Centurion and Healer","floor":27,"turns":3},{"damage":39,"enemies":"Book of Stabbing","floor":28,"turns":5}],"event_choices":[{"event_name":"Ghosts","player_choice":"Ignored","floor":21,"damage_taken":0},{"event_name":"The Library","player_choice":"Heal","floor":24,"damage_taken":0}],"boss_relics":[{"not_picked":["Lizard Tail","Philosopher\u0027s Stone"],"picked":"Nuclear Battery"}],"potions_floor_spawned":[2,5,8,11,13,18,27],"seed_played":"-8897406209757852778","killed_by":"Book of Stabbing","ascension_level":0,"is_trial":false}