{"gold_per_floor":[118,118,118,138,138,138,208,221,221,196,247,96,96,115,115,243,243,264,68,89,107,123,123,123],"floor_reached":24,"playtime":2128,"items_purged":[],"score":221,"play_id":"7ee0beda-38c0-48f8-a22d-22c38877347c","local_time":"20190507172940","daily_mods":["Draft","Heirloom"],"is_ascension_mode":false,"campfire_choices":[{"data":"Rampage","floor":6,"key":"SMITH"},{"data":"Demon Form","floor":13,"key":"SMITH"},{"data":"Clothesline","floor":15,"key":"SMITH"},{"floor":23,"key":"REST"}],"neow_cost":"","seed_source_timestamp":0,"circlet_count":0,"master_deck":["Shrug It Off","Clothesline","Thunderclap","Shrug It Off","Iron Wave","Iron Wave","Shrug It Off","Thunderclap","Shrug It Off","Twin Strike","Clothesline+1","Body Slam","Rampage+1","Rage","Heavy Blade","Twin Strike","Cleave","Disarm+1","Disarm+1","Armaments+1","Demon Form+1","Cleave","Barricade","Iron Wave+1","Heavy Blade","Sword Boomerang","Shockwave+1"],"relics":["Burning Blood","Turnip","Golden Idol","Toxic Egg 2","Tiny Chest","Sundial","Mark of Pain","Membership Card"],"potions_floor_usage":[],"damage_taken":[{"damage":0,"enemies":"2 Louse","floor":1,"turns":2},{"damage":0,"enemies":"Jaw Worm","floor":4,"turns":3},{"damage":18,"enemies":"Lagavulin","floor":7,"turns":6},{"damage":2,"enemies":"Small Slimes","floor":8,"turns":3},{"damage":7,"enemies":"Looter","floor":14,"turns":3},{"damage":34,"enemies":"The Guardian","floor":16,"turns":8},{"damage":19,"enemies":"2 Thieves","floor":18,"turns":5},{"damage":0,"enemies":"Chosen","floor":20,"turns":6},{"damage":37,"enemies":"Snecko","floor":21,"turns":7},{"damage":30,"enemies":"Centurion and Healer","floor":22,"turns":8},{"damage":44,"enemies":"Slavers","floor":24,"turns":5}],"seed_played":"6818460927653963039","potions_obtained":[{"floor":1,"key":"EssenceOfSteel"},{"floor":20,"key":"GamblersBrew"}],"is_trial":true,"path_per_floor":["M","$","?","M","T","R","E","M","T","$","?","$","R","M","R","B",null,"M","$","M","M","M","R","E"],"character_chosen":"IRONCLAD","items_purchased":["Armaments+1","Demon Form","Membership Card"],"campfire_rested":1,"item_purchase_floors":[10,12,19],"current_hp_per_floor":[80,80,60,66,66,66,54,58,58,58,58,58,58,57,57,29,80,67,67,73,42,18,42,0],"gold":123,"neow_bonus":"","is_prod":false,"is_daily":false,"chose_seed":false,"campfire_upgraded":3,"win_rate":0,"timestamp":1557268180,"path_taken":["M","$","?","M","?","R","E","M","T","$","?","$","R","M","R","BOSS","M","$","M","M","M","R","E"],"build_version":"2019-01-23","purchased_purges":0,"victory":false,"max_hp_per_floor":[80,80,80,80,80,80,80,80,80,80,80,80,80,80,80,80,80,80,80,80,80,80,80,80],"card_choices":[{"not_picked":["Blood for Blood","Cleave"],"picked":"Shrug It Off","floor":0},{"not_picked":["Headbutt","Wild Strike"],"picked":"Clothesline","floor":0},{"not_picked":["Wild Strike","Sword Boomerang"],"picked":"Thunderclap","floor":0},{"not_picked":["Sword Boomerang","Anger"],"picked":"Shrug It Off","floor":0},{"not_picked":["Anger","Combust"],"picked":"Iron Wave","floor":0},{"not_picked":["Reckless Charge","Warcry"],"picked":"Iron Wave","floor":0},{"not_picked":["Flex","True Grit"],"picked":"Shrug It Off","floor":0},{"not_picked":["Power Through","Shockwave"],"picked":"Thunderclap","floor":0},{"not_picked":["Shockwave","Pummel"],"picked":"Shrug It Off","floor":0},{"not_picked":["Thunderclap","Pommel Strike"],"picked":"Twin Strike","floor":0},{"not_picked":["Sentinel","Entrench"],"picked":"Clothesline","floor":0},{"not_picked":["Headbutt","Sword Boomerang"],"picked":"Body Slam","floor":0},{"not_picked":["Clash","Cleave"],"picked":"Rampage","floor":0},{"not_picked":["Havoc","Heavy Blade"],"picked":"Rage","floor":0},{"not_picked":["Warcry","Flex"],"picked":"Heavy Blade","floor":0},{"not_picked":["Flex","Clothesline"],"picked":"Twin Strike","floor":1},{"not_picked":["Sword Boomerang","Clothesline"],"picked":"Cleave","floor":4},{"not_picked":["Reckless Charge","Cleave"],"picked":"Disarm+1","floor":7},{"not_picked":["Second Wind+1","Bloodletting+1"],"picked":"Disarm+1","floor":8},{"not_picked":["Heavy Blade","Uppercut"],"picked":"Cleave","floor":14},{"not_picked":["Exhume+1","Fiend Fire"],"picked":"Barricade","floor":16},{"not_picked":["Sentinel+1","Headbutt"],"picked":"Iron Wave+1","floor":18},{"not_picked":["Anger","Clothesline"],"picked":"Heavy Blade","floor":20},{"not_picked":["Wild Strike+1","Perfected Strike"],"picked":"Sword Boomerang","floor":21},{"not_picked":["Headbutt","Perfected Strike"],"picked":"Shockwave+1","floor":22}],"player_experience":273701,"relics_obtained":[{"floor":5,"key":"Toxic Egg 2"},{"floor":7,"key":"Tiny Chest"},{"floor":9,"key":"Sundial"}],"event_choices":[{"damage_healed":0,"gold_gain":0,"player_choice":"Take Damage","damage_taken":20,"relics_obtained":["Golden Idol"],"max_hp_gain":0,"max_hp_loss":0,"event_name":"Golden Idol","floor":3,"gold_loss":0},{"damage_healed":0,"gold_gain":51,"player_choice":"Gained Gold","damage_taken":0,"max_hp_gain":0,"max_hp_loss":0,"event_name":"Golden Wing","floor":11,"gold_loss":0}],"is_beta":false,"boss_relics":[{"not_picked":["Snecko Eye","Coffee Dripper"],"picked":"Mark of Pain"}],"items_purged_floors":[],"is_endless":false,"potions_floor_spawned":[1,20],"killed_by":"Slavers","ascension_level":0}