{"gold_per_floor":[109,184,359,373,323,127,154,154,154,154,182,199,216,245,245,345,345,360,376,392,392,411,411,90,90,90,90,101,120,120,120,120,120],"floor_reached":33,"playtime":1741,"items_purged":[],"score":317,"play_id":"406f6377-0c7c-46b6-a527-38885ec956e2","local_time":"20190318095217","is_ascension_mode":false,"campfire_choices":[{"data":"Transmutation","floor":10,"key":"SMITH"},{"floor":15,"key":"REST"},{"data":"Envenom","floor":23,"key":"SMITH"},{"floor":27,"key":"REST"},{"floor":32,"key":"REST"}],"neow_cost":"NONE","seed_source_timestamp":434844831880198,"circlet_count":0,"master_deck":["Defend_G","Defend_G","Defend_G","Defend_G","Defend_G","Survivor","Neutralize","Masterful Stab","Noxious Fumes","Transmutation+1","Noxious Fumes","Iron Wave","Deadly Poison","Poisoned Stab","Crippling Poison","Well Laid Plans","Die Die Die","Envenom+1","Backflip+1","Eviscerate+1","Noxious Fumes","Bite","Bite","Bite","Bite","Bite","Heel Hook+1","Crippling Poison+1","Dagger Throw","Deadly Poison","Tactician","Bouncing Flask"],"relics":["Ring of the Snake","NeowsBlessing","Potion Belt","Dream Catcher","Nunchaku","Blood Vial","Sozu","Shuriken","Paper Crane"],"potions_floor_usage":[14,16,28,31],"damage_taken":[{"damage":0,"enemies":"2 Louse","floor":1,"turns":1},{"damage":0,"enemies":"Small Slimes","floor":4,"turns":1},{"damage":0,"enemies":"3 Sentries","floor":7,"turns":1},{"damage":22,"enemies":"Lagavulin","floor":11,"turns":8},{"damage":1,"enemies":"Cultist","floor":12,"turns":4},{"damage":17,"enemies":"Gremlin Gang","floor":13,"turns":4},{"damage":4,"enemies":"Gremlin Nob","floor":14,"turns":3},{"damage":35,"enemies":"Slime Boss","floor":16,"turns":8},{"damage":9,"enemies":"3 Byrds","floor":18,"turns":5},{"damage":14,"enemies":"Shell Parasite","floor":19,"turns":5},{"damage":11,"enemies":"Snake Plant","floor":20,"turns":4},{"damage":25,"enemies":"3 Cultists","floor":22,"turns":5},{"damage":35,"enemies":"Colosseum Slavers","floor":25,"turns":4},{"damage":13,"enemies":"Snecko","floor":28,"turns":4},{"damage":16,"enemies":"Centurion and Healer","floor":29,"turns":4},{"damage":0,"enemies":"Shelled Parasite and Fungi","floor":31,"turns":1},{"damage":42,"enemies":"Automaton","floor":33,"turns":6}],"seed_played":"4507898947701181498","potions_obtained":[{"floor":1,"key":"SmokeBomb"},{"floor":13,"key":"Fire Potion"},{"floor":14,"key":"LiquidBronze"},{"floor":16,"key":"Weak Potion"}],"is_trial":false,"path_per_floor":["M","?","?","M","?","$","E","?","T","R","E","M","M","E","R","B",null,"M","M","M","?","M","R","$","?","T","R","M","M","?","M","R","B"],"character_chosen":"THE_SILENT","items_purchased":["Noxious Fumes","Transmutation","Shuriken","Crippling Poison"],"campfire_rested":3,"item_purchase_floors":[6,6,24,24],"current_hp_per_floor":[70,59,59,59,59,59,59,59,59,59,37,36,19,15,36,3,70,61,49,40,40,30,30,30,5,5,19,16,6,6,10,24,0],"gold":120,"neow_bonus":"THREE_ENEMY_KILL","is_prod":false,"is_daily":false,"chose_seed":false,"campfire_upgraded":2,"win_rate":0.0,"timestamp":1552927937,"path_taken":["M","?","?","M","?","$","E","?","T","R","E","?","M","E","R","BOSS","M","?","?","?","M","R","$","?","T","R","M","M","?","M","R","BOSS"],"build_version":"2019-01-23","purchased_purges":0,"victory":false,"max_hp_per_floor":[70,70,70,70,70,70,70,70,70,70,70,70,70,70,70,70,70,70,70,70,49,49,49,49,49,49,49,49,49,49,49,49,49],"card_choices":[{"not_picked":["Expertise","Underhanded Strike"],"picked":"Masterful Stab","floor":1},{"not_picked":["Cloak And Dagger","PiercingWail"],"picked":"Blur","floor":4},{"not_picked":["Dagger Spray","Skewer"],"picked":"Noxious Fumes","floor":7},{"not_picked":["Dagger Throw","Tactician"],"picked":"Deadly Poison","floor":11},{"not_picked":["Dagger Throw","Sucker Punch"],"picked":"Poisoned Stab","floor":12},{"not_picked":["Expertise","Terror"],"picked":"Crippling Poison","floor":13},{"not_picked":["Blade Dance","Riddle With Holes"],"picked":"Well Laid Plans","floor":14},{"not_picked":["Deflect","Dash"],"picked":"Die Die Die","floor":15},{"not_picked":["Adrenaline","A Thousand Cuts"],"picked":"Envenom","floor":16},{"not_picked":["Slice","Leg Sweep"],"picked":"Backflip+1","floor":18},{"not_picked":["Quick Slash","Sucker Punch"],"picked":"Eviscerate+1","floor":19},{"not_picked":["Escape Plan+1","Deadly Poison"],"picked":"Noxious Fumes","floor":20},{"not_picked":["PiercingWail","Predator"],"picked":"Heel Hook+1","floor":22},{"not_picked":["Tactician","Accuracy"],"picked":"Dagger Throw","floor":27},{"not_picked":["Dagger Throw","PiercingWail"],"picked":"Deadly Poison","floor":28},{"not_picked":["Caltrops","Expertise"],"picked":"Tactician","floor":29},{"not_picked":["Footwork+1","PiercingWail"],"picked":"Bouncing Flask","floor":32}],"player_experience":273146,"relics_obtained":[{"floor":7,"key":"Potion Belt"},{"floor":9,"key":"Dream Catcher"},{"floor":11,"key":"Nunchaku"},{"floor":14,"key":"Blood Vial"},{"floor":26,"key":"Paper Crane"}],"event_choices":[{"damage_healed":0,"gold_gain":75,"player_choice":"Gather Gold","damage_taken":11,"max_hp_gain":0,"max_hp_loss":0,"event_name":"World of Goop","floor":2,"gold_loss":0},{"damage_healed":0,"gold_gain":175,"player_choice":"AGREE","damage_taken":0,"max_hp_gain":0,"max_hp_loss":0,"event_name":"Liars Game","floor":3,"gold_loss":0,"cards_obtained":["Doubt"]},{"cards_removed":["Doubt"],"damage_healed":0,"gold_gain":0,"player_choice":"Card Removal","damage_taken":0,"max_hp_gain":0,"max_hp_loss":0,"event_name":"The Cleric","floor":5,"gold_loss":50},{"cards_removed":["Blur"],"damage_healed":0,"gold_gain":0,"player_choice":"Took Card","damage_taken":0,"max_hp_gain":0,"max_hp_loss":0,"event_name":"NoteForYourself","floor":8,"gold_loss":0,"cards_obtained":["Iron Wave"]},{"damage_healed":0,"gold_gain":0,"player_choice":"Became a vampire","damage_taken":0,"max_hp_gain":0,"max_hp_loss":21,"event_name":"Vampires","floor":21,"gold_loss":0,"cards_obtained":["Bite","Bite","Bite","Bite","Bite"]},{"damage_healed":0,"gold_gain":0,"player_choice":"Fight","damage_taken":0,"max_hp_gain":0,"max_hp_loss":0,"event_name":"Colosseum","floor":25,"gold_loss":0},{"damage_healed":0,"gold_gain":0,"player_choice":"Fled From Nobs","damage_taken":0,"max_hp_gain":0,"max_hp_loss":0,"event_name":"Colosseum","floor":25,"gold_loss":0},{"damage_healed":0,"gold_gain":0,"player_choice":"Upgraded","damage_taken":0,"max_hp_gain":0,"max_hp_loss":0,"event_name":"Upgrade Shrine","floor":30,"gold_loss":0,"cards_upgraded":["Crippling Poison"]}],"is_beta":false,"boss_relics":[{"not_picked":["Orrery","Runic Dome"],"picked":"Sozu"}],"items_purged_floors":[],"is_endless":false,"potions_floor_spawned":[1,13,14,16,20,22,29],"killed_by":"Automaton","ascension_level":0}