{"gold_per_floor":[115,28,47,58,68,68,97,97,97,113,131,164,177,252,252,326,326,343,343,343,343,313,313,313,313,313,313,328,201,218,245,245,319,319,333,333,343,1342,674,674,674,708,731,731,751,770,319,319,319,319,319,319,319,76,108,108],"floor_reached":56,"playtime":1917,"items_purged":["Strike_B","Barrage"],"score":2035,"play_id":"b2180882-790a-4077-a28b-141dcc6f9fd6","local_time":"20190423154837","is_ascension_mode":true,"campfire_choices":[{"data":"Zap","floor":6.0,"key":"SMITH"},{"data":"Sunder","floor":15.0,"key":"SMITH"},{"data":"Dualcast","floor":23.0,"key":"SMITH"},{"data":"Heatsinks","floor":25.0,"key":"SMITH"},{"floor":27.0,"key":"REST"},{"data":"Capacitor","floor":32.0,"key":"SMITH"},{"data":"Sunder","floor":40.0,"key":"SMITH"},{"floor":49.0,"key":"RECALL"},{"data":"Meteor Strike","floor":53.0,"key":"SMITH"}],"neow_cost":"PERCENT_DAMAGE","seed_source_timestamp":185451419447,"circlet_count":0,"master_deck":["AscendersBane","Zap+1","Dualcast+1","Conserve Battery","Electrodynamics","Ball Lightning+1","BootSequence","Glacier","Capacitor+1","Heatsinks+1","Coolheaded+1","Sunder+1","Meteor Strike+1","Turbo+1","Double Energy+1","Redo+1","Compile Driver+1","Coolheaded+1","Echo Form","Machine Learning","Sunder+1","Darkness+1","Steam+1","Fusion+1","Loop+1","Impervious+1","Backflip+1","Enlightenment+1","Thunder Strike"],"special_seed":0,"relics":["Cracked Core","Gambling Chip","Pen Nib","Art of War","Toxic Egg 2","Runic Pyramid","Necronomicon","Omamori","Pandora\u0027s Box","Letter Opener","PrismaticShard","Juzu Bracelet","Orichalcum","Strawberry","Lantern","Bottled Flame","Meat on the Bone","Whetstone"],"potions_floor_usage":[56],"damage_taken":[{"damage":2.0,"enemies":"Jaw Worm","floor":1.0,"turns":3.0},{"damage":0.0,"enemies":"Cultist","floor":3.0,"turns":3.0},{"damage":10.0,"enemies":"Small Slimes","floor":4.0,"turns":3.0},{"damage":0.0,"enemies":"3 Louse","floor":5.0,"turns":2.0},{"damage":0.0,"enemies":"3 Sentries","floor":7.0,"turns":3.0},{"damage":0.0,"enemies":"Large Slime","floor":10.0,"turns":4.0},{"damage":0.0,"enemies":"Looter","floor":11.0,"turns":3.0},{"damage":21.0,"enemies":"Gremlin Nob","floor":12.0,"turns":4.0},{"damage":0.0,"enemies":"3 Louse","floor":13.0,"turns":2.0},{"damage":0.0,"enemies":"Slime Boss","floor":16.0,"turns":10.0},{"damage":11.0,"enemies":"Spheric Guardian","floor":18.0,"turns":4.0},{"damage":0.0,"enemies":"3 Byrds","floor":24.0,"turns":2.0},{"damage":11.0,"enemies":"Shelled Parasite and Fungi","floor":28.0,"turns":2.0},{"damage":1.0,"enemies":"Snake Plant","floor":30.0,"turns":3.0},{"damage":2.0,"enemies":"Book of Stabbing","floor":31.0,"turns":3.0},{"damage":2.0,"enemies":"Champ","floor":33.0,"turns":8.0},{"damage":6.0,"enemies":"Orb Walker","floor":35.0,"turns":3.0},{"damage":12.0,"enemies":"3 Shapes","floor":37.0,"turns":2.0},{"damage":0.0,"enemies":"Giant Head","floor":42.0,"turns":4.0},{"damage":26.0,"enemies":"Jaw Worm Horde","floor":45.0,"turns":2.0},{"damage":2.0,"enemies":"Writhing Mass","floor":46.0,"turns":6.0},{"damage":10.0,"enemies":"Awakened One","floor":50.0,"turns":6.0},{"damage":6.0,"enemies":"Time Eater","floor":51.0,"turns":9.0},{"damage":48.0,"enemies":"Shield and Spear","floor":55.0,"turns":4.0},{"damage":17,"enemies":"The Heart","floor":56,"turns":3}],"seed_played":"-4312922583385138716","potions_obtained":[{"floor":1.0,"key":"Block Potion"},{"floor":7.0,"key":"Fire Potion"},{"floor":12.0,"key":"Energy Potion"},{"floor":22.0,"key":"SneckoOil"},{"floor":22.0,"key":"SmokeBomb"},{"floor":30.0,"key":"Dexterity Potion"},{"floor":31.0,"key":"Dexterity Potion"},{"floor":46.0,"key":"Swift Potion"},{"floor":55.0,"key":"SteroidPotion"}],"is_trial":false,"path_per_floor":["M","$","M","M","M","R","E","?","T","M","M","E","M","?","R","B",null,"M","?","?","?","?","R","M","R","T","R","M","$","M","E","R","B",null,"M","?","M","?","$","R","T","E","T","?","M","M","$","T","R","B","B",null,"R","$","E","B"],"character_chosen":"DEFECT","items_purchased":["Electrodynamics","Compile Driver","Letter Opener","Loop","PrismaticShard","Lantern","Bottled Flame","Enlightenment+1","Thunder Strike"],"campfire_rested":1,"item_purchase_floors":[2,29,39,39,39,47,47,54,54],"current_hp_per_floor":[44,44,44,34,34,34,34,34,34,34,34,13,13,2,2,2,54,43,22,22,22,22,22,22,22,22,43,32,32,31,29,29,27,60,54,54,42,42,42,42,42,42,49,49,23,21,21,21,21,23,29,66,66,66,30,13],"gold":108,"neow_bonus":"ONE_RARE_RELIC","is_prod":false,"is_daily":false,"chose_seed":false,"campfire_upgraded":7,"win_rate":0,"timestamp":1556005717,"path_taken":["M","$","M","M","M","R","E","?","T","?","?","E","M","?","R","BOSS","M","?","?","?","?","R","?","R","T","R","M","$","M","E","R","BOSS","M","?","M","?","$","R","?","E","T","?","M","M","$","?","R","BOSS","BOSS","R","$","E","BOSS"],"build_version":"2019-01-23","purchased_purges":2,"victory":false,"max_hp_per_floor":[71,71,71,71,71,71,71,71,71,71,71,71,71,71,71,71,71,71,71,71,71,71,71,71,71,71,71,71,71,71,71,71,71,71,71,71,71,71,71,71,71,71,78,78,78,78,78,78,78,78,78,78,78,78,78,78],"card_choices":[{"not_picked":["Compile Driver","Barrage"],"picked":"Conserve Battery","floor":1.0},{"not_picked":["Leap","Force Field"],"picked":"Ball Lightning","floor":3.0},{"not_picked":["Melter","Lockon"],"picked":"BootSequence","floor":4.0},{"not_picked":["Stack","Go for the Eyes"],"picked":"Glacier","floor":5.0},{"not_picked":["Beam Cell","Hologram"],"picked":"Capacitor","floor":7.0},{"not_picked":["Doom and Gloom","Rip and Tear","Stack"],"picked":"SKIP","floor":10.0},{"not_picked":["Compile Driver","Redo"],"picked":"Heatsinks","floor":11.0},{"not_picked":["Buffer","Hologram"],"picked":"Coolheaded","floor":12.0},{"not_picked":["Rebound","Beam Cell"],"picked":"Sunder","floor":13.0},{"not_picked":["All For One","Creative AI"],"picked":"Meteor Strike","floor":16.0},{"not_picked":["Auto Shields+1","Chill+1"],"picked":"Turbo+1","floor":18.0},{"not_picked":["Double Energy+1","Leap+1"],"picked":"Redo+1","floor":28.0},{"not_picked":["Conserve Battery+1","Leap+1","Gash"],"picked":"SKIP","floor":30.0},{"not_picked":["Stack+1","Go for the Eyes"],"picked":"Coolheaded+1","floor":31.0},{"not_picked":["Biased Cognition","Hyperbeam"],"picked":"Echo Form","floor":33.0},{"not_picked":["Barrage","FTL"],"picked":"Fusion+1","floor":35.0},{"not_picked":["Melter+1","Sweeping Beam","Barrage"],"picked":"SKIP","floor":37.0},{"not_picked":["Beam Cell","Static Discharge","Bane"],"picked":"SKIP","floor":42.0},{"not_picked":["Gash+1","Poisoned Stab"],"picked":"Impervious+1","floor":45.0},{"not_picked":["Tactician+1","Perfected Strike"],"picked":"Backflip+1","floor":46.0},{"not_picked":["Rip and Tear","Steam+1","Sucker Punch"],"picked":"SKIP","floor":55.0}],"player_experience":1450761,"relics_obtained":[{"floor":7.0,"key":"Pen Nib"},{"floor":9.0,"key":"Art of War"},{"floor":12.0,"key":"Toxic Egg 2"},{"floor":19.0,"key":"Necronomicon"},{"floor":31.0,"key":"Omamori"},{"floor":41.0,"key":"Juzu Bracelet"},{"floor":42.0,"key":"Orichalcum"},{"floor":43.0,"key":"Strawberry"},{"floor":48.0,"key":"Meat on the Bone"},{"floor":55.0,"key":"Whetstone"}],"event_choices":[{"cards_removed":["Strike_B"],"damage_healed":0.0,"max_hp_gain":0.0,"max_hp_loss":0.0,"gold_gain":0.0,"event_name":"Purifier","player_choice":"Purged","floor":8.0,"gold_loss":0.0,"damage_taken":0.0},{"damage_healed":0.0,"max_hp_gain":0.0,"max_hp_loss":0.0,"gold_gain":75.0,"event_name":"World of Goop","player_choice":"Gather Gold","floor":14.0,"gold_loss":0.0,"damage_taken":11.0},{"damage_healed":0.0,"max_hp_gain":0.0,"max_hp_loss":0.0,"gold_gain":0.0,"event_name":"Cursed Tome","player_choice":"Obtained Book","floor":19.0,"gold_loss":0.0,"damage_taken":21.0},{"cards_removed":["Strike_B"],"damage_healed":0.0,"max_hp_gain":0.0,"max_hp_loss":0.0,"gold_gain":0.0,"event_name":"Back to Basics","player_choice":"Elegance","floor":20.0,"gold_loss":0.0,"damage_taken":0.0},{"damage_healed":0.0,"max_hp_gain":0.0,"max_hp_loss":0.0,"gold_gain":0.0,"event_name":"The Library","player_choice":"Read","floor":21.0,"gold_loss":0.0,"damage_taken":0.0,"cards_obtained":["Double Energy"]},{"damage_healed":0.0,"max_hp_gain":0.0,"max_hp_loss":0.0,"gold_gain":0.0,"event_name":"The Woman in Blue","player_choice":"Bought 2 Potions","floor":22.0,"gold_loss":0.0,"damage_taken":0.0},{"damage_healed":0.0,"max_hp_gain":0.0,"max_hp_loss":0.0,"gold_gain":0.0,"event_name":"Tomb of Lord Red Mask","player_choice":"Ignored","floor":36.0,"gold_loss":0.0,"damage_taken":0.0},{"damage_healed":0.0,"max_hp_gain":0.0,"max_hp_loss":0.0,"gold_gain":999.0,"event_name":"MindBloom","player_choice":"Gold","floor":38.0,"gold_loss":0.0,"damage_taken":0.0,"cards_obtained":["Normality","Normality"]},{"damage_healed":0.0,"max_hp_gain":0.0,"max_hp_loss":0.0,"gold_gain":0.0,"event_name":"Upgrade Shrine","player_choice":"Upgraded","floor":44.0,"gold_loss":0.0,"damage_taken":0.0,"cards_upgraded":["Loop"]}],"is_beta":false,"boss_relics":[{"not_picked":["Velvet Choker","Sozu"],"picked":"Runic Pyramid"},{"not_picked":["Runic Dome","FrozenCore"],"picked":"Pandora\u0027s Box"}],"items_purged_floors":[29,39],"is_endless":false,"potions_floor_spawned":[1,7,10,11,12,13,30,31,42,46,55],"killed_by":"The Heart","ascension_level":20}