{"gold_per_floor":[111,111,111,125,140,178,178,201,275,275,275,275,291,310,310,431,431,356,356,356,372,396,396,59,59,59,59,99,114,114,147,147,272,272,296,296,320,7,31,31,55,55,55,55,74,114,114,129,129,129],"floor_reached":51,"playtime":4571,"items_purged":["Writhe"],"score":715,"play_id":"d5367264-5ff8-4c6e-abf9-7ba2c3510624","local_time":"20181226211301","is_ascension_mode":false,"campfire_choices":[{"floor":7.0,"key":"REST"},{"floor":11.0,"key":"REST"},{"data":"Rampage","floor":15.0,"key":"SMITH"},{"floor":23.0,"key":"REST"},{"data":"Entrench","floor":25.0,"key":"SMITH"},{"data":"Juggernaut","floor":27.0,"key":"SMITH"},{"floor":32.0,"key":"REST"},{"floor":40,"key":"REST"},{"data":"Iron Wave","floor":42,"key":"SMITH"},{"floor":47,"key":"REST"},{"data":"Clothesline","floor":49,"key":"SMITH"}],"neow_cost":"NONE","seed_source_timestamp":0,"circlet_count":0,"master_deck":["Strike_R","Strike_R","Strike_R","Strike_R","Defend_R","Defend_R+1","Defend_R+1","Defend_R","Bash","True Grit","Iron Wave","Feel No Pain","Clothesline+1","Shrug It Off","Entrench+1","Ghostly Armor","Rampage+1","Iron Wave+1","Juggernaut+1","Clothesline","Pommel Strike+1","Body Slam+1","Armaments+1","Flash of Steel","Warcry","Shrug It Off+1","Shrug It Off","Flame Barrier+1","Juggernaut+1","Pommel Strike+1","Armaments+1","Metallicize","Seeing Red+1","Shockwave+1"],"special_seed":0,"relics":["Burning Blood","Pen Nib","Prayer Wheel","Golden Idol","Oddly Smooth Stone","Question Card","Mark of Pain","Pear","Ornamental Fan","War Paint","Regal Pillow","Darkstone Periapt","Runic Cube","Sling","Vajra","Mummified Hand"],"potions_floor_usage":[50],"damage_taken":[{"damage":8.0,"enemies":"Jaw Worm","floor":1.0,"turns":4.0},{"damage":3.0,"enemies":"Small Slimes","floor":4.0,"turns":4.0},{"damage":0.0,"enemies":"2 Louse","floor":5.0,"turns":3.0},{"damage":27.0,"enemies":"Lagavulin","floor":6.0,"turns":10.0},{"damage":2.0,"enemies":"Large Slime","floor":8.0,"turns":6.0},{"damage":0.0,"enemies":"Red Slaver","floor":13.0,"turns":3.0},{"damage":5.0,"enemies":"Looter","floor":14.0,"turns":5.0},{"damage":41.0,"enemies":"Slime Boss","floor":16.0,"turns":14.0},{"damage":12.0,"enemies":"2 Thieves","floor":18.0,"turns":5.0},{"damage":7.0,"enemies":"Chosen","floor":21.0,"turns":6.0},{"damage":50.0,"enemies":"Sentry and Sphere","floor":22.0,"turns":8.0},{"damage":7.0,"enemies":"Book of Stabbing","floor":28.0,"turns":7.0},{"damage":8.0,"enemies":"Centurion and Healer","floor":29.0,"turns":6.0},{"damage":25.0,"enemies":"Slavers","floor":31.0,"turns":7.0},{"damage":60.0,"enemies":"Automaton","floor":33.0,"turns":12.0},{"damage":16.0,"enemies":"3 Darklings","floor":35.0,"turns":6.0},{"damage":17,"enemies":"3 Shapes","floor":37,"turns":5},{"damage":37,"enemies":"3 Darklings","floor":39,"turns":4},{"damage":4,"enemies":"Transient","floor":41,"turns":5},{"damage":14,"enemies":"Sphere and 2 Shapes","floor":45,"turns":5},{"damage":37,"enemies":"Giant Head","floor":46,"turns":9},{"damage":16,"enemies":"4 Shapes","floor":48,"turns":5},{"damage":33,"enemies":"Time Eater","floor":50,"turns":11}],"seed_played":"-2812440957480347773","potions_obtained":[{"floor":4.0,"key":"Energy Potion"},{"floor":6.0,"key":"SpeedPotion"},{"floor":14.0,"key":"Block Potion"},{"floor":29.0,"key":"Fruit Juice"},{"floor":31.0,"key":"Ancient Potion"},{"floor":33.0,"key":"Block Potion"}],"is_trial":false,"path_per_floor":["M","?","?","M","M","E","R","M","T","?","R","?","M","M","R","B",null,"M","?","?","M","M","R","$","R","T","R","E","M","$","E","R","B",null,"M","M","?","M","$","M","R","M","R","T","?","M","E","R","M","R","B",null],"character_chosen":"IRONCLAD","items_purchased":["Flash of Steel","Ornamental Fan","Metallicize","Sling"],"campfire_rested":6,"item_purchase_floors":[24,24,38,38],"current_hp_per_floor":[78,53,33,36,42,21,45,49,49,49,73,80,80,80,80,45,80,74,84,84,83,39,66,66,66,66,66,65,63,63,49,92,38,95,85,85,74,74,43,86,88,88,88,88,80,49,92,82,82,55],"gold":129,"neow_bonus":"RANDOM_COMMON_RELIC","is_prod":false,"is_daily":false,"chose_seed":false,"campfire_upgraded":5,"win_rate":0.0,"timestamp":1545876781,"path_taken":["M","?","?","?","M","E","R","M","T","?","R","?","?","M","R","BOSS","M","?","?","M","M","R","$","R","T","R","E","?","?","E","R","BOSS","M","?","?","?","M","R","M","R","T","?","?","E","R","M","R","BOSS"],"build_version":"2018-12-20","purchased_purges":1,"victory":true,"max_hp_per_floor":[80,80,80,80,80,80,80,80,80,80,80,80,80,80,80,80,80,80,90,90,90,90,90,90,90,90,90,90,90,90,95,95,95,95,95,95,95,95,95,95,95,95,95,95,95,95,95,95,95,95],"card_choices":[{"not_picked":["Perfected Strike","Bloodletting"],"picked":"True Grit","floor":1.0},{"not_picked":["Body Slam","Cleave"],"picked":"Iron Wave","floor":4.0},{"not_picked":["Thunderclap","Heavy Blade","Perfected Strike"],"picked":"SKIP","floor":4.0},{"not_picked":["Corruption","Burning Pact"],"picked":"Feel No Pain","floor":5.0},{"not_picked":["Carnage","Warcry"],"picked":"Clothesline","floor":5.0},{"not_picked":["Fire Breathing","Dual Wield","Rage"],"picked":"SKIP","floor":6.0},{"not_picked":["Clash","Flex"],"picked":"Shrug It Off","floor":8.0},{"not_picked":["Flex","Iron Wave"],"picked":"Entrench","floor":8.0},{"not_picked":["Perfected Strike","Headbutt","Heavy Blade"],"picked":"Ghostly Armor","floor":13.0},{"not_picked":["Thunderclap","Limit Break","Clothesline"],"picked":"Rampage","floor":13.0},{"not_picked":["Warcry","Pommel Strike","Headbutt"],"picked":"Iron Wave","floor":14.0},{"not_picked":["Perfected Strike","Anger","Fire Breathing","Sword Boomerang"],"picked":"SKIP","floor":14.0},{"not_picked":["Feed","Fiend Fire","Bludgeon"],"picked":"Juggernaut","floor":16.0},{"not_picked":["Dropkick","Sword Boomerang+1","Second Wind"],"picked":"Clothesline","floor":18.0},{"not_picked":["Cleave","Pummel+1","Bloodletting","Pommel Strike"],"picked":"SKIP","floor":18.0},{"not_picked":["Flex","Blood for Blood+1","Sever Soul"],"picked":"Pommel Strike+1","floor":21.0},{"not_picked":["Sword Boomerang","Thunderclap","Clash+1"],"picked":"Body Slam+1","floor":21.0},{"not_picked":["True Grit","Clothesline+1","Clash"],"picked":"Armaments+1","floor":22.0},{"not_picked":["Perfected Strike","Twin Strike","Pommel Strike","Headbutt+1"],"picked":"SKIP","floor":22.0},{"not_picked":["Whirlwind","Double Tap","Fiend Fire"],"picked":"Warcry","floor":28.0},{"not_picked":["Sever Soul","Berserk","Headbutt"],"picked":"Shrug It Off+1","floor":29.0},{"not_picked":["Carnage","Disarm","Anger","True Grit"],"picked":"SKIP","floor":29.0},{"not_picked":["Inflame+1","Clash","Dual Wield"],"picked":"Shrug It Off","floor":31.0},{"not_picked":["Hemokinesis+1","Power Through","Seeing Red+1"],"picked":"Flame Barrier+1","floor":35},{"not_picked":["Heavy Blade","Headbutt","Pummel+1","Burning Pact"],"picked":"SKIP","floor":35},{"not_picked":["Headbutt","Burning Pact+1","Combust"],"picked":"Pommel Strike+1","floor":37},{"not_picked":["Clothesline+1","Carnage+1","Fire Breathing"],"picked":"Armaments+1","floor":37},{"not_picked":["Battle Trance","Thunderclap","Sever Soul","Shockwave"],"picked":"SKIP","floor":39},{"not_picked":["Clash+1","Headbutt","Heavy Blade+1","Cleave"],"picked":"SKIP","floor":39},{"not_picked":["Rampage","Cleave","True Grit+1"],"picked":"Seeing Red+1","floor":41},{"not_picked":["Fiend Fire","Flex+1","Dropkick+1","True Grit+1"],"picked":"SKIP","floor":41},{"not_picked":["Cleave","Headbutt","Clash","Sword Boomerang"],"picked":"SKIP","floor":45},{"not_picked":["Sword Boomerang+1","Anger","Second Wind","Dual Wield+1"],"picked":"SKIP","floor":45},{"not_picked":["Searing Blow+1","Shrug It Off","Sever Soul+1"],"picked":"Shockwave+1","floor":46},{"not_picked":["Thunderclap+1","Cleave+1","Spot Weakness+1","Sword Boomerang+1"],"picked":"SKIP","floor":48},{"not_picked":["Headbutt","Clothesline","True Grit","Pommel Strike"],"picked":"SKIP","floor":48}],"player_experience":33281,"relics_obtained":[{"floor":6.0,"key":"Oddly Smooth Stone"},{"floor":9.0,"key":"Question Card"},{"floor":26.0,"key":"War Paint"},{"floor":28.0,"key":"Regal Pillow"},{"floor":31.0,"key":"Darkstone Periapt"},{"floor":43,"key":"Vajra"},{"floor":46,"key":"Mummified Hand"}],"event_choices":[{"damage_healed":0.0,"max_hp_gain":0.0,"max_hp_loss":0.0,"gold_gain":0.0,"event_name":"Scrap Ooze","player_choice":"Success","floor":2.0,"gold_loss":0.0,"damage_taken":25.0,"relics_obtained":["Prayer Wheel"]},{"damage_healed":0.0,"max_hp_gain":0.0,"max_hp_loss":0.0,"gold_gain":0.0,"event_name":"Golden Idol","player_choice":"Take Damage","floor":3.0,"gold_loss":0.0,"damage_taken":20.0,"relics_obtained":["Golden Idol"]},{"damage_healed":0.0,"max_hp_gain":0.0,"max_hp_loss":0.0,"gold_gain":0.0,"event_name":"Liars Game","player_choice":"Ignored","floor":10.0,"gold_loss":0.0,"damage_taken":0.0},{"damage_healed":7.0,"max_hp_gain":0.0,"max_hp_loss":0.0,"gold_gain":0.0,"event_name":"Wheel of Change","player_choice":"Full Heal","floor":12.0,"gold_loss":0.0,"damage_taken":0.0},{"damage_healed":0.0,"max_hp_gain":0.0,"max_hp_loss":0.0,"gold_gain":0.0,"event_name":"The Mausoleum","player_choice":"Opened","floor":19.0,"gold_loss":0.0,"damage_taken":0.0,"relics_obtained":["Pear"],"cards_obtained":["Writhe"]},{"damage_healed":0.0,"max_hp_gain":0.0,"max_hp_loss":0.0,"gold_gain":0.0,"event_name":"Ghosts","player_choice":"Ignored","floor":20.0,"gold_loss":0.0,"damage_taken":0.0},{"damage_healed":0,"gold_gain":0,"player_choice":"Copied","damage_taken":0,"max_hp_gain":0,"max_hp_loss":0,"event_name":"Duplicator","floor":36,"gold_loss":0,"cards_obtained":["Juggernaut"]},{"cards_removed":["Strike_R"],"damage_healed":0,"gold_gain":0,"player_choice":"Purged","damage_taken":0,"max_hp_gain":0,"max_hp_loss":0,"event_name":"Purifier","floor":44,"gold_loss":0}],"is_beta":false,"boss_relics":[{"not_picked":["Busted Crown","Fusion Hammer"],"picked":"Mark of Pain"},{"not_picked":["Coffee Dripper","Orrery"],"picked":"Runic Cube"}],"items_purged_floors":[38],"is_endless":false,"potions_floor_spawned":[4,6,14,22,29,31,33,37,39,46],"ascension_level":0}