{"path_per_floor":["M","?","?","M","?","E","R","E","T","M","M","$","M","$","R","B",null,"M","?","$","M","M","R"],"character_chosen":"DEFECT","items_purchased":["Cold Snap+1"],"gold_per_floor":[20,195,195,211,161,196,196,225,225,242,257,128,145,45,45,150,150,164,164,39,53,66,66,66],"floor_reached":24,"campfire_rested":2,"playtime":749,"item_purchase_floors":[12],"current_hp_per_floor":[72,72,72,70,70,53,53,30,30,30,30,30,18,18,40,28,75,60,60,60,35,22,44,0],"items_purged":["Strike_B","Defend_B","Strike_B"],"gold":66,"score":247,"play_id":"7415ce85-969d-49cf-93be-f8fa2360a260","local_time":"20180612231253","is_prod":false,"is_daily":false,"chose_seed":false,"is_ascension_mode":true,"campfire_upgraded":1,"win_rate":0,"timestamp":1528816373,"campfire_choices":[{"data":"Streamline","floor":7,"key":"SMITH"},{"floor":15,"key":"REST"},{"floor":23,"key":"REST"}],"path_taken":["M","?","?","M","?","E","R","E","T","M","?","?","M","?","R","BOSS","M","?","$","M","?","R","E"],"build_version":"2018-06-07v3","seed_source_timestamp":453292726335628,"purchased_purges":3,"victory":false,"master_deck":["Strike_B","Defend_B","Defend_B","Zap+1","Dualcast","Scrape","Streamline+1","Glacier","Conserve Battery","Defragment","Cold Snap+1","Go for the Eyes+1","Creative AI","Blizzard+1","Gash+1","FTL+1"],"max_hp_per_floor":[75,75,75,75,75,75,75,75,75,75,75,75,75,75,75,75,75,75,75,75,75,75,75,75],"relics":["Cracked Core","Molten Egg 2","Bronze Scales","Bag of Marbles","Cursed Key"],"card_choices":[{"not_picked":["Stack","Steam Power"],"picked":"Scrape","floor":1},{"not_picked":["Double Energy","Redo"],"picked":"Streamline","floor":4},{"not_picked":["Loop","Darkness"],"picked":"Glacier","floor":6},{"not_picked":["Leap","Double Energy","Consume"],"picked":"SKIP","floor":8},{"not_picked":["Heatsinks","Ball Lightning+1"],"picked":"Conserve Battery","floor":10},{"not_picked":["Sweeping Beam+1","Steam"],"picked":"Defragment","floor":11},{"not_picked":["Coolheaded","Hello World"],"picked":"Go for the Eyes+1","floor":13},{"not_picked":["Hyperbeam+1","Amplify"],"picked":"Creative AI","floor":16},{"not_picked":["Sweeping Beam+1","Hologram+1"],"picked":"Blizzard+1","floor":18},{"not_picked":["Glacier","Stack","Ball Lightning+1"],"picked":"SKIP","floor":21},{"not_picked":["Sunder+1","Skim"],"picked":"FTL+1","floor":22}],"player_experience":255770,"potions_floor_usage":[8,16,21,24],"damage_taken":[{"damage":3,"enemies":"2 Louse","floor":1,"turns":2},{"damage":2,"enemies":"Small Slimes","floor":4,"turns":3},{"damage":17,"enemies":"3 Sentries","floor":6,"turns":5},{"damage":23,"enemies":"Lagavulin","floor":8,"turns":4},{"damage":0,"enemies":"Jaw Worm","floor":10,"turns":2},{"damage":0,"enemies":"Blue Slaver","floor":11,"turns":3},{"damage":12,"enemies":"Lots of Slimes","floor":13,"turns":3},{"damage":12,"enemies":"Slime Boss","floor":16,"turns":9},{"damage":15,"enemies":"Chosen","floor":18,"turns":4},{"damage":25,"enemies":"2 Thieves","floor":21,"turns":4},{"damage":13,"enemies":"Snecko","floor":22,"turns":4},{"damage":48,"enemies":"Slavers","floor":24,"turns":2}],"relics_obtained":[{"floor":6,"key":"Molten Egg 2"},{"floor":8,"key":"Bronze Scales"},{"floor":9,"key":"Bag of Marbles"}],"event_choices":[{"event_name":"Liars Game","player_choice":"agreed","floor":2,"damage_taken":0},{"event_name":"Upgrade Shrine","player_choice":"Upgraded","floor":3,"damage_taken":0},{"event_name":"The Cleric","player_choice":"Card Removal","floor":5,"damage_taken":0},{"event_name":"The Library","player_choice":"Read","floor":19,"damage_taken":0}],"boss_relics":[{"not_picked":["Ectoplasm","Philosopher\u0027s Stone"],"picked":"Cursed Key"}],"items_purged_floors":[12,14,20],"potions_floor_spawned":[6,8,11,13],"seed_played":"-6639409022039093701","killed_by":"Slavers","ascension_level":4,"potions_obtained":[{"floor":6,"key":"FocusPotion"},{"floor":8,"key":"LiquidBronze"},{"floor":11,"key":"Weak Potion"},{"floor":13,"key":"Weak Potion"}],"is_trial":false}