{"path_per_floor":["M","?","$","M","?","M","R","E","T","R","?","T","$","M","R","B",null,"M","?","M"],"character_chosen":"DEFECT","items_purchased":["Rebound","Beam Cell","Turbo"],"gold_per_floor":[110,110,40,53,53,71,71,105,105,105,70,70,25,18,18,116,116,129,129,140,140],"floor_reached":21,"campfire_rested":1,"playtime":808,"current_hp_per_floor":[65,65,65,59,59,49,49,29,29,51,69,69,69,56,56,11,59,52,52,17,0],"items_purged":[],"gold":140,"score":266,"play_id":"d5bf76a8-53cb-45c0-8c7a-bb35e9040a63","local_time":"20180517132513","is_prod":false,"is_daily":false,"chose_seed":false,"is_ascension_mode":true,"campfire_upgraded":2,"timestamp":1526577913,"campfire_choices":[{"data":"Beam Cell","floor":7,"key":"SMITH"},{"floor":10,"key":"REST"},{"data":"Consume","floor":15,"key":"SMITH"}],"path_taken":["M","?","?","M","?","?","R","E","T","R","?","?","$","?","R","BOSS","M","?","M","M"],"build_version":"2018-05-16","seed_source_timestamp":107699504654485,"purchased_purges":0,"victory":false,"master_deck":["Strike_B","Strike_B","Strike_B","Strike_B","Defend_B","Defend_B","Defend_B","Zap+1","Dualcast","AscendersBane","White Noise","Rebound","Beam Cell+1","Cold Snap","Injury","Chill","Turbo","Consume+1","Biased Cognition","Genetic Algorithm+1","Chill"],"max_hp_per_floor":[75,75,75,75,75,75,75,75,75,75,75,75,75,75,75,75,75,75,75,75,75],"relics":["Cracked Core","Ginger","Question Card","Regal Pillow","Nuclear Battery","Happy Flower"],"card_choices":[{"not_picked":["Steam Power","Capacitor"],"picked":"White Noise","floor":1},{"not_picked":["Steam Power","Coolheaded"],"picked":"Cold Snap","floor":4},{"not_picked":["Melter","Go for the Eyes","Heatsinks"],"picked":"SKIP","floor":6},{"not_picked":["Conserve Battery","Steam"],"picked":"Chill","floor":8},{"not_picked":["Conserve Battery","Steam","Storm"],"picked":"Consume","floor":14},{"not_picked":["Machine Learning","Creative AI","Hyperbeam"],"picked":"Biased Cognition","floor":16},{"not_picked":["Loop+1","Cold Snap+1","Beam Cell"],"picked":"Genetic Algorithm+1","floor":18},{"not_picked":["Leap","Gash","Beam Cell"],"picked":"Chill","floor":20}],"player_experience":99382,"potions_floor_usage":[8,21,21],"damage_taken":[{"damage":3,"enemies":"Jaw Worm","floor":1,"turns":4},{"damage":6,"enemies":"Cultist","floor":4,"turns":3},{"damage":10,"enemies":"Small Slimes","floor":6,"turns":3},{"damage":27,"enemies":"3 Sentries","floor":8,"turns":8},{"damage":13,"enemies":"Exordium Thugs","floor":14,"turns":4},{"damage":45,"enemies":"The Guardian","floor":16,"turns":11},{"damage":7,"enemies":"Shell Parasite","floor":18,"turns":6},{"damage":35,"enemies":"2 Thieves","floor":20,"turns":5},{"damage":22,"enemies":"Snecko","floor":21,"turns":5}],"relics_obtained":[{"floor":8,"key":"Ginger"},{"floor":9,"key":"Question Card"},{"floor":12,"key":"Regal Pillow"}],"event_choices":[{"event_name":"Purifier","player_choice":"One Purge","floor":2,"damage_taken":0},{"event_name":"Accursed Blacksmith","player_choice":"Forge","floor":5,"damage_taken":0},{"event_name":"The Cleric","player_choice":"Healed","floor":11,"damage_taken":0},{"event_name":"The Mausoleum","player_choice":"Yes","floor":19,"damage_taken":0}],"boss_relics":[{"not_picked":["Sozu","Tiny House"],"picked":"Nuclear Battery"}],"potions_floor_spawned":[1,20],"seed_played":"-7063636036146583626","killed_by":"Snecko","ascension_level":10,"potions_obtained":[{"floor":1,"key":"Energy Potion"},{"floor":20,"key":"EntropicBrew"}],"is_trial":false}