{"gold_per_floor":[114,126,140,164,16,16,50,67,67,67,96,23,23,33,33,130,130,150,65,65,77,7,37,37,63,363,363,396,396,396],"floor_reached":30,"playtime":4467,"items_purged":[],"score":309,"play_id":"399285d4-0c37-4eeb-9442-6a8cf94a67f2","local_time":"20190422194742","is_ascension_mode":true,"campfire_choices":[{"floor":6.0,"key":"RECALL"},{"data":"BootSequence","floor":10.0,"key":"SMITH"},{"floor":15.0,"key":"REST"},{"data":"Loop","floor":24,"key":"SMITH"},{"floor":27,"key":"REST"}],"neow_cost":"NONE","seed_source_timestamp":0,"circlet_count":0,"master_deck":["Strike_B+1","Strike_B+1","Strike_B+1","Strike_B+1","Defend_B+1","Defend_B+1","Defend_B+1","Defend_B+1","Zap","Dualcast","Conserve Battery","Genetic Algorithm","Glacier","Loop+1","Ball Lightning","Rebound","Auto Shields","BootSequence+1","Sunder","Fusion","Genetic Algorithm","Multi-Cast","Barrage","Chaos+1","Self Repair","Loop+1","Doom and Gloom","Biased Cognition"],"special_seed":0,"relics":["Cracked Core","Peace Pipe","Potion Belt","Art of War","Inserter","Unceasing Top","Ancient Tea Set","Pantograph","Old Coin","Centennial Puzzle","SsserpentHead"],"potions_floor_usage":[18,23,25,25],"damage_taken":[{"damage":1.0,"enemies":"Cultist","floor":1.0,"turns":3.0},{"damage":7.0,"enemies":"2 Louse","floor":2.0,"turns":2.0},{"damage":5.0,"enemies":"Jaw Worm","floor":3.0,"turns":3.0},{"damage":9.0,"enemies":"Lagavulin","floor":7.0,"turns":11.0},{"damage":0.0,"enemies":"Large Slime","floor":8.0,"turns":5.0},{"damage":17.0,"enemies":"3 Sentries","floor":11.0,"turns":5.0},{"damage":2.0,"enemies":"Exordium Thugs","floor":14.0,"turns":5.0},{"damage":21.0,"enemies":"The Guardian","floor":16.0,"turns":13.0},{"damage":1,"enemies":"Shell Parasite","floor":18,"turns":9},{"damage":0,"enemies":"Chosen","floor":21,"turns":6},{"damage":29,"enemies":"Gremlin Leader","floor":23,"turns":8},{"damage":45,"enemies":"Slavers","floor":25,"turns":7},{"damage":38,"enemies":"Book of Stabbing","floor":28,"turns":8},{"damage":12,"enemies":"Slavers","floor":30,"turns":3}],"seed_played":"7078216495230718785","potions_obtained":[{"floor":3.0,"key":"Swift Potion"},{"floor":7.0,"key":"Explosive Potion"},{"floor":8.0,"key":"EssenceOfSteel"},{"floor":18,"key":"EssenceOfSteel"},{"floor":21,"key":"LiquidBronze"},{"floor":23,"key":"Swift Potion"}],"is_trial":false,"path_per_floor":["M","M","M","T","$","R","E","M","T","R","E","$","?","M","R","B",null,"M","?","?","M","$","E","R","E","T","R","E","?","E"],"character_chosen":"DEFECT","items_purchased":["Loop","Ball Lightning","Rebound","Fusion","Self Repair"],"campfire_rested":2,"item_purchase_floors":[5,5,5,12,22],"current_hp_per_floor":[81,74,69,69,69,69,60,60,60,60,43,43,43,41,65,44,82,81,81,81,81,81,59,59,21,21,45,7,7,0],"gold":396,"neow_bonus":"TEN_PERCENT_HP_BONUS","is_prod":false,"is_daily":false,"chose_seed":false,"campfire_upgraded":2,"win_rate":0,"timestamp":1555955262,"path_taken":["M","M","M","?","$","R","E","M","T","R","E","$","?","M","R","BOSS","M","?","?","M","$","E","R","E","T","R","E","?","E"],"build_version":"2019-01-23","purchased_purges":0,"victory":false,"max_hp_per_floor":[82,82,82,82,82,82,82,82,82,82,82,82,82,82,82,82,82,82,82,82,82,82,82,82,82,82,82,82,82,82],"card_choices":[{"not_picked":["Hologram","Scrape"],"picked":"Conserve Battery","floor":1.0},{"not_picked":["Conserve Battery","Blizzard"],"picked":"Genetic Algorithm","floor":2.0},{"not_picked":["Hello World","Steam Power"],"picked":"Glacier","floor":3.0},{"not_picked":["Leap","Loop"],"picked":"Auto Shields","floor":7.0},{"not_picked":["Scrape","Beam Cell"],"picked":"BootSequence","floor":8.0},{"not_picked":["Hologram","Heatsinks"],"picked":"Sunder","floor":11.0},{"not_picked":["Buffer","Turbo"],"picked":"Genetic Algorithm","floor":14.0},{"not_picked":["Buffer","All For One"],"picked":"Multi-Cast","floor":16.0},{"not_picked":["Coolheaded","Steam Power+1"],"picked":"Barrage","floor":18},{"not_picked":["Conserve Battery","Sunder"],"picked":"Chaos+1","floor":21},{"not_picked":["Hologram","Sweeping Beam+1"],"picked":"Loop","floor":23},{"not_picked":["Self Repair","Steam"],"picked":"Doom and Gloom","floor":25},{"not_picked":["Cold Snap","Ball Lightning"],"picked":"Biased Cognition","floor":28}],"player_experience":146556,"relics_obtained":[{"floor":7.0,"key":"Peace Pipe"},{"floor":9.0,"key":"Potion Belt"},{"floor":11.0,"key":"Art of War"},{"floor":23,"key":"Ancient Tea Set"},{"floor":25,"key":"Pantograph"},{"floor":26,"key":"Old Coin"},{"floor":28,"key":"Centennial Puzzle"}],"event_choices":[{"damage_healed":0.0,"max_hp_gain":0.0,"max_hp_loss":0.0,"gold_gain":0.0,"event_name":"Accursed Blacksmith","player_choice":"Forge","floor":13.0,"gold_loss":0.0,"damage_taken":0.0,"cards_upgraded":["Loop"]},{"damage_healed":0,"gold_gain":0,"player_choice":"Obtained Relic","damage_taken":0,"relics_obtained":["Unceasing Top"],"max_hp_gain":0,"max_hp_loss":0,"event_name":"Addict","floor":19,"gold_loss":85},{"damage_healed":0,"gold_gain":0,"player_choice":"Simplicity","damage_taken":0,"max_hp_gain":0,"max_hp_loss":0,"event_name":"Back to Basics","floor":20,"gold_loss":0,"cards_upgraded":["Strike_B","Strike_B","Strike_B","Strike_B","Defend_B","Defend_B","Defend_B","Defend_B"]},{"damage_healed":0,"gold_gain":0,"player_choice":"Trade","damage_taken":0,"relics_obtained":["SsserpentHead"],"max_hp_gain":0,"max_hp_loss":0,"event_name":"FaceTrader","floor":29,"gold_loss":0}],"is_beta":false,"boss_relics":[{"not_picked":["Coffee Dripper","Velvet Choker"],"picked":"Inserter"}],"items_purged_floors":[],"is_endless":false,"potions_floor_spawned":[3,7,8,18,21,23],"killed_by":"Slavers","ascension_level":1}