{"gold_per_floor":[116,116,135,135,135,135,135,153,153,191,191,205,205,223,223,223],"floor_reached":16,"playtime":268,"items_purged":[],"score":180,"play_id":"b7937835-d6eb-406c-b41f-3231c6261df4","local_time":"20190507171046","is_ascension_mode":true,"campfire_choices":[{"floor":6,"key":"REST"},{"floor":11,"key":"REST"},{"data":"Flame Barrier","floor":15,"key":"SMITH"}],"neow_cost":"NONE","seed_source_timestamp":201913228739000,"circlet_count":0,"master_deck":["AscendersBane","Strike_R","Strike_R","Strike_R","Strike_R","Defend_R","Defend_R","Defend_R+1","Defend_R","Bash","Flex","Infernal Blade+1","Flame Barrier+1","Flex"],"relics":["White Beast Statue","Golden Idol","Question Card","Art of War","Self Forming Clay"],"potions_floor_usage":[3,10,10,14,16],"damage_taken":[{"damage":10,"enemies":"2 Louse","floor":1,"turns":3},{"damage":9,"enemies":"Jaw Worm","floor":3,"turns":3},{"damage":0,"enemies":"Small Slimes","floor":8,"turns":2},{"damage":21,"enemies":"Gremlin Nob","floor":10,"turns":4},{"damage":1,"enemies":"2 Fungi Beasts","floor":12,"turns":3},{"damage":4,"enemies":"Large Slime","floor":14,"turns":4},{"damage":38,"enemies":"Slime Boss","floor":16,"turns":3}],"seed_played":"-9007124198466423904","potions_obtained":[{"floor":1,"key":"SkillPotion"},{"floor":3,"key":"Energy Potion"},{"floor":8,"key":"Ancient Potion"},{"floor":10,"key":"Block Potion"},{"floor":12,"key":"Explosive Potion"},{"floor":14,"key":"Swift Potion"}],"is_trial":false,"path_per_floor":["M","?","M","?","?","R","?","M","T","E","R","M","T","M","R","B"],"character_chosen":"IRONCLAD","items_purchased":[],"campfire_rested":2,"item_purchase_floors":[],"current_hp_per_floor":[58,32,23,23,23,45,22,22,22,1,23,22,22,18,18,0],"gold":223,"neow_bonus":"BOSS_RELIC","is_prod":false,"is_daily":false,"chose_seed":false,"campfire_upgraded":1,"win_rate":0,"timestamp":1557220246,"path_taken":["M","?","M","?","?","R","?","M","T","E","R","M","?","M","R","BOSS"],"build_version":"2019-01-23","purchased_purges":0,"victory":false,"max_hp_per_floor":[75,75,75,75,75,75,75,75,75,75,75,75,75,75,75,75],"card_choices":[{"not_picked":["Shrug It Off","Infernal Blade"],"picked":"Flex","floor":1},{"not_picked":["Evolve","Rupture"],"picked":"Infernal Blade","floor":3},{"not_picked":["True Grit","Rampage"],"picked":"Flame Barrier","floor":8},{"not_picked":["Warcry","Clothesline","Clash","Thunderclap"],"picked":"SKIP","floor":10},{"not_picked":["Sentinel","Evolve","Flame Barrier","Entrench"],"picked":"SKIP","floor":12},{"not_picked":["Warcry","Impervious","Thunderclap"],"picked":"Flex","floor":14}],"player_experience":577667,"relics_obtained":[{"floor":9,"key":"Question Card"},{"floor":10,"key":"Art of War"},{"floor":13,"key":"Self Forming Clay"}],"event_choices":[{"damage_healed":0,"gold_gain":0,"player_choice":"Take Damage","damage_taken":26,"relics_obtained":["Golden Idol"],"max_hp_gain":0,"max_hp_loss":0,"event_name":"Golden Idol","floor":2,"gold_loss":0},{"damage_healed":0,"gold_gain":0,"player_choice":"Ignored","damage_taken":0,"max_hp_gain":0,"max_hp_loss":0,"event_name":"Liars Game","floor":4,"gold_loss":0},{"cards_removed":["Strike_R"],"damage_healed":0,"gold_gain":0,"player_choice":"Forget","damage_taken":0,"max_hp_gain":0,"max_hp_loss":0,"event_name":"Living Wall","floor":5,"gold_loss":0},{"damage_healed":0,"gold_gain":0,"player_choice":"Entered Light","damage_taken":23,"max_hp_gain":0,"max_hp_loss":0,"event_name":"Shining Light","floor":7,"gold_loss":0,"cards_upgraded":["Defend_R","Infernal Blade"]}],"is_beta":false,"boss_relics":[],"items_purged_floors":[],"is_endless":false,"potions_floor_spawned":[1,3,8,10,12,14],"killed_by":"Slime Boss","ascension_level":16}