{"gold_per_floor":[116,116,19,19,19,44,57,92,92,92],"floor_reached":10,"playtime":395,"items_purged":[],"score":118,"play_id":"902379de-7fdb-46ef-b2b8-d7ba01348e0b","local_time":"20190506135715","is_ascension_mode":true,"campfire_choices":[],"neow_cost":"NONE","seed_source_timestamp":71358346051906,"circlet_count":0,"master_deck":["AscendersBane","Defend_G","Defend_G","Defend_G","Defend_G","Strike_G","Strike_G","Strike_G","Strike_G","Survivor","Neutralize","Madness","Sucker Punch","Footwork+1","Poisoned Stab","Distraction","Predator","Poisoned Stab"],"relics":["Ring of the Snake","Peace Pipe","Art of War","Sundial"],"potions_floor_usage":[8],"damage_taken":[{"damage":0,"enemies":"2 Louse","floor":1,"turns":5},{"damage":30,"enemies":"Lagavulin","floor":6,"turns":10},{"damage":0,"enemies":"Cultist","floor":7,"turns":5},{"damage":21,"enemies":"Gremlin Nob","floor":8,"turns":5},{"damage":7,"enemies":"Jaw Worm","floor":10,"turns":3}],"seed_played":"-1804656205868681087","potions_obtained":[{"floor":6,"key":"SpeedPotion"}],"is_trial":false,"path_per_floor":["M","?","$","?","?","E","M","E","T","M"],"character_chosen":"THE_SILENT","items_purchased":["Footwork","Poisoned Stab"],"campfire_rested":0,"item_purchase_floors":[3,3],"current_hp_per_floor":[63,63,63,63,56,26,26,5,5,0],"gold":92,"neow_bonus":"RANDOM_COLORLESS","is_prod":false,"is_daily":false,"chose_seed":false,"campfire_upgraded":0,"win_rate":0,"timestamp":1557176235,"path_taken":["M","?","?","?","?","E","?","E","T","M"],"build_version":"2019-01-23","purchased_purges":0,"victory":false,"max_hp_per_floor":[70,70,70,70,70,70,70,70,70,70],"card_choices":[{"not_picked":["Concentrate","PiercingWail"],"picked":"Sucker Punch","floor":1},{"not_picked":["Setup","Quick Slash"],"picked":"Distraction","floor":6},{"not_picked":["Prepared","Backflip"],"picked":"Predator","floor":7},{"not_picked":["Quick Slash","Bane"],"picked":"Poisoned Stab","floor":8}],"player_experience":589201,"relics_obtained":[{"floor":6,"key":"Peace Pipe"},{"floor":8,"key":"Art of War"},{"floor":9,"key":"Sundial"}],"event_choices":[{"cards_removed":["Defend_G"],"damage_healed":0,"gold_gain":0,"player_choice":"Offered Basic","damage_taken":0,"max_hp_gain":0,"max_hp_loss":0,"event_name":"Bonfire Elementals","floor":2,"gold_loss":0},{"damage_healed":0,"gold_gain":0,"player_choice":"Grow","damage_taken":0,"max_hp_gain":0,"max_hp_loss":0,"event_name":"Living Wall","floor":4,"gold_loss":0,"cards_upgraded":["Footwork"]},{"cards_removed":["Strike_G"],"damage_healed":0,"gold_gain":0,"player_choice":"Card Removal","damage_taken":7,"max_hp_gain":0,"max_hp_loss":0,"event_name":"Golden Wing","floor":5,"gold_loss":0}],"is_beta":false,"boss_relics":[],"items_purged_floors":[],"is_endless":false,"potions_floor_spawned":[6],"killed_by":"Jaw Worm","ascension_level":12}