{"gold_per_floor":[116,128,138,138,138,138,165,165,212,238,238,238,253,285,285,285],"floor_reached":16,"playtime":355,"items_purged":[],"score":266,"play_id":"a2a135a3-243e-4a0d-88e6-fa354e3c2893","local_time":"20190125173035","is_ascension_mode":true,"campfire_choices":[{"data":"Blade Dance","floor":6,"key":"SMITH"},{"data":"Neutralize","floor":8,"key":"SMITH"},{"data":"Accuracy","floor":11,"key":"SMITH"},{"data":"Masterful Stab","floor":15,"key":"SMITH"}],"neow_cost":"NONE","seed_source_timestamp":245572013785880,"circlet_count":0,"master_deck":["AscendersBane","Defend_G","Defend_G","Defend_G","Defend_G","Defend_G","Strike_G","Strike_G","Strike_G","Strike_G","Strike_G","Survivor","Neutralize+1","Blade Dance+1","Backstab","Catalyst","Masterful Stab+1","Accuracy+1","Masterful Stab"],"relics":["Ring of the Snake","NeowsBlessing","Odd Mushroom","Bronze Scales","Pantograph","Mummified Hand"],"potions_floor_usage":[7,10,16],"damage_taken":[{"damage":0,"enemies":"2 Louse","floor":1,"turns":1},{"damage":0,"enemies":"Small Slimes","floor":2,"turns":1},{"damage":0,"enemies":"Cultist","floor":3,"turns":1},{"damage":10,"enemies":"The Mushroom Lair","floor":7,"turns":3},{"damage":0,"enemies":"Gremlin Nob","floor":10,"turns":3},{"damage":0,"enemies":"Looter","floor":13,"turns":1},{"damage":17,"enemies":"3 Sentries","floor":14,"turns":6},{"damage":57,"enemies":"Slime Boss","floor":16,"turns":8}],"seed_played":"7292000441228715060","potions_obtained":[{"floor":2,"key":"AttackPotion"},{"floor":3,"key":"LiquidBronze"},{"floor":7,"key":"Fire Potion"},{"floor":10,"key":"Swift Potion"}],"is_trial":false,"path_per_floor":["M","M","M","$","?","R","?","R","T","E","R","?","M","E","R","B"],"character_chosen":"THE_SILENT","items_purchased":[],"campfire_rested":0,"item_purchase_floors":[],"current_hp_per_floor":[59,59,59,59,59,59,49,49,49,49,49,49,49,32,32,0],"gold":285,"neow_bonus":"THREE_ENEMY_KILL","is_prod":false,"is_daily":false,"chose_seed":false,"campfire_upgraded":4,"win_rate":0,"timestamp":1548455435,"path_taken":["M","M","M","$","?","R","?","R","T","E","R","?","M","E","R","BOSS"],"build_version":"2019-01-23","purchased_purges":0,"victory":false,"max_hp_per_floor":[66,66,66,66,66,66,66,66,66,66,66,66,66,66,66,66],"card_choices":[{"not_picked":["Underhanded Strike","Accuracy"],"picked":"Blade Dance","floor":1},{"not_picked":["Dagger Throw","Cloak And Dagger"],"picked":"Backstab","floor":2},{"not_picked":["Quick Slash","Escape Plan"],"picked":"Catalyst","floor":3},{"not_picked":["Reflex","Prepared"],"picked":"Masterful Stab","floor":7},{"not_picked":["Poisoned Stab","Finisher"],"picked":"Accuracy","floor":10},{"not_picked":["Poisoned Stab","Underhanded Strike","Dagger Spray"],"picked":"SKIP","floor":13},{"not_picked":["PiercingWail","Catalyst"],"picked":"Masterful Stab","floor":14}],"player_experience":808053,"relics_obtained":[{"floor":7,"key":"Odd Mushroom"},{"floor":9,"key":"Bronze Scales"},{"floor":10,"key":"Pantograph"},{"floor":14,"key":"Mummified Hand"}],"event_choices":[{"damage_healed":0,"gold_gain":0,"player_choice":"Ignored","damage_taken":0,"max_hp_gain":0,"max_hp_loss":0,"event_name":"Golden Idol","floor":5,"gold_loss":0},{"damage_healed":0,"gold_gain":0,"player_choice":"Fought Mushrooms","damage_taken":0,"max_hp_gain":0,"max_hp_loss":0,"event_name":"Mushrooms","floor":7,"gold_loss":0},{"damage_healed":0,"gold_gain":0,"player_choice":"Leave","damage_taken":0,"max_hp_gain":0,"max_hp_loss":0,"event_name":"The Cleric","floor":12,"gold_loss":0}],"is_beta":false,"boss_relics":[],"items_purged_floors":[],"is_endless":false,"potions_floor_spawned":[2,3,7,10],"killed_by":"Slime Boss","ascension_level":20}