{"gold_per_floor":[119,194,194,0,16,50,27,27,27,55,75,350,350,365,365,460,460,480,490,490],"floor_reached":20,"playtime":910,"items_purged":[],"score":228,"play_id":"fc137162-390d-45d3-abd3-79360ce9f0fd","local_time":"20190320180242","is_ascension_mode":true,"campfire_choices":[{"data":"A Thousand Cuts","floor":8,"key":"SMITH"},{"floor":13,"key":"REST"},{"floor":15,"key":"REST"}],"neow_cost":"TEN_PERCENT_HP_LOSS","seed_source_timestamp":637895044116527,"circlet_count":0,"master_deck":["Defend_G","Defend_G","Defend_G","Defend_G","Defend_G","Strike_G","Strike_G","Strike_G+1","Strike_G","Strike_G+1","Survivor","Neutralize+1","Forethought","Finesse","Poisoned Stab","Dagger Spray+1","A Thousand Cuts+1","Underhanded Strike","Escape Plan","Blade Dance","Regret","Caltrops","Corpse Explosion","Riddle With Holes+1","Accuracy"],"relics":["Ring of the Serpent","Lee\u0027s Waffle","Whetstone","Ornamental Fan"],"potions_floor_usage":[6,16,16,19],"damage_taken":[{"damage":0,"enemies":"Small Slimes","floor":1,"turns":5},{"damage":0,"enemies":"2 Louse","floor":5,"turns":3},{"damage":26,"enemies":"3 Sentries","floor":6,"turns":7},{"damage":20,"enemies":"Lagavulin","floor":10,"turns":5},{"damage":1,"enemies":"Jaw Worm","floor":11,"turns":3},{"damage":5,"enemies":"Exordium Wildlife","floor":14,"turns":3},{"damage":28,"enemies":"Slime Boss","floor":16,"turns":9},{"damage":2,"enemies":"Spheric Guardian","floor":18,"turns":3},{"damage":35,"enemies":"2 Thieves","floor":19,"turns":4},{"damage":31,"enemies":"Centurion and Healer","floor":20,"turns":3}],"seed_played":"7968079835278608065","potions_obtained":[{"floor":1,"key":"Dexterity Potion"},{"floor":10,"key":"SpeedPotion"},{"floor":14,"key":"LiquidBronze"},{"floor":18,"key":"FearPotion"}],"is_trial":false,"path_per_floor":["M","?","?","$","M","E","$","R","T","E","M","?","R","M","R","B",null,"M","M","M"],"character_chosen":"THE_SILENT","items_purchased":["Lee\u0027s Waffle","Underhanded Strike"],"campfire_rested":2,"item_purchase_floors":[4,7],"current_hp_per_floor":[63,52,39,70,70,44,44,44,44,24,23,23,44,39,60,32,61,59,24,0],"gold":490,"neow_bonus":"RANDOM_COLORLESS_2","is_prod":false,"is_daily":false,"chose_seed":false,"campfire_upgraded":1,"win_rate":0,"timestamp":1553130162,"path_taken":["M","?","?","$","M","E","?","R","T","E","?","?","R","M","R","BOSS","M","?","M"],"build_version":"2019-01-23","purchased_purges":0,"victory":false,"max_hp_per_floor":[63,63,63,70,70,70,70,70,70,70,70,70,70,70,70,70,70,70,70,70],"card_choices":[{"not_picked":["PiercingWail","Cloak And Dagger"],"picked":"Poisoned Stab","floor":1},{"not_picked":["Underhanded Strike","Cloak And Dagger"],"picked":"Dagger Spray","floor":5},{"not_picked":["Dash","Acrobatics"],"picked":"A Thousand Cuts","floor":6},{"not_picked":["Dodge and Roll","Slice"],"picked":"Escape Plan","floor":10},{"not_picked":["Dagger Throw","Quick Slash"],"picked":"Blade Dance","floor":11},{"not_picked":["Poisoned Stab","Finisher"],"picked":"Caltrops","floor":14},{"not_picked":["Venomology","Glass Knife"],"picked":"Corpse Explosion","floor":16},{"not_picked":["Acrobatics+1","PiercingWail"],"picked":"Riddle With Holes+1","floor":18},{"not_picked":["Distraction","Outmaneuver"],"picked":"Accuracy","floor":19}],"player_experience":355584,"relics_obtained":[{"floor":6,"key":"Whetstone"},{"floor":10,"key":"Ornamental Fan"}],"event_choices":[{"damage_healed":0,"gold_gain":75,"player_choice":"Gather Gold","damage_taken":11,"max_hp_gain":0,"max_hp_loss":0,"event_name":"World of Goop","floor":2,"gold_loss":0},{"damage_healed":0,"gold_gain":0,"player_choice":"Entered Light","damage_taken":13,"max_hp_gain":0,"max_hp_loss":0,"event_name":"Shining Light","floor":3,"gold_loss":0,"cards_upgraded":["Neutralize","Strike_G"]},{"damage_healed":0,"gold_gain":275,"player_choice":"Desecrate","damage_taken":0,"max_hp_gain":0,"max_hp_loss":0,"event_name":"Golden Shrine","floor":12,"gold_loss":0,"cards_obtained":["Regret"]}],"is_beta":false,"boss_relics":[{"not_picked":["Eternal Feather","White Beast Statue"],"picked":"Ring of the Serpent"}],"items_purged_floors":[],"is_endless":false,"potions_floor_spawned":[1,10,14,18],"killed_by":"Centurion and Healer","ascension_level":5}