{"gold_per_floor":[116,116,135,147,159,159,184,184,211,211,231,231,231,243,243,345,345,359,359,13,33,52,52,84,84,84,84,84,84],"floor_reached":29,"playtime":1842,"items_purged":[],"score":267,"play_id":"45ce5c05-df66-4617-b255-9168e971cf1d","local_time":"20190507075655","is_ascension_mode":true,"campfire_choices":[{"floor":6,"key":"REST"},{"data":"Backflip","floor":8,"key":"SMITH"},{"data":"Dash","floor":12,"key":"SMITH"},{"floor":15,"key":"REST"},{"floor":23,"key":"REST"},{"floor":25,"key":"REST"},{"floor":27,"key":"REST"}],"neow_cost":"NONE","seed_source_timestamp":222926172779300,"circlet_count":0,"master_deck":["Defend_G","Defend_G","Defend_G","Defend_G","Strike_G","Strike_G","Strike_G","Survivor","Neutralize+1","Accuracy+1","Footwork+1","Dodge and Roll+1","Infinite Blades+1","Backflip+1","Deadly Poison","Dash+1","Storm of Steel","Blade Dance","Blur","Poisoned Stab","Cloak And Dagger"],"relics":["Astrolabe","Bag of Marbles","Omamori","Juzu Bracelet","Orrery","Snake Skull","HandDrill","Smiling Mask","WingedGreaves","Happy Flower"],"potions_floor_usage":[7,16,22,24,29],"damage_taken":[{"damage":5,"enemies":"Cultist","floor":1,"turns":5},{"damage":3,"enemies":"Small Slimes","floor":3,"turns":5},{"damage":7,"enemies":"Jaw Worm","floor":4,"turns":4},{"damage":15,"enemies":"Exordium Wildlife","floor":5,"turns":4},{"damage":6,"enemies":"3 Sentries","floor":7,"turns":7},{"damage":0,"enemies":"2 Fungi Beasts","floor":11,"turns":4},{"damage":0,"enemies":"Red Slaver","floor":14,"turns":4},{"damage":2,"enemies":"The Guardian","floor":16,"turns":12},{"damage":25,"enemies":"3 Byrds","floor":18,"turns":5},{"damage":13,"enemies":"Shell Parasite","floor":21,"turns":5},{"damage":32,"enemies":"3 Cultists","floor":22,"turns":6},{"damage":23,"enemies":"Book of Stabbing","floor":24,"turns":7},{"damage":63,"enemies":"Gremlin Leader","floor":29,"turns":7}],"seed_played":"430937378641010992","potions_obtained":[{"floor":1,"key":"Explosive Potion"},{"floor":3,"key":"Fire Potion"},{"floor":5,"key":"SteroidPotion"},{"floor":22,"key":"EssenceOfSteel"},{"floor":24,"key":"EssenceOfSteel"}],"is_trial":false,"path_per_floor":["M","?","M","M","M","R","E","R","T","?","M","R","?","M","R","B",null,"M","?","$","M","M","R","E","R","T","R","?","E"],"character_chosen":"THE_SILENT","items_purchased":["Snake Skull","HandDrill"],"campfire_rested":5,"item_purchase_floors":[20,20],"current_hp_per_floor":[65,65,62,55,40,61,55,55,55,55,55,55,55,55,70,68,70,45,68,68,55,23,44,21,42,42,63,63,0],"gold":84,"neow_bonus":"BOSS_RELIC","is_prod":false,"is_daily":false,"chose_seed":false,"campfire_upgraded":2,"win_rate":0,"timestamp":1557230215,"path_taken":["M","?","?","M","M","R","E","R","T","?","M","R","?","M","R","BOSS","M","?","$","M","M","R","E","R","T","R","?","E"],"build_version":"2019-01-23","purchased_purges":0,"victory":false,"max_hp_per_floor":[70,70,70,70,70,70,70,70,70,70,70,70,70,70,70,70,70,70,70,70,70,70,70,70,70,70,70,70,70],"card_choices":[{"not_picked":["Endless Agony","Bouncing Flask"],"picked":"Infinite Blades","floor":1},{"not_picked":["Reflex","Outmaneuver"],"picked":"Backflip","floor":3},{"not_picked":["Outmaneuver","Sucker Punch"],"picked":"Deadly Poison","floor":4},{"not_picked":["Dagger Throw","Slice"],"picked":"Dash","floor":5},{"not_picked":["Setup","Dodge and Roll","Skewer"],"picked":"SKIP","floor":7},{"not_picked":["Underhanded Strike","Night Terror","Backflip"],"picked":"SKIP","floor":11},{"not_picked":["Deadly Poison","Deflect","Bane"],"picked":"SKIP","floor":14},{"not_picked":["Venomology","Doppelganger"],"picked":"Storm of Steel","floor":16},{"not_picked":["Dodge and Roll","Deadly Poison"],"picked":"Blade Dance","floor":17},{"not_picked":["Bane","Blade Dance"],"picked":"Blur","floor":17},{"not_picked":["Outmaneuver","PiercingWail"],"picked":"Poisoned Stab","floor":17},{"not_picked":["Outmaneuver","Concentrate"],"picked":"Cloak And Dagger","floor":17},{"not_picked":["Slice","Cloak And Dagger","Deflect+1"],"picked":"SKIP","floor":18},{"not_picked":["Outmaneuver+1","Grand Finale","Riddle With Holes"],"picked":"SKIP","floor":21},{"not_picked":["PiercingWail","Deflect","Blade Dance"],"picked":"SKIP","floor":22},{"not_picked":["Slice","Dagger Spray","Acrobatics"],"picked":"SKIP","floor":24}],"player_experience":124026,"relics_obtained":[{"floor":7,"key":"Bag of Marbles"},{"floor":9,"key":"Omamori"},{"floor":24,"key":"Smiling Mask"},{"floor":26,"key":"WingedGreaves"}],"event_choices":[{"damage_healed":0,"gold_gain":0,"player_choice":"Upgraded","damage_taken":0,"max_hp_gain":0,"max_hp_loss":0,"event_name":"Upgrade Shrine","floor":2,"gold_loss":0,"cards_upgraded":["Infinite Blades"]},{"damage_healed":0,"gold_gain":0,"player_choice":"Box","damage_taken":0,"relics_obtained":["Juzu Bracelet"],"max_hp_gain":0,"max_hp_loss":0,"event_name":"Big Fish","floor":10,"gold_loss":0,"cards_obtained":["Regret"]},{"damage_healed":0,"gold_gain":0,"player_choice":"Grow","damage_taken":0,"max_hp_gain":0,"max_hp_loss":0,"event_name":"Living Wall","floor":13,"gold_loss":0,"cards_upgraded":["Neutralize"]},{"damage_healed":23,"gold_gain":0,"player_choice":"Heal","damage_taken":0,"max_hp_gain":0,"max_hp_loss":0,"event_name":"The Library","floor":19,"gold_loss":0},{"damage_healed":0,"gold_gain":0,"player_choice":"Opened","damage_taken":0,"relics_obtained":["Happy Flower"],"max_hp_gain":0,"max_hp_loss":0,"event_name":"The Mausoleum","floor":28,"gold_loss":0,"cards_obtained":["Writhe"]}],"is_beta":false,"boss_relics":[{"not_picked":["Pandora\u0027s Box","Tiny House"],"picked":"Orrery"}],"items_purged_floors":[],"is_endless":false,"potions_floor_spawned":[1,3,5,22,24],"killed_by":"Gremlin Leader","ascension_level":2}