{"path_per_floor":["M","$","M","?","?","R","M","?","T","E","R","M","M","$","R"],"character_chosen":"DEFECT","items_purchased":[],"gold_per_floor":[111,36,50,50,50,50,74,74,100,131,131,155,174,74,74,74],"floor_reached":16,"campfire_rested":1,"playtime":503,"item_purchase_floors":[],"current_hp_per_floor":[75,75,72,77,57,57,52,52,52,27,27,25,25,25,50,0],"items_purged":["Defend_B","Strike_B"],"gold":74,"score":120,"play_id":"d427b5e8-74ba-43ed-b1d3-4d72033a30ac","local_time":"20180610004532","is_prod":false,"is_daily":false,"chose_seed":false,"is_ascension_mode":true,"campfire_upgraded":2,"win_rate":0,"timestamp":1528562732,"campfire_choices":[{"data":"Zap","floor":6,"key":"SMITH"},{"data":"Coolheaded","floor":11,"key":"SMITH"},{"floor":15,"key":"REST"}],"path_taken":["M","$","M","?","?","R","M","?","T","E","R","M","M","$","R","BOSS"],"build_version":"2018-06-07v3","seed_source_timestamp":199860912334913,"purchased_purges":2,"victory":false,"master_deck":["Strike_B","Strike_B","Defend_B","Defend_B","Defend_B","Zap+1","Dualcast","Coolheaded+1","Beam Cell","Chill","Coolheaded","White Noise","White Noise"],"max_hp_per_floor":[75,75,75,80,80,80,80,80,80,85,85,85,85,85,85,85],"relics":["Cracked Core","Golden Idol","Potion Belt","Gambling Chip"],"card_choices":[{"not_picked":["Force Field","Genetic Algorithm"],"picked":"Beam Cell","floor":1},{"not_picked":["Coolheaded","Chaos"],"picked":"Chill","floor":3},{"not_picked":["Redo","Melter"],"picked":"Coolheaded","floor":7},{"not_picked":["Gash","Compile Driver"],"picked":"White Noise","floor":10},{"not_picked":["Stack","Reprogram"],"picked":"White Noise","floor":12},{"not_picked":["Compile Driver","Coolheaded","Tempest"],"picked":"SKIP","floor":13}],"player_experience":245628,"potions_floor_usage":[10,10,16,16],"damage_taken":[{"damage":0,"enemies":"Small Slimes","floor":1,"turns":3},{"damage":3,"enemies":"Cultist","floor":3,"turns":4},{"damage":5,"enemies":"Jaw Worm","floor":7,"turns":3},{"damage":30,"enemies":"Lagavulin","floor":10,"turns":6},{"damage":2,"enemies":"Blue Slaver","floor":12,"turns":5},{"damage":0,"enemies":"Large Slime","floor":13,"turns":3},{"damage":59,"enemies":"Hexaghost","floor":16,"turns":11}],"relics_obtained":[{"floor":9,"key":"Potion Belt"},{"floor":10,"key":"Gambling Chip"}],"event_choices":[{"event_name":"Big Fish","player_choice":"Donut","floor":4,"damage_taken":0},{"event_name":"Golden Idol","player_choice":"Take Damage","floor":5,"damage_taken":0},{"event_name":"The Lab","player_choice":"Got Potions","floor":8,"damage_taken":0}],"boss_relics":[],"items_purged_floors":[2,14],"potions_floor_spawned":[10,12,13],"seed_played":"-3779047123877693813","killed_by":"Hexaghost","ascension_level":4,"potions_obtained":[{"floor":8,"key":"Fruit Juice"},{"floor":8,"key":"FairyPotion"},{"floor":8,"key":"SteroidPotion"},{"floor":10,"key":"Explosive Potion"},{"floor":12,"key":"SkillPotion"},{"floor":13,"key":"Poison Potion"}],"is_trial":false}