{"gold_per_floor":[115,115,62,78,43,69,81,81,150,45,45,77,77,87,87,182,182,192,212,230,244,21,21,56,56,106,6,37,37,51,64,64,164,164,182,182,182,193,193,193,208,208,283,300,300,317,417,430,430,430],"floor_reached":51,"playtime":1467,"items_purged":["Regret","Perfected Strike"],"score":797,"play_id":"e77c1af8-58b6-4ab0-bb86-70633489aa69","local_time":"20190303085405","is_ascension_mode":false,"campfire_choices":[{"data":"Flex","floor":8,"key":"SMITH"},{"data":"Flex","floor":11,"key":"SMITH"},{"data":"Heavy Blade","floor":15,"key":"SMITH"},{"floor":23,"key":"REST"},{"data":"Dark Embrace","floor":25,"key":"SMITH"},{"data":"1","floor":32,"key":"LIFT"},{"data":"Corruption","floor":40,"key":"SMITH"},{"data":"2","floor":42,"key":"LIFT"},{"data":"3","floor":49,"key":"LIFT"}],"neow_cost":"NONE","seed_source_timestamp":140242096691723,"circlet_count":0,"master_deck":["Bash","Cleave","Flex+1","Battle Trance","Heavy Blade+1","Flex+1","Spot Weakness","Double Tap","Pummel","Flame Barrier","Rage","Disarm","Seeing Red","True Grit","Dark Embrace+1","Warcry+1","Spot Weakness+1","Corruption+1","Seeing Red+1","Pommel Strike+1","Impervious","Exhume","Thunderclap+1","Havoc+1","Twin Strike+1","Heavy Blade+1"],"relics":["Burning Blood","NeowsBlessing","Dream Catcher","Singing Bowl","Thread and Needle","Kunai","Pandora\u0027s Box","Bag of Marbles","Meat on the Bone","Anchor","Girya","Mark of Pain","Question Card","Du-Vu Doll"],"potions_floor_usage":[12,12,24,24,24,28,33,50],"damage_taken":[{"damage":0,"enemies":"Small Slimes","floor":1,"turns":1},{"damage":0,"enemies":"Cultist","floor":4,"turns":1},{"damage":0,"enemies":"Lagavulin","floor":6,"turns":1},{"damage":11,"enemies":"Jaw Worm","floor":7,"turns":3},{"damage":9,"enemies":"3 Sentries","floor":12,"turns":3},{"damage":1,"enemies":"Lots of Slimes","floor":14,"turns":2},{"damage":10,"enemies":"Slime Boss","floor":16,"turns":7},{"damage":0,"enemies":"Spheric Guardian","floor":18,"turns":3},{"damage":8,"enemies":"3 Byrds","floor":19,"turns":5},{"damage":35,"enemies":"Cultist and Chosen","floor":20,"turns":6},{"damage":18,"enemies":"3 Cultists","floor":21,"turns":5},{"damage":15,"enemies":"Slavers","floor":24,"turns":3},{"damage":17,"enemies":"Book of Stabbing","floor":28,"turns":3},{"damage":14,"enemies":"Snake Plant","floor":30,"turns":5},{"damage":0,"enemies":"Chosen and Byrds","floor":31,"turns":3},{"damage":17,"enemies":"Collector","floor":33,"turns":6},{"damage":0,"enemies":"3 Shapes","floor":35,"turns":2},{"damage":0,"enemies":"Orb Walker","floor":38,"turns":1},{"damage":12,"enemies":"3 Darklings","floor":41,"turns":3},{"damage":13,"enemies":"Jaw Worm Horde","floor":44,"turns":3},{"damage":13,"enemies":"4 Shapes","floor":46,"turns":2},{"damage":0,"enemies":"Mind Bloom Boss Battle","floor":47,"turns":2},{"damage":0,"enemies":"Sphere and 2 Shapes","floor":48,"turns":3},{"damage":0,"enemies":"Donu and Deca","floor":50,"turns":3}],"seed_played":"-5795555034471129022","potions_obtained":[{"floor":1,"key":"Weak Potion"},{"floor":2,"key":"Energy Potion"},{"floor":2,"key":"GamblersBrew"},{"floor":12,"key":"EntropicBrew"},{"floor":19,"key":"SpeedPotion"},{"floor":21,"key":"FairyPotion"},{"floor":24,"key":"PowerPotion"},{"floor":28,"key":"SkillPotion"},{"floor":33,"key":"FairyPotion"}],"is_trial":false,"path_per_floor":["M","?","$","M","$","E","M","R","T","$","R","E","?","M","R","B",null,"M","M","M","M","$","R","E","R","T","$","E","?","M","M","R","B",null,"M","?","?","M","$","R","M","R","T","M","$","M","?","M","R","B",null],"character_chosen":"IRONCLAD","items_purchased":["Flex","Battle Trance","Flex","Spot Weakness","Bag of Marbles"],"campfire_rested":1,"item_purchase_floors":[3,5,10,10,22],"current_hp_per_floor":[80,80,80,80,80,80,75,75,75,75,75,74,74,81,81,77,84,84,82,55,43,43,68,61,61,61,61,64,64,56,62,62,63,90,92,87,87,87,87,87,81,81,81,74,74,67,75,83,83,89],"gold":430,"neow_bonus":"THREE_ENEMY_KILL","is_prod":false,"is_daily":false,"chose_seed":false,"campfire_upgraded":5,"win_rate":0,"timestamp":1551621245,"path_taken":["M","?","$","M","?","E","M","R","T","$","R","E","?","?","R","BOSS","M","M","M","?","$","R","E","R","T","$","E","?","?","M","R","BOSS","M","?","?","?","$","R","M","R","T","M","$","M","?","M","R","BOSS"],"build_version":"2019-01-23","purchased_purges":2,"victory":true,"max_hp_per_floor":[80,80,80,80,80,80,80,80,80,80,80,82,82,84,84,84,84,84,84,86,86,86,86,88,88,88,88,90,90,90,90,90,90,90,92,87,87,87,87,87,87,87,87,87,87,87,89,91,91,91],"card_choices":[{"not_picked":["Rupture","Headbutt"],"picked":"Cleave","floor":1},{"not_picked":["Body Slam","True Grit","Dropkick"],"picked":"SKIP","floor":4},{"not_picked":["Thunderclap","Evolve"],"picked":"Heavy Blade","floor":6},{"not_picked":["Flame Barrier","Heavy Blade","Combust"],"picked":"SKIP","floor":7},{"not_picked":["Headbutt","Armaments","Flex"],"picked":"Singing Bowl","floor":12},{"not_picked":["Twin Strike","Combust","Armaments"],"picked":"Singing Bowl","floor":14},{"not_picked":["Juggernaut","Brutality"],"picked":"Double Tap","floor":16},{"not_picked":["Whirlwind","Bloodletting+1"],"picked":"Warcry+1","floor":18},{"not_picked":["Pommel Strike","Shrug It Off+1"],"picked":"Spot Weakness+1","floor":19},{"not_picked":["Wild Strike+1","Armaments+1","Iron Wave"],"picked":"Singing Bowl","floor":20},{"not_picked":["True Grit","Iron Wave"],"picked":"Corruption","floor":21},{"not_picked":["Ghostly Armor","Pommel Strike"],"picked":"Seeing Red+1","floor":23},{"not_picked":["Warcry+1","Rupture+1","Heavy Blade"],"picked":"Singing Bowl","floor":24},{"not_picked":["Flex","Disarm","Sentinel"],"picked":"Singing Bowl","floor":28},{"not_picked":["Rampage","Iron Wave"],"picked":"Pommel Strike+1","floor":30},{"not_picked":["Wild Strike","Clothesline"],"picked":"Impervious","floor":31},{"not_picked":["Immolate","Dark Embrace"],"picked":"Exhume","floor":33},{"not_picked":["Thunderclap","Wild Strike+1","Shrug It Off"],"picked":"Singing Bowl","floor":35},{"not_picked":["True Grit+1","Second Wind+1"],"picked":"Thunderclap+1","floor":38},{"not_picked":["Pommel Strike","Clash+1"],"picked":"Havoc+1","floor":41},{"not_picked":["Spot Weakness","Shrug It Off","Cleave"],"picked":"Twin Strike+1","floor":44},{"not_picked":["Cleave","Pommel Strike+1","Impervious"],"picked":"Heavy Blade+1","floor":46},{"not_picked":["Perfected Strike+1","Second Wind","True Grit+1","Iron Wave"],"picked":"Singing Bowl","floor":47},{"not_picked":["Inflame+1","True Grit+1","Clash+1","Clothesline"],"picked":"Singing Bowl","floor":48}],"player_experience":848769,"relics_obtained":[{"floor":6,"key":"Dream Catcher"},{"floor":9,"key":"Singing Bowl"},{"floor":12,"key":"Thread and Needle"},{"floor":24,"key":"Meat on the Bone"},{"floor":26,"key":"Anchor"},{"floor":28,"key":"Girya"},{"floor":43,"key":"Question Card"},{"floor":47,"key":"Du-Vu Doll"}],"event_choices":[{"damage_healed":0,"gold_gain":0,"player_choice":"Got Potions","damage_taken":0,"max_hp_gain":0,"max_hp_loss":0,"event_name":"Lab","floor":2,"gold_loss":0},{"damage_healed":0,"gold_gain":0,"player_choice":"Box","damage_taken":0,"relics_obtained":["Kunai"],"max_hp_gain":0,"max_hp_loss":0,"event_name":"Big Fish","floor":13,"gold_loss":0,"cards_obtained":["Regret"]},{"cards_removed":["Flex"],"damage_healed":0,"gold_gain":0,"player_choice":"Purged","damage_taken":0,"max_hp_gain":0,"max_hp_loss":0,"event_name":"Purifier","floor":29,"gold_loss":0},{"damage_healed":0,"gold_gain":0,"player_choice":"Max HP","damage_taken":0,"max_hp_gain":0,"max_hp_loss":5,"event_name":"Winding Halls","floor":36,"gold_loss":0},{"damage_healed":0,"gold_gain":0,"player_choice":"Bought 0 Potions","damage_taken":0,"max_hp_gain":0,"max_hp_loss":0,"event_name":"The Woman in Blue","floor":37,"gold_loss":0},{"damage_healed":0,"gold_gain":0,"player_choice":"Fight","damage_taken":0,"max_hp_gain":0,"max_hp_loss":0,"event_name":"MindBloom","floor":47,"gold_loss":0}],"is_beta":false,"boss_relics":[{"not_picked":["Runic Pyramid","Eternal Feather"],"picked":"Pandora\u0027s Box"},{"not_picked":["Lizard Tail","Fusion Hammer"],"picked":"Mark of Pain"}],"items_purged_floors":[22,27],"is_endless":false,"potions_floor_spawned":[1,6,12,19,21,24,28,33,38,41,44,48],"ascension_level":0}