{"gold_per_floor":[116,66,41,57,68,68,68,68,68,68,68,87,12,27,27,126,126,146,146,146,146,162,162,174,192,243,243],"floor_reached":27,"playtime":957,"items_purged":["Strike_B"],"score":233,"play_id":"d7aa12c2-6240-4d22-ab02-fda32229604d","local_time":"20180731021147","is_ascension_mode":true,"campfire_choices":[{"data":"Zap","floor":6,"key":"SMITH"},{"data":"Capacitor","floor":8,"key":"SMITH"},{"data":"Dualcast","floor":10,"key":"SMITH"},{"floor":15,"key":"REST"},{"data":"Redo","floor":23,"key":"SMITH"}],"neow_cost":"NONE","seed_source_timestamp":1651334431931671,"circlet_count":0,"master_deck":["Zap+1","Dualcast+1","Gash","Capacitor+1","Seek","Compile Driver","Redo+1","Cold Snap","Writhe","Leap+1"],"relics":["Cracked Core","Bag of Marbles","Pandora\u0027s Box","DataDisk","Centennial Puzzle"],"potions_floor_usage":[14,16,16,16,16,24,24],"damage_taken":[{"damage":2,"enemies":"Jaw Worm","floor":1,"turns":4},{"damage":4,"enemies":"2 Louse","floor":4,"turns":3},{"damage":0,"enemies":"Cultist","floor":5,"turns":3},{"damage":9,"enemies":"2 Fungi Beasts","floor":12,"turns":3},{"damage":10,"enemies":"Gremlin Gang","floor":14,"turns":4},{"damage":19,"enemies":"The Guardian","floor":16,"turns":11},{"damage":34,"enemies":"2 Thieves","floor":18,"turns":3},{"damage":0,"enemies":"Spheric Guardian","floor":22,"turns":3},{"damage":33,"enemies":"Snecko","floor":24,"turns":6},{"damage":11,"enemies":"Centurion and Healer","floor":25,"turns":7},{"damage":17,"enemies":"Slavers","floor":27,"turns":1}],"seed_played":"8972193921763814759","potions_obtained":[{"floor":5,"key":"EntropicBrew"},{"floor":12,"key":"AttackPotion"},{"floor":16,"key":"Fire Potion"},{"floor":22,"key":"Regen Potion"},{"floor":24,"key":"Ancient Potion"}],"is_trial":false,"path_per_floor":["M","?","$","M","M","R","?","R","T","R","$","M","$","M","R","B",null,"M","?","?","?","M","R","M","M","T"],"character_chosen":"DEFECT","items_purchased":["Gash"],"campfire_rested":1,"item_purchase_floors":[3],"current_hp_per_floor":[80,80,80,76,76,76,76,76,76,76,76,67,67,57,81,62,82,48,48,48,48,48,48,27,16,16,0],"gold":243,"neow_bonus":"TEN_PERCENT_HP_BONUS","is_prod":false,"is_daily":false,"chose_seed":false,"campfire_upgraded":4,"win_rate":0,"timestamp":1532995907,"path_taken":["M","?","$","?","M","R","?","R","T","R","$","M","?","M","R","BOSS","M","?","?","?","M","R","M","M","T","E"],"build_version":"2018-07-26","purchased_purges":1,"victory":false,"max_hp_per_floor":[82,82,82,82,82,82,82,82,82,82,82,82,82,82,82,82,82,82,82,82,82,82,82,82,82,82,82],"card_choices":[{"not_picked":["Sweeping Beam","Heatsinks","Steam"],"picked":"SKIP","floor":1},{"not_picked":["Leap","Sunder","Consume"],"picked":"SKIP","floor":4},{"not_picked":["Streamline","Cold Snap"],"picked":"Capacitor","floor":5},{"not_picked":["Conserve Battery","Aggregate","Recycle"],"picked":"SKIP","floor":12},{"not_picked":["Ball Lightning","Beam Cell","Barrage"],"picked":"SKIP","floor":14},{"not_picked":["Fission","Machine Learning"],"picked":"Seek","floor":16},{"not_picked":["Heatsinks","Tempest","Turbo"],"picked":"SKIP","floor":18},{"not_picked":["White Noise+1","Streamline"],"picked":"Leap+1","floor":22},{"not_picked":["Compile Driver","Hello World","Barrage"],"picked":"SKIP","floor":24},{"not_picked":["Compile Driver","Beam Cell","Genetic Algorithm"],"picked":"SKIP","floor":25}],"player_experience":353875,"relics_obtained":[{"floor":9,"key":"Bag of Marbles"},{"floor":26,"key":"Centennial Puzzle"}],"event_choices":[{"event_name":"The Cleric","player_choice":"Card Removal","floor":2,"damage_taken":0},{"event_name":"Bonfire Elementals","player_choice":"BASIC","floor":7,"damage_taken":0},{"event_name":"Purifier","player_choice":"One Purge","floor":19,"damage_taken":0},{"event_name":"Back to Basics","player_choice":"Elegance","floor":20,"damage_taken":0},{"event_name":"The Mausoleum","player_choice":"Yes","floor":21,"damage_taken":0}],"is_beta":false,"boss_relics":[{"not_picked":["Eternal Feather","Tiny House"],"picked":"Pandora\u0027s Box"}],"items_purged_floors":[13],"is_endless":false,"potions_floor_spawned":[5,12,16,22,24],"killed_by":"Slavers","ascension_level":3}