{"gold_per_floor":[119,64,64,74,90,90,107,141,141,141,159,188,188,199,199,199],"floor_reached":16,"playtime":429,"items_purged":[],"score":213,"play_id":"7bf36592-3fb6-478f-96a4-41cb1198ed41","local_time":"20181115163444","is_ascension_mode":true,"campfire_choices":[{"data":"Ball Lightning","floor":6,"key":"SMITH"},{"data":"Hologram","floor":10,"key":"SMITH"},{"floor":15,"key":"REST"}],"neow_cost":"NONE","seed_source_timestamp":82058726412311,"circlet_count":0,"master_deck":["AscendersBane","Strike_B","Strike_B","Strike_B","Strike_B","Defend_B","Defend_B","Defend_B","Defend_B","Zap","Dualcast","Gash","Gash","Regret","Ball Lightning+1","Reboot","Hologram+1","Creative AI","Force Field","Parasite"],"relics":["Cracked Core","NeowsBlessing","Singing Bowl","Question Card","Gremlin Horn","Centennial Puzzle"],"potions_floor_usage":[8,8,16],"damage_taken":[{"damage":0,"enemies":"Jaw Worm","floor":1,"turns":1},{"damage":0,"enemies":"2 Louse","floor":4,"turns":1},{"damage":0,"enemies":"Small Slimes","floor":5,"turns":1},{"damage":4,"enemies":"2 Fungi Beasts","floor":7,"turns":3},{"damage":13,"enemies":"Gremlin Nob","floor":8,"turns":4},{"damage":5,"enemies":"Large Slime","floor":11,"turns":4},{"damage":21,"enemies":"Lagavulin","floor":12,"turns":6},{"damage":37,"enemies":"Gremlin Gang","floor":14,"turns":4},{"damage":37,"enemies":"The Guardian","floor":16,"turns":2}],"seed_played":"1905970795300249321","potions_obtained":[{"floor":4,"key":"Weak Potion"},{"floor":7,"key":"Block Potion"},{"floor":12,"key":"Dexterity Potion"}],"is_trial":false,"path_per_floor":["M","$","?","M","M","R","M","E","T","R","M","E","?","M","R","B"],"character_chosen":"DEFECT","items_purchased":["Gash"],"campfire_rested":1,"item_purchase_floors":[2],"current_hp_per_floor":[64,64,64,64,64,64,60,47,47,47,42,23,41,6,28,0],"gold":199,"neow_bonus":"THREE_ENEMY_KILL","is_prod":false,"is_daily":false,"chose_seed":false,"campfire_upgraded":2,"win_rate":0,"timestamp":1542317684,"path_taken":["M","$","?","M","M","R","M","E","T","R","M","E","?","M","R","BOSS"],"build_version":"2018-11-08","purchased_purges":0,"victory":false,"max_hp_per_floor":[71,71,71,71,71,71,71,71,71,71,71,73,73,75,75,75],"card_choices":[{"not_picked":["Go for the Eyes","Heatsinks"],"picked":"Gash","floor":1},{"not_picked":["Redo","Go for the Eyes"],"picked":"Ball Lightning","floor":4},{"not_picked":["Go for the Eyes","Leap"],"picked":"Reboot","floor":5},{"not_picked":["Streamline","Conserve Battery"],"picked":"Hologram","floor":7},{"not_picked":["Leap","Storm"],"picked":"Creative AI","floor":8},{"not_picked":["Stack","Melter","Steam"],"picked":"Force Field","floor":11},{"not_picked":["Barrage","Hologram","Rip and Tear","Darkness"],"picked":"Singing Bowl","floor":12},{"not_picked":["Redo","Hologram","Gash","Sweeping Beam"],"picked":"Singing Bowl","floor":14}],"player_experience":725771,"relics_obtained":[{"floor":8,"key":"Question Card"},{"floor":9,"key":"Gremlin Horn"},{"floor":12,"key":"Centennial Puzzle"}],"event_choices":[{"damage_healed":0,"gold_gain":0,"player_choice":"Box","damage_taken":0,"relics_obtained":["Singing Bowl"],"max_hp_gain":0,"max_hp_loss":0,"event_name":"Big Fish","floor":3,"gold_loss":0,"cards_obtained":["Regret"]},{"damage_healed":18,"gold_gain":0,"player_choice":"Healed and dodged fight","damage_taken":0,"max_hp_gain":0,"max_hp_loss":0,"event_name":"Mushrooms","floor":13,"gold_loss":0,"cards_obtained":["Parasite"]}],"is_beta":false,"boss_relics":[],"items_purged_floors":[],"is_endless":false,"potions_floor_spawned":[4,7,12],"killed_by":"The Guardian","ascension_level":18}