{"gold_per_floor":[114,114,264,264,281,311,386,416,469,495,510,98,98,48,48,48],"floor_reached":16,"playtime":419,"items_purged":["Pain","Doubt"],"score":268,"play_id":"d8fd1083-935b-430a-8175-26e6e53aea57","local_time":"20181121080015","is_ascension_mode":true,"campfire_choices":[{"floor":13,"key":"REST"},{"data":"Immolate","floor":15,"key":"SMITH"}],"neow_cost":"NONE","seed_source_timestamp":411736231751288,"circlet_count":0,"master_deck":["AscendersBane","Strike_R","Strike_R","Strike_R","Strike_R","Strike_R","Defend_R","Defend_R","Defend_R","Defend_R","Bash","Clash","Flex","Blood for Blood","Intimidate","Iron Wave","Heavy Blade","Immolate+1","Immolate"],"relics":["Burning Blood","NeowsBlessing","Calipers","WarpedTongs","Strawberry","Mummified Hand","Smiling Mask","DollysMirror"],"potions_floor_usage":[10,16],"damage_taken":[{"damage":0,"enemies":"Cultist","floor":1,"turns":1},{"damage":0,"enemies":"Small Slimes","floor":5,"turns":1},{"damage":2,"enemies":"3 Sentries","floor":6,"turns":3},{"damage":38,"enemies":"Gremlin Nob","floor":8,"turns":4},{"damage":29,"enemies":"3 Sentries","floor":10,"turns":8},{"damage":1,"enemies":"2 Louse","floor":11,"turns":3},{"damage":46,"enemies":"The Guardian","floor":16,"turns":8}],"seed_played":"311455247060620465","potions_obtained":[{"floor":8,"key":"FearPotion"},{"floor":11,"key":"Poison Potion"}],"is_trial":false,"path_per_floor":["M","T","?","?","M","E","?","E","T","E","M","$","R","$","R","B"],"character_chosen":"IRONCLAD","items_purchased":["Immolate","DollysMirror"],"campfire_rested":1,"item_purchase_floors":[12,12],"current_hp_per_floor":[74,74,74,74,75,82,71,39,39,16,21,21,45,45,45,0],"gold":48,"neow_bonus":"THREE_ENEMY_KILL","is_prod":false,"is_daily":false,"chose_seed":false,"campfire_upgraded":1,"win_rate":0,"timestamp":1542805215,"path_taken":["M","?","?","?","?","E","?","E","T","E","M","$","R","$","R","BOSS"],"build_version":"2018-11-15","purchased_purges":2,"victory":false,"max_hp_per_floor":[75,75,75,75,75,82,82,82,82,82,82,82,82,82,82,82],"card_choices":[{"not_picked":["Warcry","Seeing Red"],"picked":"Clash","floor":1},{"not_picked":["Whirlwind","Armaments"],"picked":"Flex","floor":5},{"not_picked":["Bloodletting","Feel No Pain"],"picked":"Blood for Blood","floor":6},{"not_picked":["Armaments","Reckless Charge"],"picked":"Intimidate","floor":8},{"not_picked":["Exhume","Second Wind"],"picked":"Iron Wave","floor":10},{"not_picked":["Pommel Strike","Iron Wave"],"picked":"Heavy Blade","floor":11}],"player_experience":757066,"relics_obtained":[{"floor":2,"key":"Calipers"},{"floor":6,"key":"Strawberry"},{"floor":8,"key":"Mummified Hand"},{"floor":10,"key":"Smiling Mask"}],"event_choices":[{"damage_healed":0,"gold_gain":150,"player_choice":"AGREE","damage_taken":0,"max_hp_gain":0,"max_hp_loss":0,"event_name":"Liars Game","floor":3,"gold_loss":0,"cards_obtained":["Doubt"]},{"damage_healed":0,"gold_gain":0,"player_choice":"Rummage","damage_taken":0,"relics_obtained":["WarpedTongs"],"max_hp_gain":0,"max_hp_loss":0,"event_name":"Accursed Blacksmith","floor":4,"gold_loss":0,"cards_obtained":["Pain"]},{"damage_healed":0,"gold_gain":75,"player_choice":"Gather Gold","damage_taken":11,"max_hp_gain":0,"max_hp_loss":0,"event_name":"World of Goop","floor":7,"gold_loss":0}],"is_beta":false,"boss_relics":[],"items_purged_floors":[12,14],"is_endless":false,"potions_floor_spawned":[8,11],"killed_by":"The Guardian","ascension_level":18}