{"gold_per_floor":[365,381,146,146,166,166,194,194,243,263,338,338,6,17,17,92,142,157,105,124,138,157,192,192,192],"floor_reached":25,"playtime":743,"items_purged":["Shame"],"score":491,"play_id":"0928ce62-ba55-4095-80c5-92c35d5d3db3","local_time":"20181119080742","is_ascension_mode":true,"campfire_choices":[{"data":"Twin Strike","floor":6.0,"key":"SMITH"},{"floor":8.0,"key":"REST"},{"data":"Whirlwind","floor":12.0,"key":"SMITH"},{"data":"Flex","floor":15.0,"key":"SMITH"},{"data":"Infernal Blade","floor":24,"key":"SMITH"}],"neow_cost":"CURSE","seed_source_timestamp":0,"circlet_count":0,"master_deck":["AscendersBane","Strike_R","Strike_R+1","Strike_R+1","Strike_R","Strike_R+1","Defend_R+1","Defend_R","Defend_R+1","Defend_R+1","Bash+1","Twin Strike+1","Whirlwind+1","Ghostly Armor","Cleave","Thunderclap","Flex+1","Feed","Clothesline","Infernal Blade+1","Flex","Iron Wave","Juggernaut"],"special_seed":0,"relics":["Burning Blood","Red Skull","Potion Belt","Whetstone","War Paint","Tiny House","Orichalcum"],"potions_floor_usage":[18,20,22,22,23,23,23,25],"damage_taken":[{"damage":16.0,"enemies":"Cultist","floor":1.0,"turns":4.0},{"damage":11.0,"enemies":"Jaw Worm","floor":2.0,"turns":4.0},{"damage":0.0,"enemies":"Small Slimes","floor":5.0,"turns":2.0},{"damage":14.0,"enemies":"3 Sentries","floor":7.0,"turns":4.0},{"damage":12.0,"enemies":"Looter","floor":10.0,"turns":3.0},{"damage":0.0,"enemies":"Large Slime","floor":14.0,"turns":4.0},{"damage":0.0,"enemies":"Slime Boss","floor":16.0,"turns":6.0},{"damage":1,"enemies":"Spheric Guardian","floor":18,"turns":3},{"damage":20,"enemies":"3 Byrds","floor":20,"turns":5},{"damage":37,"enemies":"Snecko","floor":21,"turns":4},{"damage":0,"enemies":"Cultist and Chosen","floor":22,"turns":4},{"damage":24,"enemies":"Book of Stabbing","floor":23,"turns":5},{"damage":36,"enemies":"Shelled Parasite and Fungi","floor":25,"turns":3}],"seed_played":"-3910739415769525324","potions_obtained":[{"floor":1.0,"key":"LiquidBronze"},{"floor":7.0,"key":"FearPotion"},{"floor":10.0,"key":"Weak Potion"},{"floor":16.0,"key":"Energy Potion"},{"floor":17.0,"key":"SpeedPotion"},{"floor":18,"key":"GamblersBrew"},{"floor":21,"key":"Energy Potion"},{"floor":22,"key":"EssenceOfSteel"},{"floor":23,"key":"Dexterity Potion"}],"is_trial":false,"path_per_floor":["M","M","$","?","M","R","E","R","T","M","?","R","$","M","R","B",null,"M","$","M","M","M","E","R","M"],"character_chosen":"IRONCLAD","items_purchased":["Red Skull","Whetstone","War Paint","Flex"],"campfire_rested":1,"item_purchase_floors":[3,13,13,19],"current_hp_per_floor":[58,53,53,30,36,36,28,50,50,44,33,33,33,39,39,45,73,81,81,70,42,48,30,30,0],"gold":192,"neow_bonus":"TWO_FIFTY_GOLD","is_prod":false,"is_daily":false,"chose_seed":false,"campfire_upgraded":4,"win_rate":0,"timestamp":1542632862,"path_taken":["M","M","$","?","M","R","E","R","T","M","?","R","$","M","R","BOSS","M","$","M","M","M","E","R","M"],"build_version":"2018-11-15","purchased_purges":1,"victory":false,"max_hp_per_floor":[75,75,75,75,75,75,75,75,75,75,75,75,75,75,75,75,80,83,83,86,89,89,89,89,92],"card_choices":[{"not_picked":["Havoc","Whirlwind"],"picked":"Twin Strike","floor":1.0},{"not_picked":["Entrench","Headbutt"],"picked":"Whirlwind","floor":2.0},{"not_picked":["Sword Boomerang","Sever Soul"],"picked":"Ghostly Armor","floor":5.0},{"not_picked":["Barricade","Anger"],"picked":"Cleave","floor":7.0},{"not_picked":["Carnage","Sentinel"],"picked":"Thunderclap","floor":10.0},{"not_picked":["Power Through","Clothesline"],"picked":"Flex","floor":14.0},{"not_picked":["Barricade","Berserk"],"picked":"Feed","floor":16.0},{"not_picked":["Body Slam","Anger"],"picked":"Clothesline","floor":17.0},{"not_picked":["Carnage","Heavy Blade"],"picked":"Infernal Blade","floor":18},{"not_picked":["Pommel Strike","Barricade"],"picked":"Iron Wave","floor":20},{"not_picked":["Body Slam","Armaments","Warcry"],"picked":"SKIP","floor":21},{"not_picked":["Wild Strike+1","Fire Breathing","Anger"],"picked":"SKIP","floor":22},{"not_picked":["Flex","Clothesline"],"picked":"Juggernaut","floor":23}],"player_experience":743606,"relics_obtained":[{"floor":7.0,"key":"Potion Belt"},{"floor":23,"key":"Orichalcum"}],"event_choices":[{"damage_healed":0.0,"max_hp_gain":0.0,"max_hp_loss":0.0,"gold_gain":0.0,"event_name":"Shining Light","player_choice":"Entered Light","floor":4.0,"gold_loss":0.0,"damage_taken":23.0,"cards_upgraded":["Strike_R","Strike_R"]},{"damage_healed":0.0,"max_hp_gain":0.0,"max_hp_loss":0.0,"gold_gain":75.0,"event_name":"World of Goop","player_choice":"Gather Gold","floor":11.0,"gold_loss":0.0,"damage_taken":11.0}],"is_beta":false,"boss_relics":[{"not_picked":["Coffee Dripper","Busted Crown"],"picked":"Tiny House"}],"items_purged_floors":[3],"is_endless":false,"potions_floor_spawned":[1,7,10,16,18,21,22,23],"killed_by":"Shelled Parasite and Fungi","ascension_level":16}