{"gold_per_floor":[118,128,128,79,94,119,119,151,151,151,169,189,209,220,220,220],"floor_reached":16,"playtime":1335,"items_purged":[],"score":120,"play_id":"c5354d3d-8d65-4d33-96aa-292748c76cf8","local_time":"20190420202031","is_ascension_mode":true,"campfire_choices":[{"floor":7.0,"key":"RECALL"},{"floor":10.0,"key":"REST"},{"floor":15,"key":"REST"}],"neow_cost":"NONE","seed_source_timestamp":0,"circlet_count":0,"master_deck":["Strike_B","Strike_B","Strike_B","Strike_B","Defend_B","Defend_B","Defend_B","Defend_B","Zap","Dualcast+1","Loop","Skim","Lockon","Coolheaded","Lockon+1","Chaos","Cold Snap+1","Static Discharge","All For One+1"],"special_seed":0,"relics":["Cracked Core","Molten Egg 2","Bag of Preparation"],"potions_floor_usage":[16],"damage_taken":[{"damage":2.0,"enemies":"Small Slimes","floor":1.0,"turns":3.0},{"damage":0.0,"enemies":"2 Louse","floor":2.0,"turns":2.0},{"damage":1.0,"enemies":"Cultist","floor":5.0,"turns":3.0},{"damage":26.0,"enemies":"Lagavulin","floor":6.0,"turns":5.0},{"damage":27.0,"enemies":"3 Sentries","floor":8.0,"turns":9.0},{"damage":13.0,"enemies":"2 Fungi Beasts","floor":11.0,"turns":3.0},{"damage":0.0,"enemies":"Looter","floor":12.0,"turns":2.0},{"damage":16.0,"enemies":"Exordium Thugs","floor":13.0,"turns":4.0},{"damage":11.0,"enemies":"Lots of Slimes","floor":14.0,"turns":3.0},{"damage":32,"enemies":"The Guardian","floor":16,"turns":5}],"seed_played":"100558248232751856","potions_obtained":[{"floor":1.0,"key":"AttackPotion"},{"floor":11.0,"key":"GamblersBrew"},{"floor":12.0,"key":"Swift Potion"},{"floor":13.0,"key":"LiquidBronze"}],"is_trial":false,"path_per_floor":["M","M","?","$","M","E","R","E","T","R","M","M","M","M","R","B"],"character_chosen":"DEFECT","items_purchased":["Fire Potion"],"campfire_rested":2,"item_purchase_floors":[4],"current_hp_per_floor":[73,73,78,78,77,51,51,24,24,48,35,35,19,8,32,0],"gold":220,"neow_bonus":"UPGRADE_CARD","is_prod":false,"is_daily":false,"chose_seed":false,"campfire_upgraded":0,"win_rate":0,"timestamp":1555784431,"path_taken":["M","M","?","$","M","E","R","E","T","R","M","M","M","M","R","BOSS"],"build_version":"2019-01-23","purchased_purges":0,"victory":false,"max_hp_per_floor":[75,75,80,80,80,80,80,80,80,80,80,80,80,80,80,80],"card_choices":[{"not_picked":["Cold Snap","Conserve Battery"],"picked":"Loop","floor":1.0},{"not_picked":["Scrape","Leap"],"picked":"Skim","floor":2.0},{"not_picked":["Coolheaded","Tempest"],"picked":"Lockon","floor":5.0},{"not_picked":["Go for the Eyes","Storm"],"picked":"Coolheaded","floor":6.0},{"not_picked":["Storm","Static Discharge"],"picked":"Lockon+1","floor":8.0},{"not_picked":["Double Energy","Compile Driver+1"],"picked":"Chaos","floor":11.0},{"not_picked":["Barrage+1","Beam Cell+1"],"picked":"Cold Snap+1","floor":12.0},{"not_picked":["Go for the Eyes+1","Gash+1"],"picked":"Static Discharge","floor":13.0},{"not_picked":["Heatsinks","Streamline+1"],"picked":"All For One+1","floor":14}],"player_experience":126622,"relics_obtained":[{"floor":6.0,"key":"Molten Egg 2"},{"floor":8.0,"key":"Bag of Preparation"}],"event_choices":[{"damage_healed":0.0,"max_hp_gain":5.0,"max_hp_loss":0.0,"gold_gain":0.0,"event_name":"Big Fish","player_choice":"Donut","floor":3.0,"gold_loss":0.0,"damage_taken":0.0}],"is_beta":false,"boss_relics":[],"items_purged_floors":[],"is_endless":false,"potions_floor_spawned":[1,11,12,13],"killed_by":"The Guardian","ascension_level":1}