{"gold_per_floor":[369,369,369,55,69,98,98,125,125,144,419,430,455,470,470,573,573,591,165,165,182,198,198,198,198,222,240,240,103,118,129,129,129],"floor_reached":33,"playtime":1994,"items_purged":["Normality","Pain"],"score":267,"play_id":"07f6b43b-dd9e-4a11-a46e-ba4cd10509b7","local_time":"20190502153115","is_ascension_mode":false,"campfire_choices":[{"floor":7,"key":"REST"},{"floor":15,"key":"REST"},{"floor":23,"key":"REST"},{"floor":28,"key":"REST"},{"floor":32,"key":"REST"}],"neow_cost":"CURSE","seed_source_timestamp":524277266112511,"circlet_count":0,"master_deck":["Strike_B+1","Strike_B+1","Strike_B+1","Defend_B+1","Defend_B+1","Defend_B+1","Zap","Dualcast","Consume","Creative AI","Cold Snap","Beam Cell","Gash","Heatsinks","Loop","Auto Shields","Ball Lightning","Biased Cognition","Injury","Turbo","Go for the Eyes","Double Energy","Hello World","Self Repair","Steam Power+1","Defragment+1","Static Discharge","Fission","Gash+1","Buffer"],"relics":["Cracked Core","Mummified Hand","Singing Bowl","Omamori","Matryoshka","Mercury Hourglass","Calling Bell","Potion Belt","Kunai","Du-Vu Doll","PreservedInsect","Molten Egg 2","Letter Opener","Bronze Scales"],"potions_floor_usage":[13,30,30],"damage_taken":[{"damage":0,"enemies":"Small Slimes","floor":1,"turns":2},{"damage":13,"enemies":"2 Louse","floor":5,"turns":2},{"damage":24,"enemies":"3 Sentries","floor":6,"turns":6},{"damage":12,"enemies":"Lagavulin","floor":8,"turns":7},{"damage":6,"enemies":"Cultist","floor":10,"turns":3},{"damage":0,"enemies":"Large Slime","floor":12,"turns":5},{"damage":12,"enemies":"Gremlin Nob","floor":13,"turns":3},{"damage":7,"enemies":"Blue Slaver","floor":14,"turns":3},{"damage":37,"enemies":"The Guardian","floor":16,"turns":9},{"damage":14,"enemies":"Spheric Guardian","floor":18,"turns":4},{"damage":21,"enemies":"2 Thieves","floor":21,"turns":4},{"damage":25,"enemies":"Cultist and Chosen","floor":22,"turns":6},{"damage":15,"enemies":"Chosen and Byrds","floor":27,"turns":5},{"damage":23,"enemies":"Sentry and Sphere","floor":30,"turns":4},{"damage":17,"enemies":"Shelled Parasite and Fungi","floor":31,"turns":4},{"damage":60,"enemies":"Collector","floor":33,"turns":6}],"seed_played":"3403139257244964127","potions_obtained":[{"floor":1,"key":"SteroidPotion"},{"floor":6,"key":"Energy Potion"},{"floor":8,"key":"GamblersBrew"},{"floor":21,"key":"Swift Potion"},{"floor":27,"key":"Strength Potion"}],"is_trial":false,"path_per_floor":["M","?","?","$","M","E","R","E","T","M","?","M","E","M","R","B",null,"M","$","?","M","M","R","?","T","T","M","R","$","M","M","R","B"],"character_chosen":"DEFECT","items_purchased":["Mummified Hand","PreservedInsect","Go for the Eyes","Double Energy","Hello World","Static Discharge","Fission"],"campfire_rested":5,"item_purchase_floors":[4,19,19,19,19,29,29],"current_hp_per_floor":[75,75,68,68,55,31,53,41,41,35,35,35,23,16,38,1,75,61,61,61,40,22,44,44,44,44,36,58,58,42,32,54,0],"gold":129,"neow_bonus":"TWO_FIFTY_GOLD","is_prod":false,"is_daily":false,"chose_seed":false,"campfire_upgraded":0,"win_rate":0,"timestamp":1556836275,"path_taken":["M","?","?","$","M","E","R","E","T","M","?","M","E","?","R","BOSS","M","$","?","M","M","R","?","?","T","M","R","$","?","M","R","BOSS"],"build_version":"2019-01-23","purchased_purges":2,"victory":false,"max_hp_per_floor":[75,75,75,75,75,75,75,75,75,75,75,75,75,75,75,75,75,75,75,75,75,75,75,75,75,75,75,75,75,75,75,75,75],"card_choices":[{"not_picked":["Compile Driver","Rebound"],"picked":"Consume","floor":1},{"not_picked":["Chaos","Steam"],"picked":"Cold Snap","floor":5},{"not_picked":["Reinforced Body","Tempest"],"picked":"Beam Cell","floor":6},{"not_picked":["Cold Snap","Creative AI"],"picked":"Gash","floor":8},{"not_picked":["Blizzard","Reinforced Body"],"picked":"Heatsinks","floor":10},{"not_picked":["Compile Driver","Barrage"],"picked":"Loop","floor":12},{"not_picked":["Ball Lightning","Blizzard"],"picked":"Auto Shields","floor":13},{"not_picked":["Steam","Leap"],"picked":"Ball Lightning","floor":14},{"not_picked":["Hyperbeam","Machine Learning"],"picked":"Biased Cognition","floor":16},{"not_picked":["Leap","Go for the Eyes+1"],"picked":"Turbo","floor":18},{"not_picked":["Stack","Chaos+1"],"picked":"Self Repair","floor":21},{"not_picked":["Compile Driver","Double Energy"],"picked":"Steam Power+1","floor":22},{"not_picked":["Go for the Eyes+1","Turbo"],"picked":"Defragment+1","floor":27},{"not_picked":["Beam Cell+1","Go for the Eyes+1"],"picked":"Gash+1","floor":30},{"not_picked":["Redo","Compile Driver+1"],"picked":"Buffer","floor":31}],"player_experience":527817,"relics_obtained":[{"floor":6,"key":"Singing Bowl"},{"floor":8,"key":"Omamori"},{"floor":9,"key":"Matryoshka"},{"floor":13,"key":"Mercury Hourglass"},{"floor":17,"key":"Potion Belt"},{"floor":17,"key":"Kunai"},{"floor":17,"key":"Du-Vu Doll"},{"floor":25,"key":"Molten Egg 2"},{"floor":26,"key":"Letter Opener"},{"floor":26,"key":"Bronze Scales"}],"event_choices":[{"damage_healed":0,"gold_gain":0,"cards_transformed":["Defend_B"],"player_choice":"Change","damage_taken":0,"max_hp_gain":0,"max_hp_loss":0,"event_name":"Living Wall","floor":2,"gold_loss":0,"cards_obtained":["Creative AI"]},{"cards_removed":["Strike_B"],"damage_healed":0,"gold_gain":0,"player_choice":"Card Removal","damage_taken":7,"max_hp_gain":0,"max_hp_loss":0,"event_name":"Golden Wing","floor":3,"gold_loss":0},{"damage_healed":0,"gold_gain":275,"player_choice":"Desecrate","damage_taken":0,"max_hp_gain":0,"max_hp_loss":0,"event_name":"Golden Shrine","floor":11,"gold_loss":0,"cards_obtained":["Regret"]},{"damage_healed":0,"gold_gain":0,"player_choice":"Simplicity","damage_taken":0,"max_hp_gain":0,"max_hp_loss":0,"event_name":"Back to Basics","floor":20,"gold_loss":0,"cards_upgraded":["Strike_B","Strike_B","Strike_B","Defend_B","Defend_B","Defend_B"]},{"damage_healed":0,"gold_gain":0,"player_choice":"Ignored","damage_taken":0,"max_hp_gain":0,"max_hp_loss":0,"event_name":"Beggar","floor":24,"gold_loss":0}],"is_beta":false,"boss_relics":[{"not_picked":["Cursed Key","Runic Pyramid"],"picked":"Calling Bell"}],"items_purged_floors":[4,19],"is_endless":false,"potions_floor_spawned":[1,6,8,12,21,27],"killed_by":"Collector","ascension_level":0}