{"gold_per_floor":[114,16,26,26,36,71,71,98,143,143,162,62,77,77,77,182,232,246,246,259,272,272,272,283,2,71,98,98,128,128,184,184,184],"floor_reached":33,"playtime":772,"items_purged":["Strike_B","Strike_B","Defend_B"],"score":343,"play_id":"cdb4f591-dbae-4fbf-a51c-4297262b52eb","local_time":"20180726174605","is_ascension_mode":false,"campfire_choices":[{"data":"Coolheaded","floor":7,"key":"SMITH"},{"floor":10,"key":"REST"},{"floor":15,"key":"REST"},{"floor":23,"key":"REST"},{"data":"Zap","floor":28,"key":"SMITH"},{"floor":32,"key":"REST"}],"neow_cost":"","seed_source_timestamp":10968083114803,"circlet_count":0,"master_deck":["Strike_B","Strike_B","Defend_B","Defend_B","Defend_B","Zap+1","Dualcast","Compile Driver","Streamline+1","FTL","Coolheaded+1","Gash","Compile Driver","Compile Driver+1","Seek"],"relics":["Cracked Core","Letter Opener","Dream Catcher","Lantern","Tiny House","Bag of Marbles","Bottled Flame","Anchor","Bag of Preparation","Tiny Chest"],"potions_floor_usage":[11,16,18,21,21,33],"damage_taken":[{"damage":11,"enemies":"Jaw Worm","floor":1,"turns":2},{"damage":6,"enemies":"Cultist","floor":3,"turns":3},{"damage":0,"enemies":"2 Louse","floor":5,"turns":1},{"damage":14,"enemies":"Gremlin Nob","floor":6,"turns":3},{"damage":34,"enemies":"Lagavulin","floor":8,"turns":5},{"damage":12,"enemies":"Gremlin Gang","floor":11,"turns":2},{"damage":6,"enemies":"Red Slaver","floor":13,"turns":2},{"damage":25,"enemies":"Hexaghost","floor":16,"turns":7},{"damage":23,"enemies":"Shell Parasite","floor":18,"turns":5},{"damage":6,"enemies":"Spheric Guardian","floor":20,"turns":3},{"damage":24,"enemies":"Snake Plant","floor":21,"turns":4},{"damage":27,"enemies":"3 Cultists","floor":24,"turns":5},{"damage":0,"enemies":"Gremlin Leader","floor":27,"turns":5},{"damage":19,"enemies":"Book of Stabbing","floor":29,"turns":3},{"damage":79,"enemies":"Collector","floor":33,"turns":7}],"seed_played":"3899440221353532434","potions_obtained":[{"floor":6,"key":"Explosive Potion"},{"floor":11,"key":"Fire Potion"},{"floor":16,"key":"Swift Potion"},{"floor":17,"key":"Fruit Juice"},{"floor":18,"key":"PowerPotion"},{"floor":20,"key":"FocusPotion"},{"floor":27,"key":"SpeedPotion"}],"is_trial":false,"path_per_floor":["M","$","M","?","M","E","R","E","T","R","M","$","M","?","R","B",null,"M","?","M","M","?","R","M","$","T","E","R","E","$","T","R"],"character_chosen":"DEFECT","items_purchased":["Streamline","Bag of Marbles"],"campfire_rested":4,"item_purchase_floors":[2,25],"current_hp_per_floor":[64,64,58,58,58,44,44,10,10,32,20,20,14,14,36,11,80,62,62,56,32,95,95,68,68,68,68,68,49,49,49,77,0],"gold":184,"neow_bonus":"","is_prod":false,"is_daily":false,"chose_seed":false,"campfire_upgraded":2,"win_rate":0,"timestamp":1532598365,"path_taken":["M","$","M","?","?","E","R","E","T","R","?","$","?","?","R","BOSS","M","?","M","?","?","R","?","$","T","E","R","E","$","?","R","BOSS"],"build_version":"2018-07-19v2","purchased_purges":3,"victory":false,"max_hp_per_floor":[75,75,75,75,75,75,75,75,75,75,75,75,75,75,75,75,80,85,85,85,85,95,95,95,95,95,95,95,95,95,95,95,95],"card_choices":[{"not_picked":["Rebound","Aggregate"],"picked":"Compile Driver","floor":1},{"not_picked":["Redo","Darkness","Go for the Eyes"],"picked":"SKIP","floor":3},{"not_picked":["Streamline","Compile Driver"],"picked":"FTL","floor":5},{"not_picked":["FTL","Rebound"],"picked":"Coolheaded","floor":6},{"not_picked":["Stack","Barrage","FTL"],"picked":"SKIP","floor":8},{"not_picked":["Turbo","Conserve Battery","Compile Driver"],"picked":"SKIP","floor":11},{"not_picked":["Hello World","Reinforced Body"],"picked":"Gash","floor":13},{"not_picked":["Cold Snap+1","Machine Learning"],"picked":"Compile Driver","floor":18},{"not_picked":["Ball Lightning+1","White Noise"],"picked":"Compile Driver+1","floor":20},{"not_picked":["Conserve Battery+1","Cold Snap","Barrage+1"],"picked":"SKIP","floor":21},{"not_picked":["Conserve Battery","Redo","Static Discharge+1"],"picked":"SKIP","floor":24},{"not_picked":["Steam","Force Field","Coolheaded"],"picked":"SKIP","floor":27},{"not_picked":["Steam","Chaos","Heatsinks"],"picked":"SKIP","floor":29},{"not_picked":["Turbo","White Noise"],"picked":"Seek","floor":32}],"player_experience":322505,"relics_obtained":[{"floor":6,"key":"Letter Opener"},{"floor":8,"key":"Dream Catcher"},{"floor":9,"key":"Lantern"},{"floor":26,"key":"Bottled Flame"},{"floor":27,"key":"Anchor"},{"floor":29,"key":"Bag of Preparation"},{"floor":31,"key":"Tiny Chest"}],"event_choices":[{"event_name":"Accursed Blacksmith","player_choice":"Forge","floor":4,"damage_taken":0},{"event_name":"Match and Keep!","player_choice":"1 cards matched","floor":14,"damage_taken":0},{"event_name":"Ghosts","player_choice":"Ignored","floor":19,"damage_taken":0},{"event_name":"Bonfire Elementals","player_choice":"RARE","floor":22,"damage_taken":0}],"is_beta":false,"boss_relics":[{"not_picked":["Philosopher\u0027s Stone","Eternal Feather"],"picked":"Tiny House"}],"items_purged_floors":[2,12,25],"is_endless":false,"potions_floor_spawned":[6,11,16,18,20,27],"killed_by":"Collector","ascension_level":0}