{"gold_per_floor":[111,129,12,12,12,12,23,123,123,123,140,65,85,97,97,201,201,219,219,219,119,136,154,182,182,209,84,103,153,172,188,188,286,286,299,316,316,166,166,166],"floor_reached":40,"playtime":1366,"items_purged":["Strike_R","Strike_R","Strike_R","Defend_R"],"score":425,"play_id":"e873e73e-3bfa-4939-8ab6-5d068c52a699","local_time":"20180719090733","is_ascension_mode":false,"campfire_choices":[{"data":"Body Slam","floor":6,"key":"SMITH"},{"data":"Entrench","floor":10,"key":"SMITH"},{"data":"Shrug It Off","floor":15,"key":"SMITH"},{"data":"Defend_R","floor":32,"key":"SMITH"}],"neow_cost":"NONE","seed_source_timestamp":343793055308763,"circlet_count":0,"master_deck":["Defend_R+1","Defend_R+1","Body Slam+1","Entrench+1","Shrug It Off+1","Offering+1","Madness","Madness"],"relics":["Burning Blood","Oddly Smooth Stone","Gremlin Horn","Busted Crown","Mercury Hourglass","Kunai","War Paint","Bag of Preparation","Empty Cage"],"potions_floor_usage":[16,20,23,24,31,31,33],"damage_taken":[{"damage":1,"enemies":"Cultist","floor":1,"turns":3},{"damage":11,"enemies":"Jaw Worm","floor":2,"turns":2},{"damage":14,"enemies":"2 Louse","floor":7,"turns":2},{"damage":0,"enemies":"Blue Slaver","floor":11,"turns":4},{"damage":0,"enemies":"Looter","floor":13,"turns":5},{"damage":5,"enemies":"Exordium Wildlife","floor":14,"turns":7},{"damage":35,"enemies":"The Guardian","floor":16,"turns":10},{"damage":4,"enemies":"Chosen","floor":18,"turns":4},{"damage":0,"enemies":"3 Byrds","floor":20,"turns":1},{"damage":4,"enemies":"Cultist and Chosen","floor":22,"turns":3},{"damage":4,"enemies":"Centurion and Healer","floor":23,"turns":6},{"damage":16,"enemies":"Gremlin Leader","floor":24,"turns":4},{"damage":4,"enemies":"Snake Plant","floor":28,"turns":1},{"damage":4,"enemies":"Sentry and Sphere","floor":30,"turns":2},{"damage":4,"enemies":"Snecko","floor":31,"turns":4},{"damage":63,"enemies":"Champ","floor":33,"turns":13},{"damage":4,"enemies":"Orb Walker","floor":35,"turns":1},{"damage":4,"enemies":"Flame Bruiser 1 Orb","floor":36,"turns":1},{"damage":71,"enemies":"2 Orb Walkers","floor":40,"turns":8}],"seed_played":"4923835103440011063","potions_obtained":[{"floor":2,"key":"Weak Potion"},{"floor":7,"key":"GamblersBrew"},{"floor":14,"key":"SmokeBomb"},{"floor":16,"key":"SpeedPotion"},{"floor":22,"key":"EssenceOfSteel"},{"floor":28,"key":"PowerPotion"},{"floor":31,"key":"Weak Potion"},{"floor":33,"key":"Ancient Potion"},{"floor":35,"key":"Strength Potion"}],"is_trial":false,"path_per_floor":["M","M","$","?","?","R","M","?","T","R","M","$","M","M","R","B",null,"M","?","M","$","M","M","E","?","T","$","M","T","M","M","R","B",null,"M","M","?","$","?"],"character_chosen":"IRONCLAD","items_purchased":["Body Slam","Entrench"],"campfire_rested":0,"item_purchase_floors":[3,3],"current_hp_per_floor":[80,75,75,75,68,68,60,60,60,60,66,66,72,73,73,44,80,80,80,80,80,80,80,70,70,70,70,72,72,74,76,76,19,80,80,80,80,80,70,0],"gold":166,"neow_bonus":"TRANSFORM_CARD","is_prod":false,"is_daily":false,"chose_seed":false,"campfire_upgraded":4,"win_rate":0,"timestamp":1531962453,"path_taken":["M","?","$","?","?","R","M","?","T","R","M","?","M","M","R","BOSS","M","?","M","$","M","M","E","?","T","?","M","?","M","?","R","BOSS","M","M","?","$","?","E"],"build_version":"2018-07-12","purchased_purges":4,"victory":false,"max_hp_per_floor":[80,80,80,80,80,80,80,80,80,80,80,80,80,80,80,80,80,80,80,80,80,80,80,80,80,80,80,80,80,80,80,80,80,80,80,80,80,80,80,80],"card_choices":[{"not_picked":["Thunderclap","Warcry","Perfected Strike"],"picked":"SKIP","floor":1},{"not_picked":["Sword Boomerang","Feel No Pain","Dark Embrace"],"picked":"SKIP","floor":2},{"not_picked":["Flex","Dropkick","Warcry"],"picked":"SKIP","floor":7},{"not_picked":["Disarm","Headbutt","Thunderclap"],"picked":"SKIP","floor":11},{"not_picked":["Battle Trance","Dual Wield"],"picked":"Shrug It Off","floor":13},{"not_picked":["Thunderclap","Inflame","Second Wind"],"picked":"SKIP","floor":14},{"not_picked":["Bludgeon","Brutality"],"picked":"Offering","floor":16},{"not_picked":["Wild Strike"],"picked":"SKIP","floor":18},{"not_picked":["Sword Boomerang+1"],"picked":"SKIP","floor":22},{"not_picked":["Sword Boomerang+1"],"picked":"SKIP","floor":22},{"not_picked":["Clothesline"],"picked":"SKIP","floor":23},{"not_picked":["Clothesline"],"picked":"SKIP","floor":24},{"not_picked":["Pommel Strike"],"picked":"SKIP","floor":28},{"not_picked":["Dual Wield"],"picked":"SKIP","floor":30},{"not_picked":["Heavy Blade"],"picked":"SKIP","floor":31},{"not_picked":["Thunderclap+1"],"picked":"SKIP","floor":35},{"not_picked":["Sword Boomerang+1"],"picked":"SKIP","floor":36}],"player_experience":306451,"relics_obtained":[{"floor":9,"key":"Gremlin Horn"},{"floor":24,"key":"Mercury Hourglass"},{"floor":26,"key":"War Paint"},{"floor":29,"key":"Bag of Preparation"}],"event_choices":[{"event_name":"Living Wall","player_choice":"Forget","floor":4,"damage_taken":0},{"event_name":"Scrap Ooze","player_choice":"success","floor":5,"damage_taken":7},{"event_name":"Golden Shrine","player_choice":"Pray","floor":8,"damage_taken":0},{"event_name":"Drug Dealer","player_choice":"Ignored","floor":19,"damage_taken":0},{"event_name":"The Mausoleum","player_choice":"Yes","floor":25,"damage_taken":0},{"event_name":"Falling","player_choice":"Removed Attack","floor":37,"damage_taken":0},{"event_name":"Winding Halls","player_choice":"Embrace Madness","floor":39,"damage_taken":0}],"boss_relics":[{"not_picked":["Orrery","Runic Pyramid"],"picked":"Busted Crown"},{"not_picked":["Calling Bell","Runic Dome"],"picked":"Empty Cage"}],"items_purged_floors":[12,21,27,38],"is_endless":false,"potions_floor_spawned":[2,7,14,16,20,22,28,31,33,35],"killed_by":"2 Orb Walkers","ascension_level":0}