{"gold_per_floor":[112,187,187,112,112,150,174,174,200,215,234,234,254,268,268,359,422,435,325,341,365,99,99,99,99,99,113,78,117,117,138,138,236,236,259,259,159,159,177,177,196,221,297,369,14,27,65,65,65,65,65,65,14,48,48],"floor_reached":56,"playtime":2499,"items_purged":["Strike_G","Strike_G","Defend_G"],"score":2045,"play_id":"241f5ac8-be22-4f17-a2c8-7144b90bc27a","local_time":"20190303182944","is_ascension_mode":true,"campfire_choices":[{"data":"Burst","floor":8.0,"key":"SMITH"},{"data":"Footwork","floor":12.0,"key":"SMITH"},{"data":"Deadly Poison","floor":15.0,"key":"SMITH"},{"data":"Tactician","floor":23.0,"key":"SMITH"},{"data":"Acrobatics","floor":25.0,"key":"SMITH"},{"data":"Bouncing Flask","floor":30.0,"key":"SMITH"},{"data":"Well Laid Plans","floor":32.0,"key":"SMITH"},{"floor":40,"key":"RECALL"},{"floor":49,"key":"REST"},{"floor":52,"key":"REST"}],"neow_cost":"NONE","seed_source_timestamp":83169478662648,"circlet_count":0,"master_deck":["AscendersBane","Defend_G","Defend_G","Defend_G","Survivor+1","Neutralize","Deadly Poison+1","Burst+1","Footwork+1","Acrobatics+1","After Image+1","Tactician+1","Footwork+1","Well Laid Plans+1","Bouncing Flask+1","Acrobatics","After Image","Dodge and Roll","Backflip","Catalyst","Blur"],"special_seed":0,"relics":["Ring of the Snake","NeowsBlessing","Golden Idol","Pocketwatch","Lantern","Tiny House","TheAbacus","Mummified Hand","Juzu Bracelet","Fusion Hammer","Boot","Paper Crane","Snake Skull","Dream Catcher","Dodecahedron"],"potions_floor_usage":[47,55],"damage_taken":[{"damage":0.0,"enemies":"2 Louse","floor":1.0,"turns":1.0},{"damage":0.0,"enemies":"Lagavulin","floor":6.0,"turns":1.0},{"damage":0.0,"enemies":"Small Slimes","floor":7.0,"turns":1.0},{"damage":0.0,"enemies":"Jaw Worm","floor":10.0,"turns":5.0},{"damage":1.0,"enemies":"Large Slime","floor":11.0,"turns":10.0},{"damage":0.0,"enemies":"Red Slaver","floor":13.0,"turns":5.0},{"damage":24.0,"enemies":"Lots of Slimes","floor":14.0,"turns":6.0},{"damage":0.0,"enemies":"Hexaghost","floor":16.0,"turns":9.0},{"damage":0.0,"enemies":"Chosen","floor":18.0,"turns":6.0},{"damage":11.0,"enemies":"3 Byrds","floor":20.0,"turns":8.0},{"damage":1.0,"enemies":"Shelled Parasite and Fungi","floor":21.0,"turns":10.0},{"damage":3.0,"enemies":"Centurion and Healer","floor":27.0,"turns":9.0},{"damage":0.0,"enemies":"Slavers","floor":29.0,"turns":10.0},{"damage":0.0,"enemies":"3 Cultists","floor":31.0,"turns":7.0},{"damage":15.0,"enemies":"Collector","floor":33.0,"turns":6.0},{"damage":1,"enemies":"3 Shapes","floor":35,"turns":5},{"damage":17,"enemies":"3 Darklings","floor":39,"turns":5},{"damage":0,"enemies":"Maw","floor":41,"turns":5},{"damage":0,"enemies":"Sphere and 2 Shapes","floor":42,"turns":4},{"damage":6,"enemies":"3 Darklings","floor":46,"turns":4},{"damage":9,"enemies":"Reptomancer","floor":47,"turns":3},{"damage":21,"enemies":"Awakened One","floor":50,"turns":13},{"damage":26,"enemies":"Shield and Spear","floor":54,"turns":7},{"damage":47,"enemies":"The Heart","floor":55,"turns":7}],"seed_played":"4993802225839361476","potions_obtained":[{"floor":6.0,"key":"Fire Potion"},{"floor":10.0,"key":"Block Potion"},{"floor":16.0,"key":"Weak Potion"},{"floor":20.0,"key":"FairyPotion"},{"floor":21.0,"key":"SkillPotion"},{"floor":29.0,"key":"Poison Potion"},{"floor":31.0,"key":"EssenceOfSteel"},{"floor":41,"key":"FairyPotion"},{"floor":46,"key":"Block Potion"}],"is_trial":false,"path_per_floor":["M","?","?","?","?","E","M","R","T","M","M","R","M","M","R","B",null,"M","?","M","M","$","R","$","R","T","M","$","E","R","M","R","B",null,"M","?","$","?","M","R","M","M","T","T","$","M","E","$","R","B",null,"R","$","E","B",null],"character_chosen":"THE_SILENT","items_purchased":["TheAbacus","Well Laid Plans","Snake Skull","Catalyst","Block Potion"],"campfire_rested":2,"item_purchase_floors":[22,28,45,45,53],"current_hp_per_floor":[59,48,48,48,48,48,48,48,48,48,47,47,47,23,23,23,56,56,56,45,44,44,44,44,44,44,41,41,41,41,41,41,26,55,54,54,54,54,37,37,37,37,37,37,37,31,22,22,41,20,54,65,65,39,6],"gold":48,"neow_bonus":"THREE_ENEMY_KILL","is_prod":false,"is_daily":false,"chose_seed":false,"campfire_upgraded":7,"win_rate":0,"timestamp":1551608984,"path_taken":["M","?","?","?","?","E","M","R","T","M","M","R","?","M","R","BOSS","M","?","M","M","$","R","$","R","T","?","?","E","R","M","R","BOSS","M","?","$","?","M","R","M","M","T","?","$","M","E","?","R","BOSS","R","$","E","BOSS"],"build_version":"2019-01-23","purchased_purges":3,"victory":true,"max_hp_per_floor":[66,66,66,66,60,60,60,60,60,60,60,60,60,60,60,60,65,65,65,65,65,65,65,65,65,65,65,65,65,65,65,65,65,65,65,65,65,65,65,65,65,65,65,65,65,65,65,65,65,65,65,65,65,65,65],"card_choices":[{"not_picked":["Deflect","Leg Sweep"],"picked":"Deadly Poison","floor":1.0},{"not_picked":["Deadly Poison","Underhanded Strike"],"picked":"Footwork","floor":6.0},{"not_picked":["Poisoned Stab","Riddle With Holes","Dagger Throw"],"picked":"SKIP","floor":7.0},{"not_picked":["Deflect","Bane"],"picked":"Acrobatics","floor":10.0},{"not_picked":["Deadly Poison","Quick Slash","Caltrops"],"picked":"SKIP","floor":11.0},{"not_picked":["Flying Knee","Deadly Poison","Quick Slash"],"picked":"SKIP","floor":13.0},{"not_picked":["Heel Hook","Deadly Poison","Blade Dance"],"picked":"SKIP","floor":14.0},{"not_picked":["Unload","Burst"],"picked":"After Image","floor":16.0},{"not_picked":["Leg Sweep","Acrobatics"],"picked":"Tactician","floor":17.0},{"not_picked":["Setup+1","Dodge and Roll+1","Backstab"],"picked":"SKIP","floor":18.0},{"not_picked":["Flying Knee","PiercingWail","Infinite Blades"],"picked":"SKIP","floor":20.0},{"not_picked":["Bane","Deadly Poison"],"picked":"Footwork+1","floor":21.0},{"not_picked":["Underhanded Strike","Slice","Deflect"],"picked":"SKIP","floor":27.0},{"not_picked":["Dodge and Roll","Underhanded Strike"],"picked":"Bouncing Flask","floor":29.0},{"not_picked":["Glass Knife","Flying Knee"],"picked":"Acrobatics","floor":31.0},{"not_picked":["Malaise","Night Terror"],"picked":"After Image","floor":33.0},{"not_picked":["Poisoned Stab","Caltrops+1","Underhanded Strike"],"picked":"SKIP","floor":35},{"not_picked":["Deadly Poison","Bane","Dagger Spray+1"],"picked":"SKIP","floor":39},{"not_picked":["Blade Dance","Underhanded Strike"],"picked":"Backflip","floor":41},{"not_picked":["Escape Plan","Dagger Spray","Dagger Throw+1"],"picked":"SKIP","floor":42},{"not_picked":["Riddle With Holes","Predator","Bane"],"picked":"SKIP","floor":46},{"not_picked":["Well Laid Plans","Escape Plan+1","Bane"],"picked":"SKIP","floor":47},{"not_picked":["Finisher+1","Noxious Fumes"],"picked":"Blur","floor":49},{"not_picked":["PiercingWail","Prepared","Bouncing Flask"],"picked":"SKIP","floor":54}],"player_experience":1085368,"relics_obtained":[{"floor":6.0,"key":"Pocketwatch"},{"floor":9.0,"key":"Lantern"},{"floor":26.0,"key":"Mummified Hand"},{"floor":29.0,"key":"Juzu Bracelet"},{"floor":44,"key":"Paper Crane"},{"floor":47,"key":"Dream Catcher"},{"floor":54,"key":"Dodecahedron"}],"event_choices":[{"damage_healed":0.0,"max_hp_gain":0.0,"max_hp_loss":0.0,"gold_gain":75.0,"event_name":"World of Goop","player_choice":"Gather Gold","floor":2.0,"gold_loss":0.0,"damage_taken":11.0},{"damage_healed":0.0,"max_hp_gain":0.0,"max_hp_loss":0.0,"gold_gain":0.0,"cards_transformed":["Strike_G"],"event_name":"Living Wall","player_choice":"Change","floor":3.0,"gold_loss":0.0,"damage_taken":0.0,"cards_obtained":["Burst"]},{"cards_removed":["Strike_G"],"damage_healed":0.0,"max_hp_gain":0.0,"max_hp_loss":0.0,"gold_gain":0.0,"event_name":"The Cleric","player_choice":"Card Removal","floor":4.0,"gold_loss":75.0,"damage_taken":0.0},{"damage_healed":0.0,"max_hp_gain":0.0,"max_hp_loss":6.0,"gold_gain":0.0,"event_name":"Golden Idol","player_choice":"Lose Max HP","floor":5.0,"gold_loss":0.0,"damage_taken":0.0,"relics_obtained":["Golden Idol"]},{"cards_removed":["Strike_G"],"damage_healed":0.0,"max_hp_gain":0.0,"max_hp_loss":0.0,"gold_gain":0.0,"event_name":"Designer","player_choice":"Upgrade and Remove","floor":19.0,"gold_loss":110.0,"damage_taken":0.0,"cards_upgraded":["After Image"]},{"damage_healed":0,"gold_gain":0,"player_choice":"Gave Potion","damage_taken":0,"relics_obtained":["Boot"],"max_hp_gain":0,"max_hp_loss":0,"event_name":"WeMeetAgain","floor":36,"gold_loss":0},{"damage_healed":0,"gold_gain":0,"cards_transformed":["Defend_G"],"player_choice":"Transformed","damage_taken":0,"max_hp_gain":0,"max_hp_loss":0,"event_name":"Transmorgrifier","floor":38,"gold_loss":0,"cards_obtained":["Dodge and Roll"]}],"is_beta":false,"boss_relics":[{"not_picked":["Black Star","Snecko Eye"],"picked":"Tiny House"},{"not_picked":["Pandora\u0027s Box","HoveringKite"],"picked":"Fusion Hammer"}],"items_purged_floors":[22,37,45],"is_endless":false,"potions_floor_spawned":[6,10,16,20,21,27,29,31,35,41,46],"ascension_level":15}