{"gold_per_floor":[114,134,74,94,110,145,145,145,145,145],"floor_reached":10,"playtime":444,"items_purged":[],"score":68,"play_id":"1b4816c6-6de0-4d87-8c11-e00801923bd5","local_time":"20190501162419","is_ascension_mode":false,"campfire_choices":[{"data":"Iron Wave","floor":7,"key":"SMITH"}],"neow_cost":"NONE","seed_source_timestamp":1792779000445097,"circlet_count":0,"master_deck":["Strike_R","Strike_R+1","Strike_R","Strike_R","Strike_R","Defend_R","Defend_R+1","Defend_R+1","Defend_R+1","Bash","Shrug It Off","Corruption","Shrug It Off","Iron Wave+1","Spot Weakness"],"relics":["Burning Blood","Bag of Preparation","The Courier","War Paint"],"potions_floor_usage":[10],"damage_taken":[{"damage":1,"enemies":"2 Louse","floor":1,"turns":3},{"damage":6,"enemies":"Cultist","floor":2,"turns":3},{"damage":16,"enemies":"Jaw Worm","floor":4,"turns":4},{"damage":14,"enemies":"Exordium Wildlife","floor":5,"turns":4},{"damage":43,"enemies":"Lagavulin","floor":6,"turns":10},{"damage":16,"enemies":"Gremlin Nob","floor":10,"turns":3}],"seed_played":"-5363648198673546042","potions_obtained":[{"floor":5,"key":"LiquidBronze"},{"floor":6,"key":"Ancient Potion"}],"is_trial":false,"path_per_floor":["M","M","?","M","M","E","R","?","T","E"],"character_chosen":"IRONCLAD","items_purchased":[],"campfire_rested":0,"item_purchase_floors":[],"current_hp_per_floor":[88,88,88,78,70,33,33,15,15,0],"gold":145,"neow_bonus":"TEN_PERCENT_HP_BONUS","is_prod":false,"is_daily":false,"chose_seed":false,"campfire_upgraded":1,"win_rate":0,"timestamp":1556745859,"path_taken":["M","M","?","M","?","E","R","?","T","E"],"build_version":"2019-01-23","purchased_purges":0,"victory":false,"max_hp_per_floor":[88,88,88,88,88,88,88,88,88,88],"card_choices":[{"not_picked":["Perfected Strike","Wild Strike"],"picked":"Shrug It Off","floor":1},{"not_picked":["Pommel Strike","Heavy Blade"],"picked":"Corruption","floor":2},{"not_picked":["Power Through","Body Slam"],"picked":"Shrug It Off","floor":4},{"not_picked":["Juggernaut","Perfected Strike"],"picked":"Iron Wave","floor":5},{"not_picked":["Reaper","Flex"],"picked":"Spot Weakness","floor":6}],"player_experience":255829,"relics_obtained":[{"floor":6,"key":"The Courier"},{"floor":9,"key":"War Paint"}],"event_choices":[{"damage_healed":0,"gold_gain":0,"player_choice":"Paid Gold","damage_taken":0,"relics_obtained":["Bag of Preparation"],"max_hp_gain":0,"max_hp_loss":0,"event_name":"WeMeetAgain","floor":3,"gold_loss":60},{"damage_healed":0,"gold_gain":0,"player_choice":"Entered Light","damage_taken":18,"max_hp_gain":0,"max_hp_loss":0,"event_name":"Shining Light","floor":8,"gold_loss":0,"cards_upgraded":["Strike_R","Defend_R"]}],"is_beta":false,"boss_relics":[],"items_purged_floors":[],"is_endless":false,"potions_floor_spawned":[5,6],"killed_by":"Gremlin Nob","ascension_level":0}