{"path_per_floor":["M","?","?","M","M","R","$","R","T","R","T","M","E","$","R","B",null,"M","M","?","$"],"character_chosen":"DEFECT","items_purchased":["Hologram","Steam"],"gold_per_floor":[109,109,109,119,136,136,9,9,9,9,9,20,55,30,30,129,129,119,139,139,39,39],"floor_reached":22,"campfire_rested":1,"playtime":818,"item_purchase_floors":[7,14],"current_hp_per_floor":[73,73,61,58,58,58,58,58,58,75,75,75,46,46,46,3,75,49,30,16,16,0],"items_purged":["Strike_B","Strike_B"],"gold":39,"score":191,"play_id":"5ca03856-72ee-4859-8de7-744ba0479db4","local_time":"20180606085704","is_prod":false,"is_daily":false,"chose_seed":false,"is_ascension_mode":true,"campfire_upgraded":3,"win_rate":0,"timestamp":1528246624,"campfire_choices":[{"data":"Zap","floor":6,"key":"SMITH"},{"data":"Dualcast","floor":8,"key":"SMITH"},{"floor":10,"key":"REST"},{"data":"White Noise","floor":15,"key":"SMITH"}],"path_taken":["M","?","?","M","M","R","$","R","T","R","?","M","E","?","R","BOSS","M","M","?","$","?"],"build_version":"2018-05-31","seed_source_timestamp":215552797434339,"purchased_purges":2,"victory":false,"master_deck":["Strike_B","Defend_B","Defend_B","Defend_B","Defend_B","Zap+1","Dualcast+1","Gash","Leap","Hologram","White Noise+1","Conserve Battery","Steam","Creative AI","Gash","Beam Cell"],"max_hp_per_floor":[75,75,75,75,75,75,75,75,75,75,75,75,75,75,75,75,75,75,75,80,80,80],"relics":["Cracked Core","Toolbox","Cables","Kunai","Bottled Lightning"],"card_choices":[{"not_picked":["Ball Lightning","Redo"],"picked":"Gash","floor":1},{"not_picked":["Aggregate","Genetic Algorithm","Lockon"],"picked":"SKIP","floor":4},{"not_picked":["Hologram","Ball Lightning"],"picked":"Leap","floor":5},{"not_picked":["Stack","Coolheaded"],"picked":"White Noise","floor":12},{"not_picked":["Skim","Streamline"],"picked":"Conserve Battery","floor":13},{"not_picked":["Fission","Rainbow"],"picked":"Creative AI","floor":16},{"not_picked":["Hologram","Tempest"],"picked":"Gash","floor":18},{"not_picked":["Sweeping Beam","Ball Lightning"],"picked":"Beam Cell","floor":19}],"player_experience":225690,"potions_floor_usage":[13,22],"damage_taken":[{"damage":2,"enemies":"Small Slimes","floor":1,"turns":3},{"damage":3,"enemies":"Jaw Worm","floor":4,"turns":3},{"damage":0,"enemies":"2 Louse","floor":5,"turns":2},{"damage":0,"enemies":"Large Slime","floor":12,"turns":6},{"damage":29,"enemies":"Gremlin Nob","floor":13,"turns":4},{"damage":43,"enemies":"The Guardian","floor":16,"turns":14},{"damage":26,"enemies":"2 Thieves","floor":18,"turns":4},{"damage":19,"enemies":"3 Byrds","floor":19,"turns":6},{"damage":18,"enemies":"3 Cultists","floor":22,"turns":4}],"relics_obtained":[{"floor":9,"key":"Cables"},{"floor":11,"key":"Kunai"},{"floor":13,"key":"Bottled Lightning"}],"event_choices":[{"event_name":"Living Wall","player_choice":"Forget","floor":2,"damage_taken":0},{"event_name":"Scrap Ooze","player_choice":"success","floor":3,"damage_taken":12},{"event_name":"Forgotten Altar","player_choice":"Shed Blood","floor":20,"damage_taken":0}],"boss_relics":[{"not_picked":["Runic Dome","Velvet Choker","Runic Pyramid"]}],"items_purged_floors":[7,21],"potions_floor_spawned":[4,16,19],"seed_played":"3812261554380908443","killed_by":"3 Cultists","ascension_level":1,"potions_obtained":[{"floor":4,"key":"Poison Potion"},{"floor":16,"key":"FocusPotion"},{"floor":19,"key":"SkillPotion"}],"is_trial":false}