{"gold_per_floor":[116,116,116,116,93,93,110,35,35,45,62,74,104,124,124,220,220,237,162,162,162,181,181,193,193,193,193,208,208,227,244,244,341,341,351,279,296,296,316,316,348,348,348,362,362,362,362,0,0,0],"floor_reached":50,"playtime":1010,"items_purged":["Strike_R"],"score":497,"play_id":"976ebfef-bd1c-4dba-b61a-3628310c2edb","local_time":"20190301201739","is_ascension_mode":false,"campfire_choices":[{"data":"Bash","floor":6.0,"key":"SMITH"},{"data":"Inflame","floor":15.0,"key":"SMITH"},{"data":"Cleave","floor":23.0,"key":"SMITH"},{"data":"Feed","floor":25.0,"key":"SMITH"},{"data":"Exhume","floor":27.0,"key":"SMITH"},{"floor":29.0,"key":"REST"},{"data":"Dropkick","floor":32.0,"key":"SMITH"},{"data":"Offering","floor":40.0,"key":"SMITH"},{"floor":42.0,"key":"REST"},{"floor":45.0,"key":"REST"},{"data":"Barricade","floor":49.0,"key":"SMITH"}],"neow_cost":"NONE","seed_source_timestamp":0,"circlet_count":0,"master_deck":["Strike_R","Strike_R+1","Strike_R","Strike_R","Bash+1","Thunderclap+1","Headbutt","Dropkick+1","Exhume+1","Dropkick","Inflame+1","Feed+1","Dropkick+1","Cleave+1","Havoc+1","Feed","Offering+1","Ghostly Armor+1","Rupture","Fire Breathing+1","Parasite","Barricade+1","Brutality"],"special_seed":0,"relics":["Burning Blood","NeowsBlessing","Orichalcum","Regal Pillow","Sozu","Singing Bowl","Empty Cage","Vajra","Dead Branch","ClockworkSouvenir"],"potions_floor_usage":[],"damage_taken":[{"damage":0.0,"enemies":"2 Louse","floor":1.0,"turns":1.0},{"damage":0.0,"enemies":"Jaw Worm","floor":7.0,"turns":1.0},{"damage":0.0,"enemies":"Small Slimes","floor":10.0,"turns":1.0},{"damage":1.0,"enemies":"Blue Slaver","floor":11.0,"turns":2.0},{"damage":7.0,"enemies":"Lots of Slimes","floor":12.0,"turns":2.0},{"damage":12.0,"enemies":"Lagavulin","floor":13.0,"turns":3.0},{"damage":3.0,"enemies":"2 Fungi Beasts","floor":14.0,"turns":3.0},{"damage":30.0,"enemies":"Hexaghost","floor":16.0,"turns":7.0},{"damage":4.0,"enemies":"Chosen","floor":18.0,"turns":3.0},{"damage":4.0,"enemies":"Spheric Guardian","floor":22.0,"turns":3.0},{"damage":9.0,"enemies":"3 Cultists","floor":24.0,"turns":4.0},{"damage":30.0,"enemies":"Snake Plant","floor":28.0,"turns":4.0},{"damage":11.0,"enemies":"Snecko","floor":30.0,"turns":4.0},{"damage":24.0,"enemies":"Centurion and Healer","floor":31.0,"turns":4.0},{"damage":43.0,"enemies":"Champ","floor":33.0,"turns":6.0},{"damage":12.0,"enemies":"3 Darklings","floor":35.0,"turns":2.0},{"damage":6.0,"enemies":"3 Shapes","floor":37.0,"turns":2.0},{"damage":21.0,"enemies":"Writhing Mass","floor":39.0,"turns":4.0},{"damage":61.0,"enemies":"Nemesis","floor":41.0,"turns":7.0},{"damage":14.0,"enemies":"3 Darklings","floor":44.0,"turns":3.0},{"damage":0,"enemies":"Time Eater","floor":50,"turns":1}],"seed_played":"8118359117456980575","potions_obtained":[{"floor":1.0,"key":"Strength Potion"},{"floor":12.0,"key":"Dexterity Potion"},{"floor":14.0,"key":"EssenceOfSteel"}],"is_trial":false,"path_per_floor":["M","?","?","?","?","R","M","$","T","M","M","M","E","M","R","B",null,"M","$","?","?","M","R","M","R","T","R","M","R","M","M","R","B",null,"M","$","M","?","M","R","E","R","T","M","R","?","?","$","R","B"],"character_chosen":"IRONCLAD","items_purchased":["Dropkick","Rupture","ClockworkSouvenir","Brutality"],"campfire_rested":3,"item_purchase_floors":[8,36,48,48],"current_hp_per_floor":[80,80,73,57,57,57,63,63,63,69,74,73,67,70,70,46,80,80,80,65,65,70,70,67,67,67,67,43,84,81,69,69,32,96,90,90,98,98,85,85,36,84,84,76,112,114,108,108,108,108],"gold":0,"neow_bonus":"THREE_ENEMY_KILL","is_prod":false,"is_daily":false,"chose_seed":false,"campfire_upgraded":8,"win_rate":0,"timestamp":1551489459,"path_taken":["M","?","?","?","?","R","M","$","T","M","?","?","E","M","R","BOSS","M","$","?","?","M","R","M","R","T","R","M","R","M","M","R","BOSS","M","$","M","?","M","R","E","R","T","M","R","?","?","$","R","BOSS"],"build_version":"2019-01-23","purchased_purges":1,"victory":false,"max_hp_per_floor":[80,80,80,80,80,80,80,80,80,80,80,80,80,80,80,80,80,80,80,85,85,88,88,88,88,88,88,88,88,90,96,96,96,96,96,96,104,104,106,106,112,112,112,112,112,114,108,108,108,108],"card_choices":[{"not_picked":["Body Slam","Entrench"],"picked":"Thunderclap","floor":1.0},{"not_picked":["Power Through","Clash"],"picked":"Headbutt","floor":7.0},{"not_picked":["Armaments","Rupture","Sever Soul"],"picked":"SKIP","floor":10.0},{"not_picked":["Blood for Blood","Shrug It Off","Dual Wield"],"picked":"SKIP","floor":11.0},{"not_picked":["Flame Barrier","Anger"],"picked":"Exhume","floor":12.0},{"not_picked":["Thunderclap","Twin Strike"],"picked":"Dropkick","floor":13.0},{"not_picked":["Heavy Blade","Iron Wave"],"picked":"Inflame","floor":14.0},{"not_picked":["Juggernaut","Exhume"],"picked":"Feed","floor":16.0},{"not_picked":["Warcry","True Grit+1"],"picked":"Dropkick+1","floor":18.0},{"not_picked":["Shrug It Off+1","Reckless Charge"],"picked":"Cleave","floor":22.0},{"not_picked":["Carnage","Warcry+1"],"picked":"Havoc+1","floor":24.0},{"not_picked":["Rage","Twin Strike+1"],"picked":"Feed","floor":28.0},{"not_picked":["Perfected Strike","Burning Pact","Rampage"],"picked":"Singing Bowl","floor":30.0},{"not_picked":["Sword Boomerang+1","Power Through","Anger"],"picked":"Singing Bowl","floor":31.0},{"not_picked":["Double Tap","Berserk"],"picked":"Offering","floor":33.0},{"not_picked":["Carnage","Flex"],"picked":"Ghostly Armor+1","floor":35.0},{"not_picked":["Blood for Blood+1","Armaments+1"],"picked":"Fire Breathing+1","floor":37.0},{"not_picked":["Dropkick+1","Rupture+1","Thunderclap"],"picked":"Singing Bowl","floor":39.0},{"not_picked":["Thunderclap","Headbutt","Metallicize"],"picked":"Singing Bowl","floor":41.0},{"not_picked":["Evolve","Sword Boomerang+1"],"picked":"Barricade","floor":44.0},{"not_picked":["Dark Shackles","Sadistic Nature","Jack Of All Trades"],"picked":"Singing Bowl","floor":46.0}],"player_experience":847750,"relics_obtained":[{"floor":9.0,"key":"Orichalcum"},{"floor":13.0,"key":"Regal Pillow"},{"floor":26.0,"key":"Singing Bowl"},{"floor":41.0,"key":"Vajra"},{"floor":43.0,"key":"Dead Branch"}],"event_choices":[{"cards_removed":["Defend_R"],"damage_healed":0.0,"max_hp_gain":0.0,"max_hp_loss":0.0,"gold_gain":0.0,"event_name":"Living Wall","player_choice":"Forget","floor":2.0,"gold_loss":0.0,"damage_taken":0.0},{"cards_removed":["Defend_R"],"damage_healed":0.0,"max_hp_gain":0.0,"max_hp_loss":0.0,"gold_gain":0.0,"event_name":"Golden Wing","player_choice":"Card Removal","floor":3.0,"gold_loss":0.0,"damage_taken":7.0},{"damage_healed":0.0,"max_hp_gain":0.0,"max_hp_loss":0.0,"gold_gain":0.0,"event_name":"Shining Light","player_choice":"Entered Light","floor":4.0,"gold_loss":0.0,"damage_taken":16.0,"cards_upgraded":["Strike_R","Thunderclap"]},{"damage_healed":0.0,"max_hp_gain":0.0,"max_hp_loss":0.0,"gold_gain":0.0,"event_name":"World of Goop","player_choice":"Left Gold","floor":5.0,"gold_loss":23.0,"damage_taken":0.0},{"damage_healed":0.0,"max_hp_gain":5.0,"max_hp_loss":0.0,"gold_gain":0.0,"event_name":"Forgotten Altar","player_choice":"Shed Blood","floor":20.0,"gold_loss":0.0,"damage_taken":20.0},{"damage_healed":0.0,"max_hp_gain":0.0,"max_hp_loss":0.0,"gold_gain":0.0,"event_name":"Ghosts","player_choice":"Ignored","floor":21.0,"gold_loss":0.0,"damage_taken":0.0},{"damage_healed":0.0,"max_hp_gain":0.0,"max_hp_loss":0.0,"gold_gain":0.0,"event_name":"Mysterious Sphere","player_choice":"Ignored","floor":38.0,"gold_loss":0.0,"damage_taken":0.0},{"damage_healed":0.0,"max_hp_gain":0.0,"max_hp_loss":0.0,"gold_gain":0.0,"event_name":"SensoryStone","player_choice":"Memory 1","floor":46.0,"gold_loss":0.0,"damage_taken":0.0},{"damage_healed":0.0,"max_hp_gain":0.0,"max_hp_loss":6.0,"gold_gain":0.0,"event_name":"Winding Halls","player_choice":"Max HP","floor":47.0,"gold_loss":0.0,"damage_taken":0.0}],"is_beta":false,"boss_relics":[{"not_picked":["Orrery","Coffee Dripper"],"picked":"Sozu"},{"not_picked":["White Beast Statue","Philosopher\u0027s Stone"],"picked":"Empty Cage"}],"items_purged_floors":[19],"is_endless":false,"potions_floor_spawned":[1,12,14,18,22,30,31,35,44],"killed_by":"Time Eater","ascension_level":0}