{"gold_per_floor":[210,210,135,155,171,171,171,171,171,183,258,272,272,19,19,94,94,107,107,136,147,147,147,177,191,191,58,72,86,100,113,113,113],"floor_reached":33,"playtime":1281,"items_purged":["Strike_G","Strike_G"],"score":585,"play_id":"97c987c7-e7de-4fbc-95fa-756d7ee55f62","local_time":"20190306160106","is_ascension_mode":true,"campfire_choices":[{"data":"Footwork","floor":6,"key":"SMITH"},{"data":"Caltrops","floor":8,"key":"SMITH"},{"data":"Deadly Poison","floor":13,"key":"SMITH"},{"data":"Calculated Gamble","floor":15,"key":"SMITH"},{"floor":23,"key":"REST"},{"floor":32,"key":"REST"}],"neow_cost":"NONE","seed_source_timestamp":334718450235752,"circlet_count":0,"master_deck":["AscendersBane","Defend_G","Defend_G","Defend_G","Defend_G+1","Defend_G","Survivor","Neutralize+1","Footwork+1","Caltrops+1","Deadly Poison+1","Calculated Gamble+1","Noxious Fumes","Malaise+1","Concentrate","Acrobatics","Reflex"],"relics":["Ring of the Snake","Ice Cream","Empty Cage","Red Mask","Boot","Regal Pillow"],"potions_floor_usage":[20,24,28,28,31,31,33],"damage_taken":[{"damage":1,"enemies":"2 Louse","floor":1,"turns":4},{"damage":0,"enemies":"Small Slimes","floor":4,"turns":4},{"damage":0,"enemies":"Cultist","floor":5,"turns":6},{"damage":2,"enemies":"Exordium Wildlife","floor":10,"turns":5},{"damage":9,"enemies":"Looter","floor":12,"turns":5},{"damage":0,"enemies":"Hexaghost","floor":16,"turns":9},{"damage":4,"enemies":"Chosen","floor":18,"turns":6},{"damage":30,"enemies":"Masked Bandits","floor":20,"turns":6},{"damage":1,"enemies":"Shell Parasite","floor":21,"turns":6},{"damage":0,"enemies":"Book of Stabbing","floor":24,"turns":8},{"damage":10,"enemies":"Centurion and Healer","floor":25,"turns":11},{"damage":1,"enemies":"Chosen and Byrds","floor":28,"turns":8},{"damage":17,"enemies":"Snecko","floor":29,"turns":9},{"damage":1,"enemies":"Snake Plant","floor":30,"turns":6},{"damage":4,"enemies":"3 Cultists","floor":31,"turns":6},{"damage":48,"enemies":"Collector","floor":33,"turns":7}],"seed_played":"-2576921435012278219","potions_obtained":[{"floor":1,"key":"Block Potion"},{"floor":5,"key":"SneckoOil"},{"floor":10,"key":"GamblersBrew"},{"floor":21,"key":"SneckoOil"},{"floor":28,"key":"SpeedPotion"},{"floor":29,"key":"AttackPotion"},{"floor":31,"key":"AttackPotion"}],"is_trial":false,"path_per_floor":["M","?","$","M","M","R","?","R","T","M","?","M","R","$","R","B",null,"M","$","?","M","?","R","E","M","T","$","M","M","M","M","R","B"],"character_chosen":"THE_SILENT","items_purchased":["Calculated Gamble","Noxious Fumes","Reflex","SkillPotion"],"campfire_rested":2,"item_purchase_floors":[14,14,27,27],"current_hp_per_floor":[58,51,51,51,51,51,31,31,31,29,18,9,9,9,9,9,52,48,48,18,17,17,36,36,26,26,26,25,8,7,3,37,0],"gold":113,"neow_bonus":"HUNDRED_GOLD","is_prod":false,"is_daily":false,"chose_seed":false,"campfire_upgraded":4,"win_rate":0,"timestamp":1551859266,"path_taken":["M","?","$","M","M","R","?","R","T","M","?","M","R","$","R","BOSS","M","$","?","M","?","R","E","M","T","$","M","M","M","M","R","BOSS"],"build_version":"2019-01-23","purchased_purges":2,"victory":false,"max_hp_per_floor":[66,66,66,66,66,66,66,66,66,66,66,66,66,66,66,66,66,66,66,66,66,66,66,66,66,66,66,66,66,66,66,66,66],"card_choices":[{"not_picked":["Riddle With Holes","Choke","Poisoned Stab"],"picked":"SKIP","floor":1},{"not_picked":["Skewer","Caltrops"],"picked":"Footwork","floor":4},{"not_picked":["Dash","Leg Sweep"],"picked":"Caltrops","floor":5},{"not_picked":["Dodge and Roll","Acrobatics"],"picked":"Deadly Poison","floor":10},{"not_picked":["Dagger Spray","Flying Knee","Poisoned Stab"],"picked":"SKIP","floor":12},{"not_picked":["Night Terror","Bullet Time"],"picked":"Malaise","floor":16},{"not_picked":["Underhanded Strike","Deflect","Choke"],"picked":"SKIP","floor":18},{"not_picked":["Distraction","Dodge and Roll","PiercingWail"],"picked":"SKIP","floor":21},{"not_picked":["Escape Plan","Footwork"],"picked":"Concentrate","floor":24},{"not_picked":["Backstab","Slice"],"picked":"Acrobatics","floor":25},{"not_picked":["Dodge and Roll","Accuracy+1","Choke"],"picked":"SKIP","floor":28},{"not_picked":["All Out Attack","Underhanded Strike","Blade Dance"],"picked":"SKIP","floor":29},{"not_picked":["Endless Agony","Bane","Riddle With Holes"],"picked":"SKIP","floor":30},{"not_picked":["Night Terror","Dash","PiercingWail"],"picked":"SKIP","floor":31}],"player_experience":1133945,"relics_obtained":[{"floor":9,"key":"Ice Cream"},{"floor":20,"key":"Red Mask"},{"floor":24,"key":"Boot"},{"floor":26,"key":"Regal Pillow"}],"event_choices":[{"cards_removed":["Strike_G"],"damage_healed":0,"gold_gain":0,"player_choice":"Card Removal","damage_taken":7,"max_hp_gain":0,"max_hp_loss":0,"event_name":"Golden Wing","floor":2,"gold_loss":0},{"damage_healed":0,"gold_gain":0,"player_choice":"Entered Light","damage_taken":20,"max_hp_gain":0,"max_hp_loss":0,"event_name":"Shining Light","floor":7,"gold_loss":0,"cards_upgraded":["Defend_G","Neutralize"]},{"damage_healed":0,"gold_gain":75,"player_choice":"Gather Gold","damage_taken":11,"max_hp_gain":0,"max_hp_loss":0,"event_name":"World of Goop","floor":11,"gold_loss":0},{"damage_healed":0,"gold_gain":0,"player_choice":"Fought Bandits","damage_taken":0,"max_hp_gain":0,"max_hp_loss":0,"event_name":"Masked Bandits","floor":20,"gold_loss":0},{"damage_healed":0,"gold_gain":0,"player_choice":"Upgraded","damage_taken":0,"max_hp_gain":0,"max_hp_loss":0,"event_name":"Upgrade Shrine","floor":22,"gold_loss":0,"cards_upgraded":["Malaise"]}],"is_beta":false,"boss_relics":[{"not_picked":["Calling Bell","Eternal Feather"],"picked":"Empty Cage"}],"items_purged_floors":[3,14],"is_endless":false,"potions_floor_spawned":[1,5,10,21,28,29,31],"killed_by":"Collector","ascension_level":15}