{"gold_per_floor":[117,117,16,16,28,28,54,54,101,101,120,139,60,73,73,150,150,160,160,101,120,120],"floor_reached":22,"playtime":570,"items_purged":["Decay"],"score":356,"play_id":"8822d5ad-0bd9-4bd0-92cf-fa186032e553","local_time":"20181118210555","is_ascension_mode":true,"campfire_choices":[{"data":"Flex","floor":6,"key":"SMITH"},{"floor":10,"key":"REST"},{"data":"Limit Break","floor":15,"key":"SMITH"}],"neow_cost":"CURSE","seed_source_timestamp":199525901193189,"circlet_count":0,"master_deck":["AscendersBane","Strike_R","Strike_R","Strike_R","Strike_R","Defend_R","Defend_R","Defend_R","Defend_R","Bash","Jack Of All Trades","Jack Of All Trades","Flex+1","Thunderclap","Regret","Cleave","Flex","Twin Strike","Pommel Strike","Limit Break+1","Offering","Heavy Blade","Searing Blow","Flex","Flex"],"relics":["Burning Blood","Kunai","Red Skull","Blood Vial","Lizard Tail"],"potions_floor_usage":[16,16,21],"damage_taken":[{"damage":7,"enemies":"2 Louse","floor":1,"turns":4},{"damage":12,"enemies":"Jaw Worm","floor":5,"turns":2},{"damage":43,"enemies":"Lagavulin","floor":7,"turns":6},{"damage":0,"enemies":"Cultist","floor":11,"turns":2},{"damage":6,"enemies":"Exordium Wildlife","floor":12,"turns":2},{"damage":18,"enemies":"Large Slime","floor":14,"turns":4},{"damage":46,"enemies":"Hexaghost","floor":16,"turns":7},{"damage":42,"enemies":"2 Thieves","floor":18,"turns":3},{"damage":16,"enemies":"3 Byrds","floor":21,"turns":3},{"damage":6,"enemies":"Shelled Parasite and Fungi","floor":22,"turns":1}],"seed_played":"98235631560148370","potions_obtained":[{"floor":11,"key":"GamblersBrew"},{"floor":14,"key":"SkillPotion"},{"floor":18,"key":"Swift Potion"}],"is_trial":false,"path_per_floor":["M","?","$","?","M","R","E","?","T","R","M","M","$","M","R","B",null,"M","?","$","M","M"],"character_chosen":"IRONCLAD","items_purchased":["Thunderclap","Limit Break","Flex"],"campfire_rested":1,"item_purchase_floors":[3,13,20],"current_hp_per_floor":[67,67,67,67,61,61,24,24,24,46,54,56,56,46,46,8,58,24,24,24,16,12],"gold":120,"neow_bonus":"RANDOM_COLORLESS_2","is_prod":false,"is_daily":false,"chose_seed":false,"campfire_upgraded":2,"win_rate":0,"timestamp":1542593155,"path_taken":["M","?","$","?","M","R","E","?","T","R","M","M","?","M","R","BOSS","M","?","?","M","?"],"build_version":"2018-11-15","purchased_purges":1,"victory":false,"max_hp_per_floor":[75,75,75,75,75,75,75,75,75,75,75,75,75,75,75,75,75,75,75,75,75,75],"card_choices":[{"not_picked":["Iron Wave","Rupture"],"picked":"Flex","floor":1},{"not_picked":["Anger","Shockwave"],"picked":"Cleave","floor":5},{"not_picked":["Clothesline","Havoc"],"picked":"Flex","floor":7},{"not_picked":["Disarm","Shrug It Off"],"picked":"Twin Strike","floor":11},{"not_picked":["Intimidate","True Grit"],"picked":"Pommel Strike","floor":12},{"not_picked":["Cleave","Sword Boomerang","Feel No Pain"],"picked":"SKIP","floor":14},{"not_picked":["Bludgeon","Barricade"],"picked":"Offering","floor":16},{"not_picked":["Reckless Charge","Cleave"],"picked":"Heavy Blade","floor":18},{"not_picked":["Corruption","Feel No Pain"],"picked":"Flex","floor":21}],"player_experience":742482,"relics_obtained":[{"floor":7,"key":"Red Skull"},{"floor":9,"key":"Blood Vial"}],"event_choices":[{"damage_healed":0,"gold_gain":0,"player_choice":"Ignored","damage_taken":0,"max_hp_gain":0,"max_hp_loss":0,"event_name":"Golden Wing","floor":2,"gold_loss":0},{"damage_healed":0,"gold_gain":0,"player_choice":"Box","damage_taken":0,"relics_obtained":["Kunai"],"max_hp_gain":0,"max_hp_loss":0,"event_name":"Big Fish","floor":4,"gold_loss":0,"cards_obtained":["Regret"]},{"damage_healed":0,"gold_gain":0,"player_choice":"Fled","damage_taken":0,"max_hp_gain":0,"max_hp_loss":0,"event_name":"Scrap Ooze","floor":8,"gold_loss":0},{"damage_healed":0,"gold_gain":0,"cards_transformed":["Strike_R"],"player_choice":"Transformed","damage_taken":0,"max_hp_gain":0,"max_hp_loss":0,"event_name":"Transmorgrifier","floor":19,"gold_loss":0,"cards_obtained":["Searing Blow"]}],"is_beta":false,"boss_relics":[{"not_picked":["Velvet Choker","Busted Crown"],"picked":"Lizard Tail"}],"items_purged_floors":[3],"is_endless":false,"potions_floor_spawned":[11,14,18],"killed_by":"Shelled Parasite and Fungi","ascension_level":16}