{"gold_per_floor":[363,363,375,35,35,67,24,41,112,287,287,287,298,308,308,308],"floor_reached":16,"playtime":570,"items_purged":[],"score":130,"play_id":"236a17f3-8d2c-408b-8ee9-ccf28b74f93b","local_time":"20190322220848","is_ascension_mode":true,"campfire_choices":[{"floor":11,"key":"REST"},{"floor":15,"key":"REST"}],"neow_cost":"PERCENT_DAMAGE","seed_source_timestamp":825799571146219,"circlet_count":0,"master_deck":["Defend_G","Defend_G+1","Defend_G","Defend_G","Defend_G","Strike_G+1","Strike_G+1","Strike_G","Strike_G","Strike_G","Survivor","Neutralize","Slice+1","Tactician","Dagger Throw","Blur","Doubt","Tactician","Quick Slash"],"relics":["Ring of the Snake","Whetstone","Chemical X","Vajra","Sundial"],"potions_floor_usage":[6,16],"damage_taken":[{"damage":5,"enemies":"Cultist","floor":1,"turns":4},{"damage":0,"enemies":"Jaw Worm","floor":3,"turns":5},{"damage":41,"enemies":"3 Sentries","floor":6,"turns":15},{"damage":0,"enemies":"2 Louse","floor":8,"turns":1},{"damage":5,"enemies":"Large Slime","floor":13,"turns":5},{"damage":5,"enemies":"Exordium Thugs","floor":14,"turns":5},{"damage":46,"enemies":"The Guardian","floor":16,"turns":11}],"seed_played":"8867968294017817533","potions_obtained":[{"floor":3,"key":"GamblersBrew"},{"floor":14,"key":"FearPotion"}],"is_trial":false,"path_per_floor":["M","?","M","$","?","E","?","M","T","?","R","T","M","M","R","B"],"character_chosen":"THE_SILENT","items_purchased":["Whetstone","Chemical X"],"campfire_rested":2,"item_purchase_floors":[4,4],"current_hp_per_floor":[40,26,26,26,49,8,8,8,8,8,29,29,24,19,40,0],"gold":308,"neow_bonus":"TWO_FIFTY_GOLD","is_prod":false,"is_daily":false,"chose_seed":false,"campfire_upgraded":0,"win_rate":0,"timestamp":1553317728,"path_taken":["M","?","M","$","?","E","?","M","T","?","R","?","M","M","R","BOSS"],"build_version":"2019-01-23","purchased_purges":0,"victory":false,"max_hp_per_floor":[70,70,70,70,70,70,70,70,70,70,70,70,70,70,70,70],"card_choices":[{"not_picked":["Prepared","Acrobatics"],"picked":"Slice","floor":1},{"not_picked":["Crippling Poison","Outmaneuver"],"picked":"Tactician","floor":3},{"not_picked":["Reflex","All Out Attack"],"picked":"Dagger Throw","floor":6},{"not_picked":["Dodge and Roll","Bane"],"picked":"Blur","floor":8},{"not_picked":["Outmaneuver","Dagger Spray"],"picked":"Tactician","floor":13},{"not_picked":["Deadly Poison","Deflect"],"picked":"Quick Slash","floor":14}],"player_experience":383139,"relics_obtained":[{"floor":6,"key":"Vajra"},{"floor":12,"key":"Sundial"}],"event_choices":[{"damage_healed":0,"gold_gain":0,"player_choice":"Entered Light","damage_taken":14,"max_hp_gain":0,"max_hp_loss":0,"event_name":"Shining Light","floor":2,"gold_loss":0,"cards_upgraded":["Defend_G","Slice"]},{"damage_healed":23,"gold_gain":0,"player_choice":"Banana","damage_taken":0,"max_hp_gain":0,"max_hp_loss":0,"event_name":"Big Fish","floor":5,"gold_loss":0},{"damage_healed":0,"gold_gain":0,"player_choice":"Left Gold","damage_taken":0,"max_hp_gain":0,"max_hp_loss":0,"event_name":"World of Goop","floor":7,"gold_loss":43},{"damage_healed":0,"gold_gain":175,"player_choice":"AGREE","damage_taken":0,"max_hp_gain":0,"max_hp_loss":0,"event_name":"Liars Game","floor":10,"gold_loss":0,"cards_obtained":["Doubt"]}],"is_beta":false,"boss_relics":[],"items_purged_floors":[],"is_endless":false,"potions_floor_spawned":[3,14],"killed_by":"The Guardian","ascension_level":6}