{"gold_per_floor":[113,63,76,91,102,102,127,142,142,157,174,203,217,232,232,232],"floor_reached":16,"playtime":674,"items_purged":[],"score":118,"play_id":"c31a8b49-08ca-41d7-8aa6-c1e9990ab18f","local_time":"20181030053632","is_ascension_mode":false,"campfire_choices":[{"data":"Double Energy","floor":6,"key":"SMITH"},{"floor":15,"key":"REST"}],"neow_cost":"NONE","seed_source_timestamp":410957309342087,"circlet_count":0,"master_deck":["Strike_B","Strike_B","Strike_B","Defend_B","Defend_B","Defend_B","Defend_B","Zap","Dualcast","Double Energy+1","Reinforced Body","Sweeping Beam","Heatsinks","Redo","Storm","Conserve Battery","Tempest"],"relics":["Cracked Core","Blood Vial","Orichalcum","Centennial Puzzle"],"potions_floor_usage":[12,12,16,16],"damage_taken":[{"damage":0,"enemies":"Small Slimes","floor":1,"turns":3},{"damage":1,"enemies":"Jaw Worm","floor":3,"turns":3},{"damage":2,"enemies":"2 Louse","floor":4,"turns":4},{"damage":3,"enemies":"Red Slaver","floor":5,"turns":4},{"damage":39,"enemies":"Gremlin Nob","floor":7,"turns":6},{"damage":2,"enemies":"2 Fungi Beasts","floor":8,"turns":3},{"damage":3,"enemies":"Looter","floor":10,"turns":3},{"damage":2,"enemies":"3 Louse","floor":11,"turns":4},{"damage":12,"enemies":"Lagavulin","floor":12,"turns":6},{"damage":7,"enemies":"Blue Slaver","floor":13,"turns":4},{"damage":13,"enemies":"Large Slime","floor":14,"turns":7},{"damage":38,"enemies":"Hexaghost","floor":16,"turns":11}],"seed_played":"-1463721879679803379","potions_obtained":[{"floor":4,"key":"Energy Potion"},{"floor":5,"key":"SteroidPotion"},{"floor":10,"key":"AttackPotion"},{"floor":14,"key":"FearPotion"}],"is_trial":false,"path_per_floor":["M","?","M","M","M","R","E","M","T","M","M","E","M","M","R"],"character_chosen":"DEFECT","items_purchased":[],"campfire_rested":1,"item_purchase_floors":[],"current_hp_per_floor":[82,82,81,79,76,76,37,37,37,36,36,26,21,10,34,0],"gold":232,"neow_bonus":"TEN_PERCENT_HP_BONUS","is_prod":false,"is_daily":false,"chose_seed":false,"campfire_upgraded":1,"win_rate":0,"timestamp":1540874192,"path_taken":["M","?","?","M","M","R","E","M","T","M","M","E","M","M","R","BOSS"],"build_version":"2018-10-29v2","purchased_purges":0,"victory":false,"max_hp_per_floor":[82,82,82,82,82,82,82,82,82,82,82,82,82,82,82,82],"card_choices":[{"not_picked":["Redo","Cold Snap"],"picked":"Double Energy","floor":1},{"not_picked":["Rebound","Conserve Battery"],"picked":"Reinforced Body","floor":3},{"not_picked":["Recycle","Barrage"],"picked":"Sweeping Beam","floor":4},{"not_picked":["Scrape","Chaos","Streamline"],"picked":"SKIP","floor":5},{"not_picked":["Reprogram","Beam Cell"],"picked":"Heatsinks","floor":7},{"not_picked":["Hello World","Chill","Reprogram"],"picked":"SKIP","floor":8},{"not_picked":["Beam Cell","Hologram"],"picked":"Redo","floor":10},{"not_picked":["Darkness","Rebound"],"picked":"Storm","floor":11},{"not_picked":["Stack","Sweeping Beam"],"picked":"Conserve Battery","floor":12},{"not_picked":["Redo","Reboot"],"picked":"Tempest","floor":13},{"not_picked":["Cold Snap","Rebound","Hologram"],"picked":"SKIP","floor":14}],"player_experience":167170,"relics_obtained":[{"floor":7,"key":"Blood Vial"},{"floor":9,"key":"Orichalcum"},{"floor":12,"key":"Centennial Puzzle"}],"event_choices":[{"cards_removed":["Strike_B"],"damage_healed":0,"gold_gain":0,"player_choice":"Card Removal","damage_taken":0,"max_hp_gain":0,"max_hp_loss":0,"event_name":"The Cleric","floor":2,"gold_loss":50}],"is_beta":true,"boss_relics":[],"items_purged_floors":[],"is_endless":false,"potions_floor_spawned":[4,5,10,14],"killed_by":"Hexaghost","ascension_level":0}