{"gold_per_floor":[109,109,3,21,34,34,63,74,74,92,125,145,145,145,145,246,246],"floor_reached":17,"playtime":673,"items_purged":[],"score":200,"play_id":"ab07d12d-a37c-464b-8613-80e4f85fc91c","local_time":"20190409231551","is_ascension_mode":true,"campfire_choices":[{"data":"Armaments","floor":6,"key":"SMITH"},{"data":"Corruption","floor":15,"key":"SMITH"}],"neow_cost":"PERCENT_DAMAGE","seed_source_timestamp":2384904084083916,"circlet_count":0,"master_deck":["Strike_R","Strike_R","Strike_R","Strike_R","Strike_R","Defend_R","Defend_R","Defend_R","Defend_R","Bash","Infernal Blade","Feel No Pain","Shrug It Off","Cleave","Armaments+1","Corruption+1","Iron Wave","Feel No Pain","Battle Trance","Dropkick","Feed"],"relics":["Burning Blood","Mummified Hand","Peace Pipe","Ginger","Pantograph"],"potions_floor_usage":[8,11,16],"damage_taken":[{"damage":4,"enemies":"Small Slimes","floor":1,"turns":4},{"damage":0,"enemies":"Cultist","floor":4,"turns":3},{"damage":1,"enemies":"2 Louse","floor":5,"turns":3},{"damage":21,"enemies":"Lagavulin","floor":7,"turns":9},{"damage":0,"enemies":"Exordium Thugs","floor":8,"turns":4},{"damage":0,"enemies":"Looter","floor":10,"turns":4},{"damage":3,"enemies":"Gremlin Nob","floor":11,"turns":5},{"damage":0,"enemies":"Large Slime","floor":12,"turns":2},{"damage":37,"enemies":"The Guardian","floor":16,"turns":11}],"seed_played":"-302088997036506422","potions_obtained":[{"floor":1,"key":"SmokeBomb"},{"floor":5,"key":"SteroidPotion"},{"floor":10,"key":"AttackPotion"},{"floor":11,"key":"SkillPotion"},{"floor":16,"key":"Dexterity Potion"}],"is_trial":false,"path_per_floor":["M","?","$","M","M","R","E","M","T","M","E","M","?","$","R","B",null],"character_chosen":"IRONCLAD","items_purchased":["Feel No Pain","Shrug It Off"],"campfire_rested":0,"item_purchase_floors":[3,3],"current_hp_per_floor":[74,74,74,80,85,85,70,76,76,82,85,91,91,91,91,65,65],"gold":246,"neow_bonus":"TWENTY_PERCENT_HP_BONUS","is_prod":false,"is_daily":false,"chose_seed":false,"campfire_upgraded":2,"win_rate":0,"timestamp":1554876951,"path_taken":["M","?","$","?","M","R","E","M","T","M","E","M","?","$","R","BOSS"],"build_version":"2019-01-23","purchased_purges":0,"victory":false,"max_hp_per_floor":[96,96,96,96,96,96,96,96,96,96,96,96,96,96,96,96,96],"card_choices":[{"not_picked":["Rage","Twin Strike"],"picked":"Infernal Blade","floor":1},{"not_picked":["Anger","Pummel"],"picked":"Cleave","floor":4},{"not_picked":["Anger","Ghostly Armor"],"picked":"Armaments","floor":5},{"not_picked":["Brutality","Havoc"],"picked":"Corruption","floor":7},{"not_picked":["Ghostly Armor","Anger"],"picked":"Iron Wave","floor":8},{"not_picked":["Carnage","Heavy Blade"],"picked":"Feel No Pain","floor":10},{"not_picked":["Clash","Thunderclap"],"picked":"Battle Trance","floor":11},{"not_picked":["Iron Wave","Clothesline"],"picked":"Dropkick","floor":12},{"not_picked":["Fiend Fire","Offering"],"picked":"Feed","floor":16}],"player_experience":535508,"relics_obtained":[{"floor":7,"key":"Peace Pipe"},{"floor":9,"key":"Ginger"},{"floor":11,"key":"Pantograph"}],"event_choices":[{"damage_healed":0,"gold_gain":0,"player_choice":"Gave Potion","damage_taken":0,"relics_obtained":["Mummified Hand"],"max_hp_gain":0,"max_hp_loss":0,"event_name":"WeMeetAgain","floor":2,"gold_loss":0},{"damage_healed":0,"gold_gain":0,"player_choice":"Leave","damage_taken":0,"max_hp_gain":0,"max_hp_loss":0,"event_name":"The Cleric","floor":13,"gold_loss":0}],"is_beta":false,"boss_relics":[],"items_purged_floors":[],"is_endless":false,"potions_floor_spawned":[1,5,10,11,16],"ascension_level":1}