{"gold_per_floor":[111,111,111,36,61,61,27,40,40,60,77,95,95,120,120,221,221,241,241,257,17,17,17,45,45,45,80,54,54,70,81,81,81],"floor_reached":33,"playtime":1796,"items_purged":["Regret"],"score":283,"play_id":"197ad02a-24d4-4ed0-a0cc-58cad1a29b69","local_time":"20190423165435","is_ascension_mode":false,"campfire_choices":[{"floor":6.0,"key":"RECALL"},{"data":"Blizzard","floor":15.0,"key":"SMITH"},{"floor":23.0,"key":"REST"},{"floor":32.0,"key":"REST"}],"neow_cost":"CURSE","seed_source_timestamp":1101762412250221,"circlet_count":0,"master_deck":["Strike_B","Strike_B","Strike_B","Strike_B","Defend_B","Defend_B","Defend_B","Defend_B","Zap","Dualcast","Cold Snap","Blizzard+1","Coolheaded","Auto Shields","Loop+1","Rebound","Barrage","Amplify","Leap","Barrage","Chaos+1","Glacier","Consume+1","Coolheaded","Stack","Rebound","Ball Lightning+1"],"special_seed":0,"relics":["Cracked Core","Turnip","Art of War","Frozen Egg 2","Ornamental Fan","Letter Opener","Philosopher\u0027s Stone","Dream Catcher","Cables","StoneCalendar","Nunchaku","Lantern","Kunai"],"potions_floor_usage":[33],"damage_taken":[{"damage":10.0,"enemies":"2 Louse","floor":1.0,"turns":2.0},{"damage":4.0,"enemies":"Jaw Worm","floor":8.0,"turns":2.0},{"damage":0.0,"enemies":"Small Slimes","floor":10.0,"turns":3.0},{"damage":4.0,"enemies":"Exordium Thugs","floor":11.0,"turns":6.0},{"damage":5.0,"enemies":"2 Fungi Beasts","floor":12.0,"turns":3.0},{"damage":0.0,"enemies":"Gremlin Nob","floor":13.0,"turns":1.0},{"damage":10.0,"enemies":"Lagavulin","floor":14.0,"turns":12.0},{"damage":27.0,"enemies":"The Guardian","floor":16.0,"turns":15.0},{"damage":7.0,"enemies":"Chosen","floor":18.0,"turns":6.0},{"damage":19.0,"enemies":"Spheric Guardian","floor":20.0,"turns":7.0},{"damage":48.0,"enemies":"Slavers","floor":24.0,"turns":7.0},{"damage":18.0,"enemies":"Book of Stabbing","floor":27.0,"turns":6.0},{"damage":1.0,"enemies":"Chosen and Byrds","floor":30.0,"turns":6.0},{"damage":0.0,"enemies":"Sentry and Sphere","floor":31.0,"turns":6.0},{"damage":38,"enemies":"Collector","floor":33,"turns":6}],"seed_played":"8556381017661068712","potions_obtained":[{"floor":1.0,"key":"Dexterity Potion"},{"floor":8.0,"key":"SmokeBomb"},{"floor":11.0,"key":"GamblersBrew"},{"floor":24.0,"key":"FocusPotion"},{"floor":27.0,"key":"Poison Potion"},{"floor":31.0,"key":"Ancient Potion"}],"is_trial":false,"path_per_floor":["M","?","?","$","T","R","$","M","T","M","M","M","?","E","R","B",null,"M","?","M","$","$","R","E","?","T","E","$","?","M","M","R","B"],"character_chosen":"DEFECT","items_purchased":["Blizzard","Cables","Coolheaded"],"campfire_rested":2,"item_purchase_floors":[7,21,28],"current_hp_per_floor":[65,62,62,62,62,62,62,58,58,58,54,49,49,39,39,12,75,68,68,49,49,49,71,23,23,23,5,5,5,4,4,26,0],"gold":81,"neow_bonus":"ONE_RARE_RELIC","is_prod":false,"is_daily":false,"chose_seed":false,"campfire_upgraded":1,"win_rate":0,"timestamp":1556056475,"path_taken":["M","?","?","?","?","R","?","M","T","?","M","M","?","E","R","BOSS","M","?","M","?","$","R","E","?","T","E","?","?","?","?","R","BOSS"],"build_version":"2019-01-23","purchased_purges":1,"victory":false,"max_hp_per_floor":[75,75,75,75,75,75,75,75,75,75,75,75,75,75,75,75,75,75,75,75,75,75,75,75,75,75,75,75,75,75,75,75,75],"card_choices":[{"not_picked":["Rebound","Doom and Gloom"],"picked":"Cold Snap","floor":1.0},{"not_picked":["Tempest","Melter"],"picked":"Coolheaded","floor":8.0},{"not_picked":["Compile Driver","Beam Cell"],"picked":"Auto Shields","floor":10.0},{"not_picked":["Consume","Steam Power"],"picked":"Loop+1","floor":11.0},{"not_picked":["Multi-Cast","Go for the Eyes"],"picked":"Rebound","floor":12.0},{"not_picked":["FTL","Redo"],"picked":"Barrage","floor":14.0},{"not_picked":["Buffer+1","Meteor Strike"],"picked":"Amplify","floor":16.0},{"not_picked":["Force Field","Redo"],"picked":"Leap","floor":18.0},{"not_picked":["Steam","Turbo"],"picked":"Barrage","floor":20.0},{"not_picked":["Sweeping Beam+1","Ball Lightning"],"picked":"Chaos+1","floor":23.0},{"not_picked":["FTL","Steam Power"],"picked":"Glacier","floor":24.0},{"not_picked":["Biased Cognition+1","Chill+1"],"picked":"Consume+1","floor":27.0},{"not_picked":["Rip and Tear","Conserve Battery"],"picked":"Stack","floor":30.0},{"not_picked":["Barrage","Scrape"],"picked":"Rebound","floor":31.0},{"not_picked":["Compile Driver","Genetic Algorithm"],"picked":"Ball Lightning+1","floor":32.0}],"player_experience":225756,"relics_obtained":[{"floor":9.0,"key":"Ornamental Fan"},{"floor":14.0,"key":"Letter Opener"},{"floor":24.0,"key":"StoneCalendar"},{"floor":26.0,"key":"Lantern"},{"floor":27.0,"key":"Kunai"}],"event_choices":[{"damage_healed":0.0,"max_hp_gain":0.0,"max_hp_loss":0.0,"gold_gain":0.0,"event_name":"Scrap Ooze","player_choice":"Success","floor":2.0,"gold_loss":0.0,"damage_taken":3.0,"relics_obtained":["Art of War"]},{"damage_healed":0.0,"max_hp_gain":0.0,"max_hp_loss":0.0,"gold_gain":0.0,"event_name":"Big Fish","player_choice":"Box","floor":3.0,"gold_loss":0.0,"damage_taken":0.0,"relics_obtained":["Frozen Egg 2"],"cards_obtained":["Regret"]},{"damage_healed":0.0,"max_hp_gain":0.0,"max_hp_loss":0.0,"gold_gain":0.0,"event_name":"Dead Adventurer","player_choice":"Searched \u00271\u0027 times","floor":13.0,"gold_loss":0.0,"damage_taken":0.0},{"damage_healed":0.0,"max_hp_gain":0.0,"max_hp_loss":0.0,"gold_gain":0.0,"event_name":"WeMeetAgain","player_choice":"Gave Potion","floor":19.0,"gold_loss":0.0,"damage_taken":0.0,"relics_obtained":["Dream Catcher"]},{"damage_healed":0.0,"max_hp_gain":0.0,"max_hp_loss":0.0,"gold_gain":0.0,"event_name":"Addict","player_choice":"Stole Relic","floor":25.0,"gold_loss":0.0,"damage_taken":0.0,"relics_obtained":["Nunchaku"],"cards_obtained":["Shame"]},{"cards_removed":["Shame","Clumsy"],"damage_healed":0.0,"max_hp_gain":0.0,"max_hp_loss":0.0,"gold_gain":0.0,"event_name":"Fountain of Cleansing","player_choice":"Removed Curses","floor":29.0,"gold_loss":0.0,"damage_taken":0.0}],"is_beta":false,"boss_relics":[{"not_picked":["Empty Cage","Astrolabe"],"picked":"Philosopher\u0027s Stone"}],"items_purged_floors":[4],"is_endless":false,"potions_floor_spawned":[1,8,11,13,24,27,31],"killed_by":"Collector","ascension_level":0}