{"gold_per_floor":[13,25,25,38,38,64,79,110,110,110,143,143],"floor_reached":12,"playtime":561,"items_purged":[],"score":127,"play_id":"17078b45-5f8c-4452-93c1-16be9066c2f3","local_time":"20190322211732","is_ascension_mode":true,"campfire_choices":[{"floor":10,"key":"REST"}],"neow_cost":"NO_GOLD","seed_source_timestamp":822734556068548,"circlet_count":0,"master_deck":["Defend_G","Defend_G","Defend_G","Defend_G","Defend_G","Strike_G","Strike_G","Strike_G","Strike_G","Survivor","Neutralize","Venomology","Deadly Poison","Flying Knee","Reflex","Regret","Blur","Poisoned Stab","After Image+1","Phantasmal Killer"],"relics":["Ring of the Snake","Matryoshka","Blood Vial","Frozen Egg 2","Bag of Preparation","Gremlin Horn"],"potions_floor_usage":[2,6,6,6,6,7,8,8,11,12],"damage_taken":[{"damage":3,"enemies":"Cultist","floor":1,"turns":5},{"damage":4,"enemies":"Small Slimes","floor":2,"turns":3},{"damage":0,"enemies":"2 Louse","floor":4,"turns":2},{"damage":28,"enemies":"Lagavulin","floor":6,"turns":7},{"damage":5,"enemies":"Looter","floor":7,"turns":4},{"damage":51,"enemies":"3 Sentries","floor":8,"turns":13},{"damage":47,"enemies":"Gremlin Nob","floor":11,"turns":5},{"damage":18,"enemies":"Exordium Wildlife","floor":12,"turns":1}],"seed_played":"2901131073228563186","potions_obtained":[{"floor":1,"key":"Poison Potion"},{"floor":6,"key":"EssenceOfSteel"},{"floor":8,"key":"Dexterity Potion"},{"floor":11,"key":"Explosive Potion"}],"is_trial":false,"path_per_floor":["M","M","?","M","?","E","M","E","T","R","E","M"],"character_chosen":"THE_SILENT","items_purchased":[],"campfire_rested":1,"item_purchase_floors":[],"current_hp_per_floor":[60,56,56,56,56,28,25,31,31,52,7,0],"gold":143,"neow_bonus":"THREE_RARE_CARDS","is_prod":false,"is_daily":false,"chose_seed":false,"campfire_upgraded":0,"win_rate":0,"timestamp":1553314652,"path_taken":["M","M","?","?","?","E","M","E","T","R","E","M"],"build_version":"2019-01-23","purchased_purges":0,"victory":false,"max_hp_per_floor":[70,70,70,70,70,70,70,70,70,70,70,70],"card_choices":[{"not_picked":["Night Terror","Wraith Form v2"],"picked":"Venomology","floor":0},{"not_picked":["Backflip","Prepared"],"picked":"Deadly Poison","floor":1},{"not_picked":["Acrobatics","Reflex"],"picked":"Flying Knee","floor":2},{"not_picked":["Dodge and Roll","Blade Dance"],"picked":"Reflex","floor":4},{"not_picked":["Deadly Poison","Backflip"],"picked":"Blur","floor":6},{"not_picked":["Accuracy","Flying Knee"],"picked":"Poisoned Stab","floor":7},{"not_picked":["Outmaneuver","Reflex"],"picked":"After Image","floor":8},{"not_picked":["Flechettes","Dagger Spray"],"picked":"Phantasmal Killer","floor":11}],"player_experience":380166,"relics_obtained":[{"floor":6,"key":"Blood Vial"},{"floor":8,"key":"Frozen Egg 2"},{"floor":9,"key":"Bag of Preparation"},{"floor":11,"key":"Gremlin Horn"}],"event_choices":[{"cards_removed":["Strike_G"],"damage_healed":0,"gold_gain":0,"player_choice":"Purged","damage_taken":0,"max_hp_gain":0,"max_hp_loss":0,"event_name":"Purifier","floor":3,"gold_loss":0},{"damage_healed":0,"gold_gain":0,"player_choice":"Box","damage_taken":0,"relics_obtained":["Matryoshka"],"max_hp_gain":0,"max_hp_loss":0,"event_name":"Big Fish","floor":5,"gold_loss":0,"cards_obtained":["Regret"]}],"is_beta":false,"boss_relics":[],"items_purged_floors":[],"is_endless":false,"potions_floor_spawned":[1,4,6,8,11],"killed_by":"Exordium Wildlife","ascension_level":6}