{"gold_per_floor":[119,131,131,143,156,187,198,198,225,256,256,256,256,256,256,361,361,380,191,291,291,307,338,358,358,410,445,445,445,123,136,136,233,233,249,249,182,182,201,201,527,527,527,527,527,98,98,45,45,45],"floor_reached":50,"playtime":2448,"items_purged":["Strike_B"],"score":562,"play_id":"d7d6f79b-06f3-4bde-8dc1-bdd541173e22","local_time":"20190419161059","is_ascension_mode":false,"campfire_choices":[{"floor":11.0,"key":"RECALL"},{"floor":13.0,"key":"REST"},{"data":"Beam Cell","floor":15.0,"key":"SMITH"},{"floor":28,"key":"REST"},{"data":"Defragment","floor":32,"key":"SMITH"},{"data":"Loop","floor":40,"key":"SMITH"},{"floor":44,"key":"REST"},{"data":"Madness","floor":49,"key":"SMITH"}],"neow_cost":"NONE","seed_source_timestamp":0,"circlet_count":0,"master_deck":["Strike_B","Strike_B","Defend_B+1","Defend_B","Defend_B","Defend_B+1","Zap","Dualcast+1","Coolheaded","Coolheaded","Conserve Battery","Stack","Compile Driver","Beam Cell+1","Coolheaded","Electrodynamics","Streamline","The Bomb","Stack+1","Streamline+1","Hologram","Rip and Tear+1","Defragment+1","Blizzard","Blizzard","Amplify","Leap","Transmutation","Loop+1","Rip and Tear","Barrage+1","Madness+1","Madness+1","Leap"],"special_seed":0,"relics":["Cracked Core","Bronze Scales","Orichalcum","DataDisk","Strawberry","Velvet Choker","Bird Faced Urn","Ornamental Fan","Vajra","Mummified Hand","WingedGreaves","Question Card","Inserter","Old Coin","Darkstone Periapt","War Paint","Ancient Tea Set","Medical Kit"],"potions_floor_usage":[33,41,41],"damage_taken":[{"damage":0.0,"enemies":"2 Louse","floor":1.0,"turns":2.0},{"damage":5.0,"enemies":"Jaw Worm","floor":2.0,"turns":4.0},{"damage":0.0,"enemies":"Small Slimes","floor":4.0,"turns":3.0},{"damage":9.0,"enemies":"3 Louse","floor":5.0,"turns":4.0},{"damage":22.0,"enemies":"Gremlin Nob","floor":6.0,"turns":5.0},{"damage":4.0,"enemies":"Red Slaver","floor":7.0,"turns":4.0},{"damage":11.0,"enemies":"Lagavulin","floor":10.0,"turns":5.0},{"damage":28.0,"enemies":"The Guardian","floor":16.0,"turns":15.0},{"damage":0.0,"enemies":"3 Byrds","floor":18.0,"turns":2.0},{"damage":24.0,"enemies":"Colosseum Slavers","floor":20.0,"turns":4.0},{"damage":6.0,"enemies":"Colosseum Nobs","floor":20.0,"turns":3.0},{"damage":0,"enemies":"Spheric Guardian","floor":22,"turns":3},{"damage":1,"enemies":"Book of Stabbing","floor":23,"turns":5},{"damage":0,"enemies":"Snecko","floor":24,"turns":4},{"damage":22,"enemies":"Slavers","floor":27,"turns":3},{"damage":11,"enemies":"Snake Plant","floor":31,"turns":3},{"damage":27,"enemies":"Collector","floor":33,"turns":9},{"damage":12,"enemies":"Orb Walker","floor":35,"turns":2},{"damage":11,"enemies":"3 Darklings","floor":39,"turns":3},{"damage":27,"enemies":"Nemesis","floor":41,"turns":7},{"damage":81,"enemies":"Time Eater","floor":50,"turns":9}],"seed_played":"-7896735884784580132","potions_obtained":[{"floor":1.0,"key":"Regen Potion"},{"floor":2.0,"key":"PowerPotion"},{"floor":5.0,"key":"Weak Potion"},{"floor":6.0,"key":"SkillPotion"},{"floor":10.0,"key":"SpeedPotion"},{"floor":20.0,"key":"SpeedPotion"},{"floor":35,"key":"Swift Potion"}],"is_trial":false,"path_per_floor":["M","M","?","M","M","E","M","?","T","E","R","?","R","?","R","B",null,"M","$","?","?","M","E","M","?","T","E","R","?","$","M","R","B",null,"M","?","$","?","M","R","E","?","T","R","T","$","?","$","R","B"],"character_chosen":"DEFECT","items_purchased":["The Bomb","Blizzard","Question Card","Loop","Ancient Tea Set","Medical Kit","Leap"],"campfire_rested":3,"item_purchase_floors":[19,30,30,37,46,46,48],"current_hp_per_floor":[82,77,61,61,52,42,38,38,38,34,34,34,60,60,60,32,89,89,89,59,59,59,58,60,60,60,40,66,66,66,57,57,34,89,81,81,81,81,72,72,51,40,40,66,66,66,66,66,66,0],"gold":45,"neow_bonus":"TEN_PERCENT_HP_BONUS","is_prod":false,"is_daily":false,"chose_seed":false,"campfire_upgraded":4,"win_rate":0,"timestamp":1555708259,"path_taken":["M","M","?","M","M","E","M","?","T","E","R","?","R","?","R","BOSS","M","$","?","?","M","E","M","?","T","E","R","?","$","M","R","BOSS","M","?","$","?","?","R","E","?","T","R","?","?","?","?","R","BOSS"],"build_version":"2019-01-23","purchased_purges":1,"victory":false,"max_hp_per_floor":[82,82,82,82,82,82,82,82,82,89,89,89,89,89,89,89,89,89,89,89,89,89,89,89,89,89,89,89,89,89,89,89,89,89,89,89,89,89,89,89,89,89,89,89,89,89,89,89,89,89],"card_choices":[{"not_picked":["Fusion","Chill"],"picked":"Coolheaded","floor":1.0},{"not_picked":["Streamline","Undo"],"picked":"Coolheaded","floor":2.0},{"not_picked":["Turbo","Rebound"],"picked":"Conserve Battery","floor":4.0},{"not_picked":["Hello World","Static Discharge"],"picked":"Stack","floor":5.0},{"not_picked":["Storm","Reprogram"],"picked":"Compile Driver","floor":6.0},{"not_picked":["Hello World","Turbo"],"picked":"Beam Cell","floor":7.0},{"not_picked":["Go for the Eyes","Multi-Cast"],"picked":"Coolheaded","floor":10.0},{"not_picked":["Core Surge","Meteor Strike"],"picked":"Electrodynamics","floor":16.0},{"not_picked":["Go for the Eyes","Hologram"],"picked":"Streamline","floor":18.0},{"not_picked":["Compile Driver","Doom and Gloom"],"picked":"Stack+1","floor":20.0},{"not_picked":["Reinforced Body","Consume"],"picked":"Streamline+1","floor":22},{"not_picked":["Self Repair","Compile Driver"],"picked":"Hologram","floor":23},{"not_picked":["Sunder","Steam+1","Biased Cognition"],"picked":"SKIP","floor":24},{"not_picked":["Streamline","Compile Driver"],"picked":"Rip and Tear+1","floor":27},{"not_picked":["Streamline+1","Reinforced Body","Auto Shields"],"picked":"Blizzard","floor":31},{"not_picked":["All For One","Meteor Strike","Thunder Strike"],"picked":"Amplify","floor":33},{"not_picked":["Doom and Gloom+1","Conserve Battery+1","Heatsinks"],"picked":"Leap","floor":35},{"not_picked":["Violence","Panacea","Sadistic Nature"],"picked":"Transmutation","floor":36},{"not_picked":["Steam Power+1","Steam+1","Go for the Eyes+1"],"picked":"Rip and Tear","floor":39},{"not_picked":["Self Repair+1","Gash+1","Rebound+1"],"picked":"Barrage+1","floor":41}],"player_experience":219552,"relics_obtained":[{"floor":6.0,"key":"Bronze Scales"},{"floor":9.0,"key":"DataDisk"},{"floor":10.0,"key":"Strawberry"},{"floor":20.0,"key":"Bird Faced Urn"},{"floor":20.0,"key":"Ornamental Fan"},{"floor":23,"key":"Mummified Hand"},{"floor":27,"key":"WingedGreaves"},{"floor":41,"key":"Old Coin"},{"floor":43,"key":"Darkstone Periapt"},{"floor":45,"key":"War Paint"}],"event_choices":[{"damage_healed":0.0,"max_hp_gain":0.0,"max_hp_loss":0.0,"gold_gain":0.0,"event_name":"Shining Light","player_choice":"Entered Light","floor":3.0,"gold_loss":0.0,"damage_taken":16.0,"cards_upgraded":["Defend_B","Defend_B"]},{"damage_healed":0.0,"max_hp_gain":0.0,"max_hp_loss":0.0,"gold_gain":0.0,"event_name":"Big Fish","player_choice":"Box","floor":8.0,"gold_loss":0.0,"damage_taken":0.0,"relics_obtained":["Orichalcum"],"cards_obtained":["Regret"]},{"damage_healed":0.0,"max_hp_gain":0.0,"max_hp_loss":0.0,"gold_gain":0.0,"event_name":"Golden Wing","player_choice":"Ignored","floor":12.0,"gold_loss":0.0,"damage_taken":0.0},{"cards_removed":["Regret"],"damage_healed":0.0,"max_hp_gain":0.0,"max_hp_loss":0.0,"gold_gain":0.0,"event_name":"Purifier","player_choice":"Purged","floor":14.0,"gold_loss":0.0,"damage_taken":0.0},{"damage_healed":0.0,"max_hp_gain":0.0,"max_hp_loss":0.0,"gold_gain":0.0,"event_name":"Colosseum","player_choice":"Fight","floor":20.0,"gold_loss":0.0,"damage_taken":0.0},{"damage_healed":0.0,"max_hp_gain":0.0,"max_hp_loss":0.0,"gold_gain":0.0,"event_name":"Colosseum","player_choice":"Fought Nobs","floor":20.0,"gold_loss":0.0,"damage_taken":0.0},{"damage_healed":0.0,"max_hp_gain":0.0,"max_hp_loss":0.0,"gold_gain":0.0,"event_name":"The Mausoleum","player_choice":"Opened","floor":21.0,"gold_loss":0.0,"damage_taken":0.0,"relics_obtained":["Vajra"]},{"damage_healed":0,"gold_gain":0,"player_choice":"Ignored","damage_taken":0,"max_hp_gain":0,"max_hp_loss":0,"event_name":"Beggar","floor":25,"gold_loss":0},{"damage_healed":0,"gold_gain":0,"player_choice":"Read","damage_taken":0,"max_hp_gain":0,"max_hp_loss":0,"event_name":"The Library","floor":29,"gold_loss":0,"cards_obtained":["Defragment"]},{"damage_healed":0,"gold_gain":0,"player_choice":"Memory 1","damage_taken":0,"max_hp_gain":0,"max_hp_loss":0,"event_name":"SensoryStone","floor":36,"gold_loss":0},{"cards_removed":["Strike_B"],"damage_healed":0,"gold_gain":0,"player_choice":"Card Removal","damage_taken":0,"max_hp_gain":0,"max_hp_loss":0,"event_name":"Wheel of Change","floor":38,"gold_loss":0},{"damage_healed":0,"gold_gain":0,"player_choice":"Embrace Madness","damage_taken":11,"max_hp_gain":0,"max_hp_loss":0,"event_name":"Winding Halls","floor":42,"gold_loss":0,"cards_obtained":["Madness","Madness"]},{"damage_healed":0,"gold_gain":0,"player_choice":"Ignored","damage_taken":0,"max_hp_gain":0,"max_hp_loss":0,"event_name":"Tomb of Lord Red Mask","floor":47,"gold_loss":0}],"is_beta":false,"boss_relics":[{"not_picked":["Black Star","Lizard Tail"],"picked":"Velvet Choker"},{"not_picked":["Pandora\u0027s Box","Cursed Key"],"picked":"Inserter"}],"items_purged_floors":[46],"is_endless":false,"potions_floor_spawned":[1,2,5,6,10,20,22,23,24,35],"killed_by":"Time Eater","ascension_level":0}