{"gold_per_floor":[113,113,131,131,149,149,181,181,207,236,192,192,209,219,219,291,291,309,323,352,9,9,9,9,9,34,54,54,86,102,120,120,196,196,206,206,218,236,182,182,182,209,221,251,263,289,301],"floor_reached":47,"playtime":1745,"items_purged":["Regret"],"score":914,"play_id":"29e83a81-5765-477c-8f34-991d8a9836e6","local_time":"20190206075447","is_ascension_mode":true,"campfire_choices":[{"data":"Rampage","floor":6.0,"key":"SMITH"},{"data":"Cleave","floor":8.0,"key":"SMITH"},{"floor":15.0,"key":"REST"},{"data":"Limit Break","floor":23.0,"key":"SMITH"},{"data":"Flex","floor":25.0,"key":"SMITH"},{"floor":28.0,"key":"REST"},{"floor":32,"key":"REST"},{"floor":40,"key":"REST"},{"floor":45,"key":"REST"}],"neow_cost":"NONE","seed_source_timestamp":0,"circlet_count":0,"master_deck":["AscendersBane","Strike_R+1","Strike_R+1","Defend_R+1","Defend_R+1","Defend_R+1","Defend_R+1","Bash","Rampage+1","Headbutt","Pummel","Cleave+1","Infernal Blade","Heavy Blade","Limit Break+1","Power Through+1","Intimidate+1","Pommel Strike+1","Metallicize","Havoc","Fiend Fire","Flex+1","Shame","Corruption","Flex","Inflame","Offering","Twin Strike","Battle Trance","True Grit+1"],"special_seed":0,"relics":["Burning Blood","NeowsBlessing","Red Skull","Bronze Scales","Potion Belt","Lantern","Astrolabe","Red Mask","ClockworkSouvenir","PreservedInsect","Regal Pillow","Anchor","Runic Cube","MawBank","Ginger"],"potions_floor_usage":[29,33,42,42,44,47],"damage_taken":[{"damage":0.0,"enemies":"Cultist","floor":1.0,"turns":1.0},{"damage":2.0,"enemies":"2 Louse","floor":3.0,"turns":2.0},{"damage":0.0,"enemies":"Small Slimes","floor":5.0,"turns":1.0},{"damage":36.0,"enemies":"Gremlin Nob","floor":7.0,"turns":4.0},{"damage":20.0,"enemies":"3 Sentries","floor":10.0,"turns":4.0},{"damage":3.0,"enemies":"Looter","floor":13.0,"turns":3.0},{"damage":14.0,"enemies":"Blue Slaver","floor":14.0,"turns":2.0},{"damage":46.0,"enemies":"Slime Boss","floor":16.0,"turns":8.0},{"damage":28.0,"enemies":"Chosen","floor":18.0,"turns":5.0},{"damage":18.0,"enemies":"Spheric Guardian","floor":19.0,"turns":4.0},{"damage":0.0,"enemies":"Masked Bandits","floor":20.0,"turns":3.0},{"damage":0.0,"enemies":"Cultist and Chosen","floor":27.0,"turns":5.0},{"damage":16,"enemies":"Gremlin Leader","floor":29,"turns":4},{"damage":41,"enemies":"3 Cultists","floor":30,"turns":5},{"damage":25,"enemies":"Sentry and Sphere","floor":31,"turns":4},{"damage":35,"enemies":"Champ","floor":33,"turns":8},{"damage":26,"enemies":"3 Darklings","floor":35,"turns":7},{"damage":27,"enemies":"3 Shapes","floor":37,"turns":4},{"damage":13,"enemies":"Maw","floor":38,"turns":6},{"damage":10,"enemies":"Jaw Worm Horde","floor":42,"turns":3},{"damage":18,"enemies":"Sphere and 2 Shapes","floor":44,"turns":4},{"damage":30,"enemies":"Spire Growth","floor":46,"turns":4},{"damage":56,"enemies":"Nemesis","floor":47,"turns":4}],"seed_played":"-688041836796641147","potions_obtained":[{"floor":3.0,"key":"FearPotion"},{"floor":4.0,"key":"LiquidBronze"},{"floor":5.0,"key":"Energy Potion"},{"floor":7.0,"key":"Strength Potion"},{"floor":13.0,"key":"BloodPotion"},{"floor":16.0,"key":"Block Potion"},{"floor":19.0,"key":"Fire Potion"},{"floor":27.0,"key":"Poison Potion"},{"floor":31,"key":"AttackPotion"},{"floor":38,"key":"Swift Potion"},{"floor":42,"key":"PowerPotion"},{"floor":46,"key":"AttackPotion"}],"is_trial":false,"path_per_floor":["M","?","M","?","M","R","E","R","T","E","?","?","M","M","R","B",null,"M","M","?","$","?","R","?","R","T","M","R","E","M","M","R","B",null,"M","?","M","M","$","R","?","M","T","M","R","M","E"],"character_chosen":"IRONCLAD","items_purchased":["Flex","ClockworkSouvenir","SkillPotion"],"campfire_rested":5,"item_purchase_floors":[21,21,39],"current_hp_per_floor":[74,74,75,75,75,75,45,45,45,31,31,31,34,33,55,15,60,38,26,32,32,32,32,32,32,32,38,75,65,30,11,48,19,61,41,41,20,13,13,50,50,46,46,34,71,47,0],"gold":301,"neow_bonus":"THREE_ENEMY_KILL","is_prod":false,"is_daily":false,"chose_seed":false,"campfire_upgraded":4,"win_rate":0,"timestamp":1549457687,"path_taken":["M","?","M","?","?","R","E","R","T","E","?","?","M","M","R","BOSS","M","M","?","$","?","R","?","R","T","M","R","E","M","M","R","BOSS","M","?","M","M","$","R","?","M","T","?","R","?","E"],"build_version":"2019-01-23","purchased_purges":1,"victory":false,"max_hp_per_floor":[75,75,75,75,75,75,75,75,75,75,75,75,75,75,75,75,75,75,75,75,75,75,75,75,75,75,75,75,75,75,75,75,75,75,75,75,75,75,75,75,75,75,75,75,75,75,75],"card_choices":[{"not_picked":["Clash","Rupture"],"picked":"Rampage","floor":1.0},{"not_picked":["Second Wind","Carnage"],"picked":"Headbutt","floor":3.0},{"not_picked":["Wild Strike","Warcry"],"picked":"Pummel","floor":5.0},{"not_picked":["Searing Blow","Pommel Strike"],"picked":"Cleave","floor":7.0},{"not_picked":["Rage","Sentinel"],"picked":"Infernal Blade","floor":10.0},{"not_picked":["Perfected Strike","Rampage"],"picked":"Heavy Blade","floor":13.0},{"not_picked":["Cleave","Anger","Warcry"],"picked":"SKIP","floor":14.0},{"not_picked":["Fiend Fire","Double Tap"],"picked":"Limit Break","floor":16.0},{"not_picked":["Searing Blow","Wild Strike"],"picked":"Metallicize","floor":18.0},{"not_picked":["Anger","Cleave"],"picked":"Havoc","floor":19.0},{"not_picked":["Pommel Strike","Warcry"],"picked":"Fiend Fire","floor":20.0},{"not_picked":["Disarm+1","Iron Wave+1"],"picked":"Corruption","floor":27.0},{"not_picked":["Hemokinesis","Shockwave"],"picked":"Flex","floor":29},{"not_picked":["Intimidate","Seeing Red"],"picked":"Inflame","floor":30},{"not_picked":["Warcry","Pummel","Dropkick"],"picked":"SKIP","floor":31},{"not_picked":["Demon Form","Brutality"],"picked":"Offering","floor":33},{"not_picked":["Rage","Searing Blow","Shockwave"],"picked":"SKIP","floor":35},{"not_picked":["Magnetism","Chrysalis"],"picked":"Good Instincts","floor":36},{"not_picked":["Warcry","Perfected Strike"],"picked":"Twin Strike","floor":37},{"not_picked":["Entrench","True Grit","Rupture"],"picked":"SKIP","floor":38},{"not_picked":["Anger+1","Fire Breathing","Iron Wave"],"picked":"SKIP","floor":42},{"not_picked":["Perfected Strike","Warcry"],"picked":"Battle Trance","floor":44},{"not_picked":["Berserk","Clash+1"],"picked":"True Grit+1","floor":46}],"player_experience":824717,"relics_obtained":[{"floor":7.0,"key":"Bronze Scales"},{"floor":9.0,"key":"Potion Belt"},{"floor":10.0,"key":"Lantern"},{"floor":20.0,"key":"Red Mask"},{"floor":26.0,"key":"Regal Pillow"},{"floor":29,"key":"Anchor"},{"floor":43,"key":"Ginger"}],"event_choices":[{"damage_healed":0.0,"max_hp_gain":0.0,"max_hp_loss":0.0,"gold_gain":0.0,"event_name":"Big Fish","player_choice":"Box","floor":2.0,"gold_loss":0.0,"damage_taken":0.0,"relics_obtained":["Red Skull"],"cards_obtained":["Regret"]},{"damage_healed":0.0,"max_hp_gain":0.0,"max_hp_loss":0.0,"gold_gain":0.0,"event_name":"Lab","player_choice":"Got Potions","floor":4.0,"gold_loss":0.0,"damage_taken":0.0},{"damage_healed":0.0,"max_hp_gain":0.0,"max_hp_loss":0.0,"gold_gain":0.0,"event_name":"World of Goop","player_choice":"Left Gold","floor":11.0,"gold_loss":44.0,"damage_taken":0.0},{"damage_healed":0.0,"max_hp_gain":0.0,"max_hp_loss":0.0,"gold_gain":0.0,"event_name":"Dead Adventurer","player_choice":"Searched \u00270\u0027 times","floor":12.0,"gold_loss":0.0,"damage_taken":0.0},{"damage_healed":0.0,"max_hp_gain":0.0,"max_hp_loss":0.0,"gold_gain":0.0,"event_name":"Masked Bandits","player_choice":"Fought Bandits","floor":20.0,"gold_loss":0.0,"damage_taken":0.0},{"damage_healed":0.0,"max_hp_gain":0.0,"max_hp_loss":0.0,"gold_gain":0.0,"event_name":"Back to Basics","player_choice":"Simplicity","floor":22.0,"gold_loss":0.0,"damage_taken":0.0,"cards_upgraded":["Strike_R","Strike_R","Defend_R","Defend_R","Defend_R","Defend_R"]},{"damage_healed":0.0,"max_hp_gain":0.0,"max_hp_loss":0.0,"gold_gain":0.0,"event_name":"Addict","player_choice":"Stole Relic","floor":24.0,"gold_loss":0.0,"damage_taken":0.0,"relics_obtained":["PreservedInsect"],"cards_obtained":["Shame"]},{"damage_healed":0,"gold_gain":0,"player_choice":"Memory 1","damage_taken":0,"max_hp_gain":0,"max_hp_loss":0,"event_name":"SensoryStone","floor":36,"gold_loss":0},{"cards_removed":["Good Instincts"],"damage_healed":0,"gold_gain":0,"player_choice":"Gave Card","damage_taken":0,"relics_obtained":["MawBank"],"max_hp_gain":0,"max_hp_loss":0,"event_name":"WeMeetAgain","floor":41,"gold_loss":0}],"is_beta":false,"boss_relics":[{"not_picked":["Coffee Dripper","Black Blood"],"picked":"Astrolabe"},{"not_picked":["Pandora\u0027s Box","Tiny House"],"picked":"Runic Cube"}],"items_purged_floors":[21],"is_endless":false,"potions_floor_spawned":[3,5,7,13,16,19,27,31,38,42,46],"killed_by":"Nemesis","ascension_level":20}