{"gold_per_floor":[109,125,145,165,179,179,198,198,198,198,231,251,286,96,96,196,196,211,221,221,234,234,234,263,278,278,278,288,314,327,136,136,240,240,254,273,373,373,384,394,404,404,451,463,463,475,0,0,0,0],"floor_reached":51,"playtime":2956,"items_purged":[],"score":755,"play_id":"788d0adc-5502-4dd3-979d-7947d3b3198a","local_time":"20190428022124","is_ascension_mode":false,"campfire_choices":[{"data":"Armaments","floor":6.0,"key":"SMITH"},{"data":"Perfected Strike","floor":8.0,"key":"SMITH"},{"floor":15.0,"key":"REST"},{"data":"Bash","floor":23.0,"key":"SMITH"},{"floor":27.0,"key":"REST"},{"data":"Anger","floor":32.0,"key":"SMITH"},{"data":"Perfected Strike","floor":42.0,"key":"SMITH"},{"data":"Shrug It Off","floor":49.0,"key":"SMITH"}],"neow_cost":"NONE","seed_source_timestamp":359456617800700,"circlet_count":0,"master_deck":["Strike_R+1","Strike_R+1","Strike_R+1","Strike_R+1","Strike_R+1","Defend_R+1","Defend_R+1","Defend_R+1","Defend_R+1","Bash+1","Armaments+1","Clothesline+1","Perfected Strike+1","Shrug It Off+1","Pommel Strike","Thunderclap","Headbutt+1","Iron Wave","Iron Wave+1","Cleave+1","Pommel Strike","Anger+1","Anger+1","Perfected Strike+1","Headbutt+1","Anger+1"],"special_seed":0,"relics":["Runic Pyramid","Pen Nib","Regal Pillow","Ancient Tea Set","PreservedInsect","Lizard Tail","Blue Candle","Orichalcum","Kunai","Lee\u0027s Waffle","Coffee Dripper","FossilizedHelix","Vajra","Red Mask"],"potions_floor_usage":[50,50],"damage_taken":[{"damage":6.0,"enemies":"Jaw Worm","floor":1.0,"turns":3.0},{"damage":5.0,"enemies":"Cultist","floor":2.0,"turns":4.0},{"damage":7.0,"enemies":"Small Slimes","floor":3.0,"turns":3.0},{"damage":3.0,"enemies":"3 Louse","floor":4.0,"turns":3.0},{"damage":5.0,"enemies":"Exordium Wildlife","floor":5.0,"turns":5.0},{"damage":0.0,"enemies":"Blue Slaver","floor":7.0,"turns":4.0},{"damage":17.0,"enemies":"Gremlin Nob","floor":11.0,"turns":4.0},{"damage":5.0,"enemies":"3 Louse","floor":12.0,"turns":3.0},{"damage":2.0,"enemies":"3 Sentries","floor":13.0,"turns":9.0},{"damage":14.0,"enemies":"Slime Boss","floor":16.0,"turns":7.0},{"damage":2.0,"enemies":"Chosen","floor":18.0,"turns":4.0},{"damage":20.0,"enemies":"Spheric Guardian","floor":19.0,"turns":6.0},{"damage":9.0,"enemies":"Centurion and Healer","floor":21.0,"turns":5.0},{"damage":22.0,"enemies":"Slavers","floor":24.0,"turns":4.0},{"damage":10.0,"enemies":"Snecko","floor":25.0,"turns":6.0},{"damage":7.0,"enemies":"Snake Plant","floor":28.0,"turns":3.0},{"damage":9.0,"enemies":"Gremlin Leader","floor":29.0,"turns":5.0},{"damage":3.0,"enemies":"Cultist and Chosen","floor":30.0,"turns":6.0},{"damage":38.0,"enemies":"Automaton","floor":33.0,"turns":11.0},{"damage":6.0,"enemies":"3 Shapes","floor":35.0,"turns":4.0},{"damage":1.0,"enemies":"Orb Walker","floor":36.0,"turns":2.0},{"damage":0.0,"enemies":"Mind Bloom Boss Battle","floor":37.0,"turns":7.0},{"damage":2.0,"enemies":"Sphere and 2 Shapes","floor":39.0,"turns":5.0},{"damage":9.0,"enemies":"Jaw Worm Horde","floor":40.0,"turns":4.0},{"damage":3.0,"enemies":"Spire Growth","floor":41.0,"turns":4.0},{"damage":10.0,"enemies":"3 Darklings","floor":44.0,"turns":3.0},{"damage":3.0,"enemies":"Jaw Worm Horde","floor":46.0,"turns":4.0},{"damage":32,"enemies":"Time Eater","floor":50,"turns":12}],"seed_played":"-3482708601018956090","potions_obtained":[{"floor":1.0,"key":"Ancient Potion"},{"floor":3.0,"key":"Fire Potion"},{"floor":12.0,"key":"EssenceOfSteel"},{"floor":13.0,"key":"AttackPotion"},{"floor":16.0,"key":"GamblersBrew"},{"floor":24.0,"key":"Block Potion"},{"floor":30.0,"key":"Strength Potion"},{"floor":33.0,"key":"EssenceOfSteel"}],"is_trial":false,"path_per_floor":["M","M","M","M","M","R","M","R","T","?","E","M","E","$","R","B",null,"M","M","?","M","?","R","E","M","T","R","M","E","M","$","R","B",null,"M","M","?","?","M","M","M","R","T","M","?","M","?","?","R","B",null],"character_chosen":"IRONCLAD","items_purchased":["PreservedInsect","Pommel Strike","Lee\u0027s Waffle"],"campfire_rested":2,"item_purchase_floors":[14,14,31],"current_hp_per_floor":[74,69,62,59,54,54,54,54,54,54,37,32,30,30,69,55,80,78,58,58,49,49,49,27,17,17,56,49,40,37,87,87,49,87,81,80,80,80,78,69,66,66,66,56,56,53,53,53,53,21],"gold":0,"neow_bonus":"BOSS_RELIC","is_prod":false,"is_daily":false,"chose_seed":false,"campfire_upgraded":6,"win_rate":0,"timestamp":1556432484,"path_taken":["M","M","M","M","M","R","M","R","T","?","E","M","E","$","R","BOSS","M","?","?","M","?","R","E","M","T","R","?","E","M","$","R","BOSS","M","M","?","?","M","M","M","R","T","M","?","M","?","?","R","BOSS"],"build_version":"2019-01-23","purchased_purges":0,"victory":true,"max_hp_per_floor":[80,80,80,80,80,80,80,80,80,80,80,80,80,80,80,80,80,80,80,80,80,80,80,80,80,80,80,80,80,80,87,87,87,87,87,87,87,87,87,87,87,87,87,87,87,87,87,87,87,87],"card_choices":[{"not_picked":["Infernal Blade","Burning Pact","Battle Trance"],"picked":"SKIP","floor":1.0},{"not_picked":["Heavy Blade","Flex"],"picked":"Shrug It Off","floor":2.0},{"not_picked":["Warcry","Feel No Pain","Clash"],"picked":"SKIP","floor":3.0},{"not_picked":["Whirlwind","Seeing Red"],"picked":"Armaments","floor":4.0},{"not_picked":["True Grit","Blood for Blood"],"picked":"Clothesline","floor":5.0},{"not_picked":["Thunderclap","Headbutt"],"picked":"Perfected Strike","floor":7.0},{"not_picked":["Warcry","True Grit","Power Through"],"picked":"SKIP","floor":11.0},{"not_picked":["Fiend Fire","Body Slam"],"picked":"Shrug It Off","floor":12.0},{"not_picked":["Hemokinesis","Spot Weakness","Feel No Pain"],"picked":"SKIP","floor":13.0},{"not_picked":["Wild Strike","Clash"],"picked":"Thunderclap","floor":18.0},{"not_picked":["Rage+1","Rupture"],"picked":"Headbutt+1","floor":19.0},{"not_picked":["Headbutt","Armaments+1"],"picked":"Iron Wave","floor":21.0},{"not_picked":["Armaments","True Grit"],"picked":"Iron Wave+1","floor":24.0},{"not_picked":["Limit Break","Thunderclap"],"picked":"Cleave+1","floor":25.0},{"not_picked":["Feel No Pain+1","Thunderclap+1"],"picked":"Pommel Strike","floor":28.0},{"not_picked":["Pommel Strike","Flame Barrier"],"picked":"Anger","floor":29.0},{"not_picked":["Flex+1","Shockwave"],"picked":"Anger+1","floor":30.0},{"not_picked":["Thunderclap+1","Ghostly Armor+1","Body Slam+1"],"picked":"SKIP","floor":35.0},{"not_picked":["Wild Strike","Warcry"],"picked":"Perfected Strike","floor":36.0},{"not_picked":["Flex+1","Corruption+1","Body Slam"],"picked":"SKIP","floor":39.0},{"not_picked":["Flex","Combust"],"picked":"Headbutt+1","floor":40.0},{"not_picked":["Spot Weakness+1","Sword Boomerang","Whirlwind+1"],"picked":"SKIP","floor":41.0},{"not_picked":["True Grit+1","Sword Boomerang+1"],"picked":"Anger+1","floor":44.0},{"not_picked":["Dual Wield","Armaments+1","Clash+1"],"picked":"SKIP","floor":46.0},{"not_picked":["Dual Wield","Armaments+1","Clash+1"],"picked":"SKIP","floor":46.0}],"player_experience":390444,"relics_obtained":[{"floor":9.0,"key":"Pen Nib"},{"floor":11.0,"key":"Regal Pillow"},{"floor":13.0,"key":"Ancient Tea Set"},{"floor":24.0,"key":"Blue Candle"},{"floor":26.0,"key":"Orichalcum"},{"floor":29.0,"key":"Kunai"},{"floor":37.0,"key":"FossilizedHelix"},{"floor":43.0,"key":"Vajra"}],"event_choices":[{"damage_healed":0.0,"max_hp_gain":0.0,"max_hp_loss":0.0,"gold_gain":0.0,"event_name":"Upgrade Shrine","player_choice":"Upgraded","floor":10.0,"gold_loss":0.0,"damage_taken":0.0,"cards_upgraded":["Clothesline"]},{"damage_healed":0.0,"max_hp_gain":0.0,"max_hp_loss":0.0,"gold_gain":0.0,"event_name":"Vampires","player_choice":"Ignored","floor":20.0,"gold_loss":0.0,"damage_taken":0.0},{"damage_healed":0.0,"max_hp_gain":0.0,"max_hp_loss":0.0,"gold_gain":0.0,"event_name":"Back to Basics","player_choice":"Simplicity","floor":22.0,"gold_loss":0.0,"damage_taken":0.0,"cards_upgraded":["Strike_R","Strike_R","Strike_R","Strike_R","Strike_R","Defend_R","Defend_R","Defend_R","Defend_R"]},{"damage_healed":0.0,"max_hp_gain":0.0,"max_hp_loss":0.0,"gold_gain":0.0,"event_name":"MindBloom","player_choice":"Fight","floor":37.0,"gold_loss":0.0,"damage_taken":0.0},{"damage_healed":0.0,"max_hp_gain":0.0,"max_hp_loss":0.0,"gold_gain":0.0,"event_name":"SensoryStone","player_choice":"Memory 1","floor":38.0,"gold_loss":0.0,"damage_taken":0.0},{"damage_healed":0.0,"max_hp_gain":0.0,"max_hp_loss":0.0,"gold_gain":0.0,"event_name":"Mysterious Sphere","player_choice":"Ignored","floor":45.0,"gold_loss":0.0,"damage_taken":0.0},{"damage_healed":0.0,"max_hp_gain":0.0,"max_hp_loss":0.0,"gold_gain":0.0,"event_name":"Tomb of Lord Red Mask","player_choice":"Paid","floor":47.0,"gold_loss":475.0,"damage_taken":0.0,"relics_obtained":["Red Mask"]},{"cards_removed":["Shrug It Off"],"damage_healed":0.0,"max_hp_gain":0.0,"max_hp_loss":0.0,"gold_gain":0.0,"event_name":"Falling","player_choice":"Removed Skill","floor":48.0,"gold_loss":0.0,"damage_taken":0.0}],"is_beta":false,"boss_relics":[{"not_picked":["Busted Crown","Snecko Eye"],"picked":"Lizard Tail"},{"not_picked":["Eternal Feather","Calling Bell"],"picked":"Coffee Dripper"}],"items_purged_floors":[],"is_endless":false,"potions_floor_spawned":[1,3,12,13,16,18,24,28,30,33,39,40,44],"ascension_level":0}