{"gold_per_floor":[111,125,82,82,82,111,124,124,124,144,69,69,69,86,86,157,157,170,84,101,101,121,121,156,156,181,181],"floor_reached":27,"playtime":488,"items_purged":[],"score":612,"play_id":"ba4f5660-edde-4de0-9377-53a9dac73be8","local_time":"20190409144851","is_ascension_mode":true,"campfire_choices":[{"data":"Inflame","floor":8,"key":"SMITH"},{"data":"Flex","floor":12,"key":"SMITH"},{"data":"Heavy Blade","floor":15,"key":"SMITH"},{"floor":23,"key":"REST"},{"data":"Bash","floor":25,"key":"SMITH"}],"neow_cost":"NONE","seed_source_timestamp":334971447951576,"circlet_count":0,"master_deck":["AscendersBane","Strike_R","Strike_R","Strike_R","Strike_R","Strike_R+1","Defend_R+1","Defend_R","Defend_R","Defend_R","Bash+1","Anger","Heavy Blade+1","Inflame+1","Inflame","Flex+1","Twin Strike","Feed","Combust+1","Twin Strike+1"],"relics":["Black Blood","NeowsBlessing","Mercury Hourglass","GremlinMask","Paper Frog","Bottled Tornado","Boot","Dodecahedron","Bronze Scales"],"potions_floor_usage":[16,18,20,22,27],"damage_taken":[{"damage":0,"enemies":"Jaw Worm","floor":1,"turns":1},{"damage":0,"enemies":"Small Slimes","floor":2,"turns":1},{"damage":0,"enemies":"3 Sentries","floor":6,"turns":1},{"damage":9,"enemies":"Cultist","floor":7,"turns":3},{"damage":11,"enemies":"3 Louse","floor":10,"turns":3},{"damage":8,"enemies":"Blue Slaver","floor":14,"turns":2},{"damage":0,"enemies":"Slime Boss","floor":16,"turns":3},{"damage":21,"enemies":"Spheric Guardian","floor":18,"turns":4},{"damage":0,"enemies":"Chosen","floor":20,"turns":3},{"damage":43,"enemies":"3 Cultists","floor":22,"turns":5},{"damage":42,"enemies":"Gremlin Leader","floor":24,"turns":5},{"damage":50,"enemies":"Slavers","floor":27,"turns":3}],"seed_played":"8574848119849009444","potions_obtained":[{"floor":2,"key":"Poison Potion"},{"floor":10,"key":"Weak Potion"},{"floor":14,"key":"EssenceOfSteel"},{"floor":16,"key":"SkillPotion"},{"floor":18,"key":"Energy Potion"},{"floor":22,"key":"SpeedPotion"}],"is_trial":false,"path_per_floor":["M","M","$","?","?","E","M","R","T","M","?","R","?","M","R","B",null,"M","$","M","?","M","R","E","R","T","E"],"character_chosen":"IRONCLAD","items_purchased":["Inflame","Regen Potion"],"campfire_rested":1,"item_purchase_floors":[3,19],"current_hp_per_floor":[74,75,75,75,75,75,72,72,72,67,67,67,44,42,42,48,68,57,57,70,70,49,73,41,41,41,0],"gold":181,"neow_bonus":"THREE_ENEMY_KILL","is_prod":false,"is_daily":false,"chose_seed":false,"campfire_upgraded":4,"win_rate":0,"timestamp":1554835731,"path_taken":["M","M","$","?","?","E","M","R","T","?","?","R","?","M","R","BOSS","M","$","M","?","?","R","E","R","T","E"],"build_version":"2019-01-23","purchased_purges":0,"victory":false,"max_hp_per_floor":[75,75,75,75,75,75,75,75,75,75,75,75,75,75,75,75,75,75,75,78,78,81,81,81,81,81,81],"card_choices":[{"not_picked":["Shrug It Off","True Grit"],"picked":"Anger","floor":1},{"not_picked":["Seeing Red","Body Slam"],"picked":"Heavy Blade","floor":2},{"not_picked":["Blood for Blood","Heavy Blade","Evolve"],"picked":"SKIP","floor":6},{"not_picked":["Clothesline","Blood for Blood"],"picked":"Inflame","floor":7},{"not_picked":["Clothesline","Heavy Blade"],"picked":"Flex","floor":10},{"not_picked":["Clothesline","Bludgeon"],"picked":"Twin Strike","floor":14},{"not_picked":["Brutality","Exhume"],"picked":"Feed","floor":16},{"not_picked":["Body Slam","Uppercut"],"picked":"Clothesline+1","floor":18},{"not_picked":["Shockwave","Body Slam+1"],"picked":"Combust+1","floor":20},{"not_picked":["Body Slam","Clash"],"picked":"Twin Strike+1","floor":22},{"not_picked":["Clash","Warcry","Disarm"],"picked":"SKIP","floor":24}],"player_experience":888792,"relics_obtained":[{"floor":6,"key":"Paper Frog"},{"floor":9,"key":"Bottled Tornado"},{"floor":24,"key":"Dodecahedron"},{"floor":26,"key":"Bronze Scales"}],"event_choices":[{"damage_healed":0,"gold_gain":0,"player_choice":"Box","damage_taken":0,"relics_obtained":["Mercury Hourglass"],"max_hp_gain":0,"max_hp_loss":0,"event_name":"Big Fish","floor":4,"gold_loss":0,"cards_obtained":["Regret"]},{"damage_healed":0,"gold_gain":0,"player_choice":"Trade","damage_taken":0,"relics_obtained":["GremlinMask"],"max_hp_gain":0,"max_hp_loss":0,"event_name":"FaceTrader","floor":5,"gold_loss":0},{"cards_removed":["Regret"],"damage_healed":0,"gold_gain":0,"player_choice":"Card Removal","damage_taken":0,"max_hp_gain":0,"max_hp_loss":0,"event_name":"The Cleric","floor":11,"gold_loss":75},{"damage_healed":0,"gold_gain":0,"player_choice":"Entered Light","damage_taken":23,"max_hp_gain":0,"max_hp_loss":0,"event_name":"Shining Light","floor":13,"gold_loss":0,"cards_upgraded":["Strike_R","Defend_R"]},{"cards_removed":["Clothesline"],"damage_healed":0,"gold_gain":0,"player_choice":"Gave Card","damage_taken":0,"relics_obtained":["Boot"],"max_hp_gain":0,"max_hp_loss":0,"event_name":"WeMeetAgain","floor":21,"gold_loss":0}],"is_beta":false,"boss_relics":[{"not_picked":["Lizard Tail","Fusion Hammer"],"picked":"Black Blood"}],"items_purged_floors":[],"is_endless":false,"potions_floor_spawned":[2,10,14,16,18,22],"killed_by":"Slavers","ascension_level":20}