{"gold_per_floor":[125,137,167,179,89,124,145,188,188,188,154,172,187,137,137,256,256,271,271],"floor_reached":19,"playtime":788,"items_purged":["Strike_G"],"score":202,"play_id":"87cd6816-775a-4f71-822c-2b87bf35d9d1","local_time":"20190403200812","is_ascension_mode":false,"campfire_choices":[{"floor":10,"key":"REST"},{"floor":15,"key":"RECALL"}],"neow_cost":"NONE","seed_source_timestamp":932430150780000,"circlet_count":0,"master_deck":["Defend_G","Defend_G","Defend_G","Strike_G","Strike_G","Strike_G","Survivor","Neutralize","Prepared","Heel Hook","Underhanded Strike","Predator","Dagger Throw","Corpse Explosion","Dodge and Roll","Terror","Envenom","Acrobatics+1"],"relics":["Ring of the Snake","MawBank","Golden Idol","Pear","Pen Nib","Empty Cage"],"potions_floor_usage":[8,8,16,18],"damage_taken":[{"damage":0,"enemies":"Small Slimes","floor":1,"turns":3},{"damage":7,"enemies":"Jaw Worm","floor":3,"turns":6},{"damage":23,"enemies":"3 Sentries","floor":6,"turns":10},{"damage":0,"enemies":"2 Louse","floor":7,"turns":3},{"damage":30,"enemies":"Lagavulin","floor":8,"turns":5},{"damage":0,"enemies":"Looter","floor":12,"turns":3},{"damage":0,"enemies":"3 Louse","floor":13,"turns":2},{"damage":21,"enemies":"Slime Boss","floor":16,"turns":11},{"damage":7,"enemies":"3 Byrds","floor":18,"turns":4},{"damage":0,"enemies":"Colosseum Slavers","floor":19,"turns":1}],"seed_played":"268950291041215965","potions_obtained":[{"floor":6,"key":"Strength Potion"},{"floor":7,"key":"Weak Potion"},{"floor":13,"key":"Poison Potion"},{"floor":16,"key":"Weak Potion"}],"is_trial":false,"path_per_floor":["M","?","M","?","$","E","M","E","T","R","?","M","M","?","R","B",null,"M","?"],"character_chosen":"THE_SILENT","items_purchased":["Underhanded Strike"],"campfire_rested":1,"item_purchase_floors":[5],"current_hp_per_floor":[70,53,46,51,51,38,38,8,8,33,33,33,33,33,33,12,85,78,78],"gold":271,"neow_bonus":"RANDOM_COMMON_RELIC","is_prod":false,"is_daily":false,"chose_seed":false,"campfire_upgraded":0,"win_rate":0,"timestamp":1554293292,"path_taken":["M","?","M","?","?","E","M","E","T","R","?","M","M","?","R","BOSS","M","?"],"build_version":"2019-01-23","purchased_purges":1,"victory":false,"max_hp_per_floor":[70,70,70,75,75,85,85,85,85,85,85,85,85,85,85,85,85,85,85],"card_choices":[{"not_picked":["Deflect","PiercingWail"],"picked":"Prepared","floor":1},{"not_picked":["Heel Hook","Caltrops","Sucker Punch"],"picked":"SKIP","floor":3},{"not_picked":["Caltrops","Sucker Punch"],"picked":"Heel Hook","floor":3},{"not_picked":["Dagger Spray","Escape Plan"],"picked":"Predator","floor":6},{"not_picked":["Underhanded Strike","Bouncing Flask"],"picked":"Dagger Throw","floor":7},{"not_picked":["Cloak And Dagger","Choke"],"picked":"Corpse Explosion","floor":8},{"not_picked":["Choke","Dodge and Roll","Quick Slash"],"picked":"SKIP","floor":12},{"not_picked":["Choke","Quick Slash"],"picked":"Dodge and Roll","floor":12},{"not_picked":["Deflect","Dodge and Roll"],"picked":"Terror","floor":13},{"not_picked":["Malaise","Glass Knife"],"picked":"Envenom","floor":16},{"not_picked":["Deflect","Slice"],"picked":"Acrobatics+1","floor":18}],"player_experience":448139,"relics_obtained":[{"floor":6,"key":"Pear"},{"floor":8,"key":"Pen Nib"}],"event_choices":[{"damage_healed":0,"gold_gain":0,"player_choice":"Take Damage","damage_taken":17,"relics_obtained":["Golden Idol"],"max_hp_gain":0,"max_hp_loss":0,"event_name":"Golden Idol","floor":2,"gold_loss":0},{"damage_healed":0,"gold_gain":0,"player_choice":"Donut","damage_taken":0,"max_hp_gain":5,"max_hp_loss":0,"event_name":"Big Fish","floor":4,"gold_loss":0},{"damage_healed":0,"gold_gain":0,"player_choice":"Left Gold","damage_taken":0,"max_hp_gain":0,"max_hp_loss":0,"event_name":"World of Goop","floor":11,"gold_loss":34},{"cards_removed":["Defend_G"],"damage_healed":0,"gold_gain":0,"player_choice":"Card Removal","damage_taken":0,"max_hp_gain":0,"max_hp_loss":0,"event_name":"The Cleric","floor":14,"gold_loss":50},{"damage_healed":0,"gold_gain":0,"player_choice":"Fight","damage_taken":0,"max_hp_gain":0,"max_hp_loss":0,"event_name":"Colosseum","floor":19,"gold_loss":0}],"is_beta":false,"boss_relics":[{"not_picked":["Runic Pyramid","Ectoplasm"],"picked":"Empty Cage"}],"items_purged_floors":[5],"is_endless":false,"potions_floor_spawned":[6,7,13,16],"killed_by":"Colosseum Slavers","ascension_level":0}