{"gold_per_floor":[117,117,117,117,132,132,163,174,201,233,158,158,170,135,135,235,235,249,249,265,113,113,113,138,138,165,180,180,206,206,226,226,322,322,332,31,31,31,31,31,56,66,92,92,104,124,124,140,140,140],"floor_reached":50,"playtime":4267,"items_purged":["Strike_R"],"score":567,"play_id":"b02a90de-f119-4433-8474-5fd59b929d71","local_time":"20180803221531","is_ascension_mode":true,"campfire_choices":[{"data":"Bash","floor":6,"key":"SMITH"},{"floor":15,"key":"REST"},{"floor":23,"key":"REST"},{"floor":28,"key":"REST"},{"data":"Searing Blow+1","floor":30,"key":"SMITH"},{"floor":32,"key":"REST"},{"data":"1","floor":40,"key":"LIFT"},{"floor":44,"key":"REST"},{"data":"2","floor":47,"key":"LIFT"},{"floor":49,"key":"REST"}],"neow_cost":"NONE","seed_source_timestamp":454726250981553,"circlet_count":0,"master_deck":["Strike_R","Strike_R","Strike_R","Defend_R","Defend_R","Defend_R","Bash+1","Pommel Strike","Dropkick","Shockwave","Inflame","Searing Blow+2","Thunderclap","Feed","Headbutt","Body Slam+1","Headbutt","Flex","True Grit","Cleave+1","Feed","Dropkick+1","Bandage Up","Infernal Blade+1","Heavy Blade","Heavy Blade+1","Shrug It Off+1","Heavy Blade+1"],"relics":["Black Blood","CultistMask","Red Skull","Bag of Marbles","Regal Pillow","Bag of Preparation","Happy Flower","Dodecahedron","Potion Belt","Lantern","Empty Cage","Girya","StoneCalendar","Orichalcum"],"potions_floor_usage":[1,7,7,8,10,20,24,29,29,31,35,42,48,50],"damage_taken":[{"damage":1,"enemies":"Jaw Worm","floor":1,"turns":5},{"damage":6,"enemies":"Small Slimes","floor":5,"turns":3},{"damage":7,"enemies":"Gremlin Nob","floor":7,"turns":3},{"damage":0,"enemies":"Cultist","floor":8,"turns":2},{"damage":26,"enemies":"3 Sentries","floor":10,"turns":6},{"damage":10,"enemies":"Looter","floor":13,"turns":2},{"damage":61,"enemies":"The Guardian","floor":16,"turns":11},{"damage":37,"enemies":"Chosen","floor":18,"turns":5},{"damage":10,"enemies":"Spheric Guardian","floor":20,"turns":3},{"damage":48,"enemies":"Book of Stabbing","floor":24,"turns":5},{"damage":35,"enemies":"Slaver and Parasite","floor":27,"turns":4},{"damage":16,"enemies":"Gremlin Leader","floor":29,"turns":7},{"damage":22,"enemies":"Snecko","floor":31,"turns":4},{"damage":84,"enemies":"Champ","floor":33,"turns":12},{"damage":5,"enemies":"Orb Walker","floor":35,"turns":2},{"damage":46,"enemies":"2 Orb Walkers","floor":41,"turns":4},{"damage":23,"enemies":"3 Darklings","floor":42,"turns":3},{"damage":23,"enemies":"Spire Growth","floor":45,"turns":4},{"damage":36,"enemies":"Maw","floor":46,"turns":6},{"damage":3,"enemies":"3 Darklings","floor":48,"turns":4},{"damage":110,"enemies":"Awakened One","floor":50,"turns":9}],"seed_played":"8554200082558054428","potions_obtained":[{"floor":5,"key":"Weak Potion"},{"floor":7,"key":"Energy Potion"},{"floor":8,"key":"GamblersBrew"},{"floor":16,"key":"Dexterity Potion"},{"floor":18,"key":"AttackPotion"},{"floor":24,"key":"Ancient Potion"},{"floor":27,"key":"Regen Potion"},{"floor":33,"key":"Fire Potion"},{"floor":41,"key":"Weak Potion"},{"floor":45,"key":"SpeedPotion"},{"floor":48,"key":"Fruit Juice"}],"is_trial":false,"path_per_floor":["M","?","?","?","M","R","E","M","T","E","$","?","M","?","R","B",null,"M","?","M","$","?","R","E","?","T","M","R","E","R","M","R","B",null,"M","$","?","$","?","R","E","M","T","R","M","M","R","M","R"],"character_chosen":"IRONCLAD","items_purchased":["Happy Flower","Girya"],"campfire_rested":6,"item_purchase_floors":[21,36],"current_hp_per_floor":[85,85,85,85,85,85,84,85,85,65,65,58,54,54,85,30,85,58,58,58,58,58,85,50,50,50,28,70,79,79,67,91,17,91,91,91,91,91,91,91,62,53,53,94,85,66,66,80,100,0],"gold":140,"neow_bonus":"THREE_SMALL_POTIONS","is_prod":false,"is_daily":false,"chose_seed":false,"campfire_upgraded":2,"win_rate":0,"timestamp":1533327331,"path_taken":["M","?","?","?","M","R","E","M","T","E","?","?","M","?","R","BOSS","M","?","M","$","?","R","E","?","T","?","R","E","R","M","R","BOSS","M","$","?","$","?","R","E","M","T","R","M","M","R","?","R","BOSS"],"build_version":"2018-08-02","purchased_purges":1,"victory":false,"max_hp_per_floor":[85,85,85,85,85,85,85,85,85,85,85,85,85,85,85,85,85,85,85,85,85,85,85,88,88,88,91,91,91,91,91,91,91,91,91,91,91,91,91,91,94,94,94,94,94,97,97,100,100,105],"card_choices":[{"not_picked":["Dropkick","Blood for Blood"],"picked":"Pommel Strike","floor":1},{"not_picked":["True Grit","Corruption"],"picked":"Dropkick","floor":5},{"not_picked":["Body Slam","Spot Weakness"],"picked":"Shockwave","floor":7},{"not_picked":["Wild Strike","Metallicize"],"picked":"Inflame","floor":8},{"not_picked":["Headbutt","Metallicize"],"picked":"Searing Blow","floor":10},{"not_picked":["Pommel Strike","Iron Wave"],"picked":"Thunderclap","floor":13},{"not_picked":["Limit Break","Offering"],"picked":"Feed","floor":16},{"not_picked":["Havoc","True Grit"],"picked":"Headbutt","floor":18},{"not_picked":["Clash+1","Power Through"],"picked":"Body Slam+1","floor":20},{"not_picked":["Dual Wield","Perfected Strike+1"],"picked":"Headbutt","floor":24},{"not_picked":["Evolve","Sword Boomerang"],"picked":"Flex","floor":27},{"not_picked":["Havoc","Disarm"],"picked":"True Grit","floor":29},{"not_picked":["Uppercut","Pummel"],"picked":"Cleave+1","floor":31},{"not_picked":["Fiend Fire","Limit Break"],"picked":"Feed","floor":33},{"not_picked":["Wild Strike","Ghostly Armor+1"],"picked":"Dropkick+1","floor":35},{"not_picked":["Trip","Magnetism"],"picked":"Bandage Up","floor":39},{"not_picked":["Searing Blow","Body Slam"],"picked":"Infernal Blade+1","floor":41},{"not_picked":["Battle Trance+1","Power Through"],"picked":"Heavy Blade","floor":42},{"not_picked":["Twin Strike+1","Limit Break"],"picked":"Heavy Blade+1","floor":45},{"not_picked":["Headbutt","Warcry+1"],"picked":"Shrug It Off+1","floor":46},{"not_picked":["Ghostly Armor","Infernal Blade"],"picked":"Heavy Blade+1","floor":48}],"player_experience":130415,"relics_obtained":[{"floor":7,"key":"Red Skull"},{"floor":9,"key":"Bag of Marbles"},{"floor":10,"key":"Regal Pillow"},{"floor":24,"key":"Dodecahedron"},{"floor":26,"key":"Potion Belt"},{"floor":29,"key":"Lantern"},{"floor":41,"key":"StoneCalendar"},{"floor":43,"key":"Orichalcum"}],"event_choices":[{"event_name":"The Cleric","player_choice":"Leave","floor":2,"damage_taken":0},{"event_name":"FaceTrader","player_choice":"Trade","floor":3,"damage_taken":0},{"event_name":"Golden Wing","player_choice":"Ignored","floor":4,"damage_taken":0},{"event_name":"Scrap Ooze","player_choice":"success","floor":12,"damage_taken":7},{"event_name":"World of Goop","player_choice":"Left","floor":14,"damage_taken":0},{"event_name":"Upgrade Shrine","player_choice":"Upgraded","floor":19,"damage_taken":0},{"event_name":"Wheel of Change","player_choice":"Curse","floor":22,"damage_taken":0},{"event_name":"Ghosts","player_choice":"Ignored","floor":25,"damage_taken":0},{"event_name":"Falling","player_choice":"Removed Skill","floor":37,"damage_taken":0},{"event_name":"SensoryStone","player_choice":"Memory 1","floor":39,"damage_taken":0}],"is_beta":false,"boss_relics":[{"not_picked":["Velvet Choker","Eternal Feather"],"picked":"Black Blood"},{"not_picked":["Orrery","Fusion Hammer"],"picked":"Empty Cage"}],"items_purged_floors":[11],"is_endless":false,"potions_floor_spawned":[5,7,8,16,18,24,27,33,41,45,48],"killed_by":"Awakened One","ascension_level":1}