{"gold_per_floor":[119,132,132,147,147,176,196,121,121,121,121,46,46,2,2,98,98,38,38,38,38,38],"floor_reached":22,"playtime":1063,"items_purged":["Regret"],"score":368,"play_id":"c3bc9458-0ba2-4a53-884b-bb981a5b0d48","local_time":"20190317143037","is_ascension_mode":true,"campfire_choices":[{"floor":10,"key":"REST"},{"floor":13,"key":"REST"},{"data":"Armaments","floor":15,"key":"SMITH"}],"neow_cost":"CURSE","seed_source_timestamp":0,"circlet_count":0,"master_deck":["AscendersBane","Strike_R","Strike_R","Strike_R","Strike_R","Strike_R","Defend_R","Defend_R","Defend_R","Defend_R","Bash","Finesse","Good Instincts","Sword Boomerang","Infernal Blade","Shockwave","Armaments+1","Havoc","Carnage","Demon Form","Spot Weakness","Sentinel+1","Body Slam+1"],"special_seed":0,"relics":["Burning Blood","Matryoshka","Pen Nib","Pear","Bag of Preparation","Golden Idol","Ectoplasm","FaceOfCleric"],"potions_floor_usage":[7,16,16],"damage_taken":[{"damage":1.0,"enemies":"Small Slimes","floor":1.0,"turns":4.0},{"damage":1.0,"enemies":"Cultist","floor":2.0,"turns":3.0},{"damage":11,"enemies":"2 Louse","floor":4,"turns":3},{"damage":60,"enemies":"3 Sentries","floor":6,"turns":12},{"damage":15,"enemies":"Blue Slaver","floor":7,"turns":5},{"damage":46,"enemies":"Hexaghost","floor":16,"turns":10},{"damage":12,"enemies":"2 Thieves","floor":18,"turns":3},{"damage":20,"enemies":"Spheric Guardian","floor":20,"turns":4},{"damage":38,"enemies":"Centurion and Healer","floor":21,"turns":6},{"damage":26,"enemies":"Snake Plant","floor":22,"turns":2}],"seed_played":"-6660894907309601743","potions_obtained":[{"floor":4,"key":"EssenceOfSteel"},{"floor":6,"key":"Energy Potion"},{"floor":7,"key":"Swift Potion"}],"is_trial":false,"path_per_floor":["M","M","?","M","?","E","M","$","T","R","?","?","R","$","R","B",null,"M","?","M","M","M"],"character_chosen":"IRONCLAD","items_purchased":["Carnage"],"campfire_rested":2,"item_purchase_floors":[14],"current_hp_per_floor":[73,75,75,70,70,16,7,7,17,42,42,42,67,67,67,27,71,65,65,52,21,0],"gold":38,"neow_bonus":"RANDOM_COLORLESS_2","is_prod":false,"is_daily":false,"chose_seed":false,"campfire_upgraded":1,"win_rate":0,"timestamp":1552858237,"path_taken":["M","M","?","?","?","E","M","$","T","R","?","?","R","?","R","BOSS","M","?","?","M","M"],"build_version":"2019-01-23","purchased_purges":1,"victory":false,"max_hp_per_floor":[75,75,75,75,75,75,75,75,85,85,85,85,85,85,85,85,85,85,85,86,87,87],"card_choices":[{"not_picked":["Perfected Strike","Rupture"],"picked":"Sword Boomerang","floor":1.0},{"not_picked":["Shrug It Off","Wild Strike"],"picked":"Infernal Blade","floor":2},{"not_picked":["Twin Strike","Exhume"],"picked":"Shockwave","floor":4},{"not_picked":["Sword Boomerang","Thunderclap"],"picked":"Armaments","floor":6},{"not_picked":["Armaments","Entrench"],"picked":"Havoc","floor":7},{"not_picked":["Exhume","Bludgeon"],"picked":"Demon Form","floor":16},{"not_picked":["Anger","Evolve"],"picked":"Spot Weakness","floor":18},{"not_picked":["Reckless Charge","Wild Strike"],"picked":"Sentinel+1","floor":20},{"not_picked":["Clothesline","Perfected Strike+1"],"picked":"Body Slam+1","floor":21}],"player_experience":252085,"relics_obtained":[{"floor":6,"key":"Pen Nib"},{"floor":9,"key":"Pear"},{"floor":9,"key":"Bag of Preparation"}],"event_choices":[{"cards_removed":["Clumsy"],"damage_healed":0,"gold_gain":0,"player_choice":"Removed Curses","damage_taken":0,"max_hp_gain":0,"max_hp_loss":0,"event_name":"Fountain of Cleansing","floor":3,"gold_loss":0},{"damage_healed":0,"gold_gain":0,"player_choice":"Box","damage_taken":0,"relics_obtained":["Matryoshka"],"max_hp_gain":0,"max_hp_loss":0,"event_name":"Big Fish","floor":5,"gold_loss":0,"cards_obtained":["Regret"]},{"damage_healed":0,"gold_gain":0,"player_choice":"Take Wound","damage_taken":0,"relics_obtained":["Golden Idol"],"max_hp_gain":0,"max_hp_loss":0,"event_name":"Golden Idol","floor":11,"gold_loss":0,"cards_obtained":["Injury"]},{"cards_removed":["Injury"],"damage_healed":0,"gold_gain":0,"player_choice":"Card Removal","damage_taken":0,"max_hp_gain":0,"max_hp_loss":0,"event_name":"The Cleric","floor":12,"gold_loss":75},{"damage_healed":0,"gold_gain":0,"player_choice":"Trade","damage_taken":0,"relics_obtained":["FaceOfCleric"],"max_hp_gain":0,"max_hp_loss":0,"event_name":"FaceTrader","floor":19,"gold_loss":0}],"is_beta":false,"boss_relics":[{"not_picked":["White Beast Statue","Empty Cage"],"picked":"Ectoplasm"}],"items_purged_floors":[8],"is_endless":false,"potions_floor_spawned":[4,6,7],"killed_by":"Snake Plant","ascension_level":20}