{"path_per_floor":["M","M","M","M","?","R","?","T","T","R","$","M","M","?","R","B",null,"M","M","$","M","?","R","M","M","T","M","M","R","M","?","R","B",null,"M","T","M","$","M","R","E","M","T","?","E","M","R","M","R","B"],"character_chosen":"DEFECT","items_purchased":["Toxic Egg 2","Whetstone","FTL","Symbiotic Virus"],"gold_per_floor":[10,24,44,58,158,158,158,208,260,260,19,35,53,128,128,252,252,275,290,65,81,81,81,105,121,146,161,174,174,197,197,197,318,318,337,337,356,20,38,38,77,96,96,96,136,157,157,173,173,173],"floor_reached":51,"campfire_rested":3,"playtime":2336,"current_hp_per_floor":[67,67,60,60,60,60,42,49,49,49,49,50,44,33,57,64,78,75,80,80,80,64,64,41,43,43,41,26,50,57,57,57,11,64,64,64,64,64,64,64,61,57,57,57,55,50,74,76,76,64],"items_purged":["Strike_B"],"gold":173,"score":1024,"play_id":"c3b7d664-e453-46d7-ba4f-2fa814eb2b59","local_time":"20180514143032","is_prod":false,"is_daily":false,"chose_seed":false,"is_ascension_mode":true,"campfire_upgraded":6,"timestamp":1526322632,"path_taken":["M","M","M","M","?","R","?","?","T","R","$","M","M","?","R","BOSS","M","M","$","M","?","R","M","M","T","M","M","R","?","?","R","BOSS","M","?","M","$","M","R","E","M","T","?","E","M","R","?","R","BOSS"],"build_version":"2018-05-12v2","seed_source_timestamp":418719196819756,"purchased_purges":1,"victory":true,"master_deck":["Strike_B+1","Strike_B+1","Defend_B+1","Defend_B+1","Defend_B+1","Defend_B+1","Zap+1","Dualcast+1","All For One","Sunder+1","Beam Cell+1","Hologram+1","Self Repair","Biased Cognition","Chaos+1","Thunder Strike+1","Steam Power+1","Tempest+1","FTL","Defragment","Chill+1","Genetic Algorithm+1","Turbo+1","Glacier+1","Electrodynamics+1","Impulse+1","Steam+1","Undo+1","Reboot+1","Turbo+1","Seek+1"],"max_hp_per_floor":[75,75,75,75,75,75,75,82,82,82,82,82,82,82,82,82,82,82,82,82,82,82,82,82,82,82,82,82,82,82,82,82,82,82,82,82,82,82,82,82,82,82,82,82,82,82,82,82,82,82],"relics":["Cracked Core","Golden Idol","Strawberry","Potion Belt","Toxic Egg 2","Sozu","Whetstone","Enchiridion","Orichalcum","Black Star","Question Card","Symbiotic Virus","Bronze Scales","Blood Vial","Vajra","Bottled Lightning","Matryoshka"],"card_choices":[{"not_picked":["Biased Cognition","Hyperbeam"],"picked":"All For One","floor":0},{"not_picked":["Lockon","Streamline"],"picked":"Sunder","floor":1},{"not_picked":["Leap","Streamline"],"picked":"Beam Cell","floor":2},{"not_picked":["Conserve Battery","Axe Kick"],"picked":"Hologram","floor":3},{"not_picked":["Ball Lightning","Streamline"],"picked":"Self Repair","floor":4},{"not_picked":["Capacitor","Turbo+1"],"picked":"Biased Cognition","floor":12},{"not_picked":["Rebound","Doom and Gloom"],"picked":"Chaos+1","floor":13},{"not_picked":["Electrodynamics","Fusion+1"],"picked":"Thunder Strike","floor":16},{"not_picked":["Turbo+1","Heatsinks"],"picked":"Steam Power+1","floor":18},{"not_picked":["Turbo+1","Coolheaded+1"],"picked":"Tempest+1","floor":19},{"not_picked":["Skim+1","Doom and Gloom+1"],"picked":"Defragment","floor":21},{"not_picked":["Beam Cell","Lockon"],"picked":"Chill+1","floor":24},{"not_picked":["Streamline+1","Ball Lightning","Axe Kick"],"picked":"SKIP","floor":25},{"not_picked":["Cold Snap","Barrage"],"picked":"Genetic Algorithm+1","floor":27},{"not_picked":["Go for the Eyes","Streamline"],"picked":"Turbo+1","floor":28},{"not_picked":["Thunder Strike","Aggregate+1"],"picked":"Glacier+1","floor":30},{"not_picked":["Biased Cognition","Hyperbeam"],"picked":"Electrodynamics","floor":33},{"not_picked":["Capacitor","Leap+1","Sunder"],"picked":"SKIP","floor":35},{"not_picked":["Streamline","Beam Cell+1","Ball Lightning"],"picked":"Impulse+1","floor":37},{"not_picked":["Stack+1","Leap+1","Melter+1"],"picked":"Steam+1","floor":39},{"not_picked":["Aggregate+1","Cold Snap+1","Axe Kick+1"],"picked":"Undo+1","floor":41},{"not_picked":["Cold Snap","Storm+1","Stack+1","Axe Kick+1"],"picked":"SKIP","floor":42},{"not_picked":["BootSequence+1","Axe Kick","Thunder Strike"],"picked":"Reboot+1","floor":45},{"not_picked":["Leap+1","Genetic Algorithm+1","Barrage+1"],"picked":"Turbo+1","floor":46},{"not_picked":["Lockon","Hologram+1","Axe Kick"],"picked":"Seek+1","floor":48}],"player_experience":80864,"potions_floor_usage":[18,19,24,25],"damage_taken":[{"damage":1,"enemies":"Cultist","floor":1,"turns":3},{"damage":0,"enemies":"Small Slimes","floor":2,"turns":3},{"damage":7,"enemies":"Jaw Worm","floor":3,"turns":2},{"damage":0,"enemies":"Exordium Wildlife","floor":4,"turns":1},{"damage":6,"enemies":"3 Louse","floor":12,"turns":4},{"damage":13,"enemies":"Blue Slaver","floor":13,"turns":4},{"damage":0,"enemies":"Slime Boss","floor":16,"turns":6},{"damage":10,"enemies":"2 Thieves","floor":18,"turns":4},{"damage":2,"enemies":"Spheric Guardian","floor":19,"turns":3},{"damage":0,"enemies":"Snake Plant","floor":21,"turns":2},{"damage":23,"enemies":"Cultist and Chosen","floor":24,"turns":4},{"damage":5,"enemies":"Slaver and Parasite","floor":25,"turns":3},{"damage":9,"enemies":"Chosen and Byrds","floor":27,"turns":3},{"damage":15,"enemies":"Snake Plant","floor":28,"turns":2},{"damage":0,"enemies":"Cultist and Chosen","floor":30,"turns":3},{"damage":46,"enemies":"Collector","floor":33,"turns":7},{"damage":0,"enemies":"3 Darklings","floor":35,"turns":4},{"damage":0,"enemies":"Flame Bruiser 1 Orb","floor":37,"turns":3},{"damage":0,"enemies":"Sphere and 2 Shapes","floor":39,"turns":2},{"damage":10,"enemies":"Giant Head","floor":41,"turns":6},{"damage":6,"enemies":"Spire Growth","floor":42,"turns":4},{"damage":4,"enemies":"Nemesis","floor":45,"turns":3},{"damage":14,"enemies":"Flame Bruiser 2 Orb","floor":46,"turns":3},{"damage":0,"enemies":"4 Shapes","floor":48,"turns":3},{"damage":14,"enemies":"Time Eater","floor":50,"turns":5}],"event_choices":[{"event_name":"Golden Shrine","player_choice":"Pray","floor":5,"damage_taken":0},{"event_name":"Golden Idol","player_choice":"Take Damage","floor":7,"damage_taken":0},{"event_name":"World of Goop","player_choice":"Gather Gold","floor":14,"damage_taken":0},{"event_name":"Cursed Tome","player_choice":"Obtained Book","floor":22,"damage_taken":0},{"event_name":"Back to Basics","player_choice":"Simplicity","floor":31,"damage_taken":0}],"boss_relics":[{"not_picked":["Philosopher\u0027s Stone","Runic Pyramid"],"picked":"Sozu"},{"not_picked":["Eternal Feather","Calling Bell"],"picked":"Black Star"}],"potions_floor_spawned":[1,4,12,13,18,21,27,30,35,39,41,48],"seed_played":"8273043541624033450","ascension_level":6,"is_trial":false}