{"gold_per_floor":[20,30,49,49,65,140,140,140,140,140,152,182,182,199,199,199],"floor_reached":16,"playtime":556,"items_purged":[],"score":112,"play_id":"3e1a422f-2c25-41bc-b523-053ac2638aa5","local_time":"20180730010256","is_ascension_mode":true,"campfire_choices":[{"data":"Machine Learning","floor":7,"key":"SMITH"},{"floor":10,"key":"REST"},{"floor":13,"key":"REST"},{"floor":15,"key":"REST"}],"neow_cost":"NO_GOLD","seed_source_timestamp":1561204224750995,"circlet_count":0,"master_deck":["Strike_B","Strike_B","Strike_B","Defend_B","Defend_B","Defend_B","Defend_B","Zap","Dualcast","Machine Learning+1","Compile Driver","Capacitor","Capacitor","White Noise","Hello World"],"relics":["Cracked Core","Darkstone Periapt","Ancient Tea Set"],"potions_floor_usage":[5,16,16],"damage_taken":[{"damage":1,"enemies":"Cultist","floor":1,"turns":4},{"damage":2,"enemies":"Jaw Worm","floor":2,"turns":3},{"damage":4,"enemies":"2 Louse","floor":3,"turns":3},{"damage":12,"enemies":"Looter","floor":5,"turns":3},{"damage":0,"enemies":"Large Slime","floor":11,"turns":4},{"damage":49,"enemies":"Lagavulin","floor":12,"turns":6},{"damage":9,"enemies":"2 Fungi Beasts","floor":14,"turns":4},{"damage":57,"enemies":"Hexaghost","floor":16,"turns":9}],"seed_played":"-176099106442745719","potions_obtained":[{"floor":1,"key":"Fire Potion"},{"floor":3,"key":"GamblersBrew"},{"floor":12,"key":"EssenceOfSteel"}],"is_trial":false,"path_per_floor":["M","M","M","$","M","?","R","?","T","R","M","E","R","M","R"],"character_chosen":"DEFECT","items_purchased":[],"campfire_rested":3,"item_purchase_floors":[],"current_hp_per_floor":[74,72,68,68,56,45,45,45,45,67,67,18,40,31,53,0],"gold":199,"neow_bonus":"THREE_RARE_CARDS","is_prod":false,"is_daily":false,"chose_seed":false,"campfire_upgraded":1,"win_rate":0,"timestamp":1532905376,"path_taken":["M","?","M","$","?","?","R","?","T","R","M","E","R","M","R","BOSS"],"build_version":"2018-07-26","purchased_purges":0,"victory":false,"max_hp_per_floor":[75,75,75,75,75,75,75,75,75,75,75,75,75,75,75,75],"card_choices":[{"not_picked":["Fission","Meteor Strike"],"picked":"Machine Learning","floor":0},{"not_picked":["Lockon","Chill","Barrage"],"picked":"SKIP","floor":1},{"not_picked":["Streamline","Cold Snap"],"picked":"Compile Driver","floor":2},{"not_picked":["Stack","Doom and Gloom","Beam Cell"],"picked":"SKIP","floor":3},{"not_picked":["Streamline","White Noise"],"picked":"Capacitor","floor":5},{"not_picked":["Streamline","Go for the Eyes"],"picked":"Capacitor","floor":11},{"not_picked":["Beam Cell","Static Discharge"],"picked":"White Noise","floor":12},{"not_picked":["Turbo","Ball Lightning"],"picked":"Hello World","floor":14}],"player_experience":335000,"relics_obtained":[{"floor":9,"key":"Darkstone Periapt"},{"floor":12,"key":"Ancient Tea Set"}],"event_choices":[{"event_name":"World of Goop","player_choice":"Gather Gold","floor":6,"damage_taken":0},{"event_name":"Living Wall","player_choice":"Forget","floor":8,"damage_taken":0}],"is_beta":false,"boss_relics":[],"items_purged_floors":[],"is_endless":false,"potions_floor_spawned":[1,3,12],"killed_by":"Hexaghost","ascension_level":2}