{"gold_per_floor":[111,126,126,126,140,140,140,155,155,155,168,184,184,184],"floor_reached":14,"playtime":164,"items_purged":[],"score":164,"play_id":"8929db27-c9ab-476d-9878-131002ab3cbc","local_time":"20190207120234","is_ascension_mode":true,"campfire_choices":[{"data":"Bash","floor":6,"key":"SMITH"},{"data":"Sword Boomerang","floor":13,"key":"SMITH"}],"neow_cost":"NONE","seed_source_timestamp":234448625589046,"circlet_count":0,"master_deck":["AscendersBane","Strike_R","Strike_R","Strike_R","Strike_R","Strike_R","Defend_R","Defend_R+1","Defend_R","Defend_R+1","Bash+1","Thunderclap+1","Twin Strike","Rupture","Dropkick","Sword Boomerang+1"],"relics":["Burning Blood","NeowsBlessing","Matryoshka"],"potions_floor_usage":[12],"damage_taken":[{"damage":0,"enemies":"Cultist","floor":1,"turns":1},{"damage":0,"enemies":"Small Slimes","floor":2,"turns":1},{"damage":0,"enemies":"2 Louse","floor":5,"turns":1},{"damage":14,"enemies":"Looter","floor":8,"turns":3},{"damage":15,"enemies":"Red Slaver","floor":11,"turns":3},{"damage":0,"enemies":"2 Fungi Beasts","floor":12,"turns":1},{"damage":0,"enemies":"Exordium Thugs","floor":14,"turns":2}],"seed_played":"2827278609968028390","potions_obtained":[{"floor":2,"key":"Dexterity Potion"},{"floor":8,"key":"Fire Potion"}],"is_trial":false,"path_per_floor":["M","M","?","?","M","R","$","M","T","?","M","M","R","M"],"character_chosen":"IRONCLAD","items_purchased":[],"campfire_rested":0,"item_purchase_floors":[],"current_hp_per_floor":[74,75,52,52,58,58,58,50,50,50,41,47,47,47],"gold":184,"neow_bonus":"THREE_ENEMY_KILL","is_prod":false,"is_daily":false,"chose_seed":false,"campfire_upgraded":2,"win_rate":0,"timestamp":1549558954,"path_taken":["M","?","?","?","M","R","$","M","T","?","M","M","R","M"],"build_version":"2019-01-23","purchased_purges":0,"victory":false,"max_hp_per_floor":[75,75,75,75,75,75,75,75,75,75,75,75,75,75],"card_choices":[{"not_picked":["Combust","Wild Strike"],"picked":"Thunderclap","floor":1},{"not_picked":["Shrug It Off","Metallicize"],"picked":"Twin Strike","floor":2},{"not_picked":["Clash","Shrug It Off"],"picked":"Rupture","floor":5},{"not_picked":["Sentinel","Perfected Strike"],"picked":"Dropkick","floor":8},{"not_picked":["Anger","Power Through","Perfected Strike"],"picked":"SKIP","floor":11},{"not_picked":["Pommel Strike","Warcry"],"picked":"Sword Boomerang","floor":12}],"player_experience":834888,"relics_obtained":[{"floor":9,"key":"Matryoshka"}],"event_choices":[{"damage_healed":0,"gold_gain":0,"player_choice":"Entered Light","damage_taken":23,"max_hp_gain":0,"max_hp_loss":0,"event_name":"Shining Light","floor":3,"gold_loss":0,"cards_upgraded":["Defend_R","Defend_R"]},{"damage_healed":0,"gold_gain":0,"player_choice":"Grow","damage_taken":0,"max_hp_gain":0,"max_hp_loss":0,"event_name":"Living Wall","floor":4,"gold_loss":0,"cards_upgraded":["Thunderclap"]},{"damage_healed":0,"gold_gain":0,"player_choice":"Fled","damage_taken":0,"max_hp_gain":0,"max_hp_loss":0,"event_name":"Scrap Ooze","floor":10,"gold_loss":0}],"is_beta":false,"boss_relics":[],"items_purged_floors":[],"is_endless":false,"potions_floor_spawned":[2,8],"killed_by":"Exordium Thugs","ascension_level":20}