{"gold_per_floor":[109,124,142,142,155,135,135,135,135,135,151,151,174,99,99,225,225,240,256,256,272,272],"floor_reached":22,"playtime":829,"items_purged":["Pain"],"score":249,"play_id":"8e5771fb-5eff-4a27-a995-4327a9ce0a01","local_time":"20180814020952","is_ascension_mode":true,"campfire_choices":[{"floor":7,"key":"REST"},{"data":"Zap","floor":10,"key":"SMITH"},{"data":"Dualcast","floor":12,"key":"SMITH"},{"data":"Scrape","floor":15,"key":"SMITH"}],"neow_cost":"CURSE","seed_source_timestamp":261267723187356,"circlet_count":0,"master_deck":["Strike_B","Strike_B","Strike_B","Defend_B","Defend_B","Defend_B","Zap+1","Dualcast+1","Rebound","Stack","Rebound","Scrape+1","Echo Form","Redo+1"],"relics":["Cracked Core","Golden Idol","Pantograph","Busted Crown"],"potions_floor_usage":[5,16,16,19,21],"damage_taken":[{"damage":0,"enemies":"2 Louse","floor":1,"turns":2},{"damage":3,"enemies":"Cultist","floor":2,"turns":3},{"damage":21,"enemies":"Small Slimes","floor":3,"turns":4},{"damage":13,"enemies":"Blue Slaver","floor":5,"turns":3},{"damage":7,"enemies":"2 Fungi Beasts","floor":11,"turns":3},{"damage":10,"enemies":"3 Louse","floor":13,"turns":3},{"damage":41,"enemies":"The Guardian","floor":16,"turns":12},{"damage":26,"enemies":"3 Byrds","floor":18,"turns":5},{"damage":2,"enemies":"Chosen","floor":19,"turns":3},{"damage":45,"enemies":"Centurion and Healer","floor":21,"turns":6},{"damage":14,"enemies":"Snecko","floor":22,"turns":3}],"seed_played":"-1048755703591183452","potions_obtained":[{"floor":3,"key":"SpeedPotion"},{"floor":4,"key":"Fruit Juice"},{"floor":4,"key":"Swift Potion"},{"floor":4,"key":"Fire Potion"},{"floor":5,"key":"Ancient Potion"},{"floor":18,"key":"Swift Potion"}],"is_trial":false,"path_per_floor":["M","M","M","?","M","?","R","?","T","R","M","R","M","$","R","B",null,"M","M","?","M"],"character_chosen":"DEFECT","items_purchased":[],"campfire_rested":1,"item_purchase_floors":[],"current_hp_per_floor":[68,65,44,44,36,36,60,60,60,60,53,53,43,43,43,27,62,36,34,58,13,0],"gold":272,"neow_bonus":"TRANSFORM_TWO_CARDS","is_prod":false,"is_daily":false,"chose_seed":false,"campfire_upgraded":3,"win_rate":0,"timestamp":1534205392,"path_taken":["M","M","M","?","M","?","R","?","T","R","M","R","M","?","R","BOSS","M","M","?","M","M"],"build_version":"2018-08-09","purchased_purges":1,"victory":false,"max_hp_per_floor":[75,75,75,75,80,80,80,74,74,74,74,74,74,74,74,74,74,74,74,74,74,74],"card_choices":[{"not_picked":["Heatsinks","Sunder","Compile Driver"],"picked":"SKIP","floor":1},{"not_picked":["Redo","Hologram","Genetic Algorithm"],"picked":"SKIP","floor":2},{"not_picked":["Leap","Sweeping Beam","Beam Cell"],"picked":"SKIP","floor":3},{"not_picked":["Capacitor","Fusion"],"picked":"Rebound","floor":5},{"not_picked":["Recycle","Coolheaded","Reprogram"],"picked":"SKIP","floor":11},{"not_picked":["Streamline","Ball Lightning"],"picked":"Scrape","floor":13},{"not_picked":["Seek","Electrodynamics"],"picked":"Echo Form","floor":16},{"not_picked":[],"picked":"Redo+1","floor":18},{"not_picked":["Undo"],"picked":"SKIP","floor":19},{"not_picked":["Beam Cell"],"picked":"SKIP","floor":21}],"player_experience":457392,"relics_obtained":[{"floor":9,"key":"Pantograph"}],"event_choices":[{"event_name":"The Lab","player_choice":"Got Potions","floor":4,"damage_taken":0},{"event_name":"World of Goop","player_choice":"Left","floor":6,"damage_taken":0},{"event_name":"Golden Idol","player_choice":"Lose Max HP","floor":8,"damage_taken":0},{"event_name":"The Library","player_choice":"Heal","floor":20,"damage_taken":0}],"is_beta":false,"boss_relics":[{"not_picked":["Coffee Dripper","Black Star"],"picked":"Busted Crown"}],"items_purged_floors":[14],"is_endless":false,"potions_floor_spawned":[3,5,18],"killed_by":"Snecko","ascension_level":8}