{"gold_per_floor":[119,181,31,46,46,46,75,94,172,172,191,202,225,5,5,5],"floor_reached":16,"playtime":335,"items_purged":[],"score":250,"play_id":"3f888550-9cb4-43d7-a3c4-e2fc64a2f7de","local_time":"20190326151851","is_ascension_mode":true,"campfire_choices":[{"data":"Streamline","floor":6.0,"key":"SMITH"},{"data":"Zap","floor":15,"key":"SMITH"}],"neow_cost":"NONE","seed_source_timestamp":0,"circlet_count":0,"master_deck":["AscendersBane","Strike_B","Strike_B","Strike_B","Defend_B","Defend_B","Defend_B","Defend_B","Zap+1","Dualcast","Streamline+1","Echo Form","Turbo","Coolheaded","Core Surge","Steam","Rip and Tear"],"special_seed":0,"relics":["Cracked Core","NeowsBlessing","Art of War","Tiny Chest","Dream Catcher","ClockworkSouvenir"],"potions_floor_usage":[11,11,12,12],"damage_taken":[{"damage":0.0,"enemies":"Small Slimes","floor":1.0,"turns":1.0},{"damage":0.0,"enemies":"Cultist","floor":4.0,"turns":1.0},{"damage":0.0,"enemies":"3 Sentries","floor":7.0,"turns":1.0},{"damage":1.0,"enemies":"2 Louse","floor":8.0,"turns":2.0},{"damage":28,"enemies":"Gremlin Gang","floor":11,"turns":3},{"damage":16,"enemies":"Exordium Wildlife","floor":12,"turns":6},{"damage":34,"enemies":"Hexaghost","floor":16,"turns":9}],"seed_played":"-8594321389500288723","potions_obtained":[{"floor":4.0,"key":"FearPotion"},{"floor":5.0,"key":"EntropicBrew"}],"is_trial":false,"path_per_floor":["M","?","$","M","?","R","E","M","T","?","M","M","T","$","R","B"],"character_chosen":"DEFECT","items_purchased":["Echo Form","ClockworkSouvenir"],"campfire_rested":0,"item_purchase_floors":[3,14],"current_hp_per_floor":[64,64,64,64,64,64,64,63,63,63,35,34,34,34,34,0],"gold":5,"neow_bonus":"THREE_ENEMY_KILL","is_prod":false,"is_daily":false,"chose_seed":false,"campfire_upgraded":2,"win_rate":0,"timestamp":1553627931,"path_taken":["M","?","$","M","?","R","E","?","T","?","M","?","?","?","R","BOSS"],"build_version":"2019-01-23","purchased_purges":0,"victory":false,"max_hp_per_floor":[71,71,71,71,71,71,71,71,71,71,71,71,71,71,71,71],"card_choices":[{"not_picked":["Coolheaded","Go for the Eyes"],"picked":"Streamline","floor":1.0},{"not_picked":["Leap","Force Field"],"picked":"Turbo","floor":4.0},{"not_picked":["Redo","Recycle"],"picked":"Coolheaded","floor":7.0},{"not_picked":["Force Field","Turbo"],"picked":"Core Surge","floor":8.0},{"not_picked":["Go for the Eyes","Skim"],"picked":"Steam","floor":11},{"not_picked":["Ball Lightning","Barrage"],"picked":"Rip and Tear","floor":12}],"player_experience":879874,"relics_obtained":[{"floor":7.0,"key":"Art of War"},{"floor":9.0,"key":"Tiny Chest"},{"floor":13,"key":"Dream Catcher"}],"event_choices":[{"damage_healed":0.0,"max_hp_gain":0.0,"max_hp_loss":0.0,"gold_gain":62.0,"event_name":"Golden Wing","player_choice":"Gained Gold","floor":2.0,"gold_loss":0.0,"damage_taken":0.0},{"damage_healed":0.0,"max_hp_gain":0.0,"max_hp_loss":0.0,"gold_gain":0.0,"event_name":"Lab","player_choice":"Got Potions","floor":5.0,"gold_loss":0.0,"damage_taken":0.0},{"cards_removed":["Strike_B"],"damage_healed":0.0,"max_hp_gain":0.0,"max_hp_loss":0.0,"gold_gain":0.0,"event_name":"Bonfire Elementals","player_choice":"Offered Basic","floor":10.0,"gold_loss":0.0,"damage_taken":0.0}],"is_beta":false,"boss_relics":[],"items_purged_floors":[],"is_endless":false,"potions_floor_spawned":[4,7,8,11],"killed_by":"Hexaghost","ascension_level":20}