{"gold_per_floor":[109,284,209,223,236,110,110,120,172,192,204,204,215,229,229,334,334,346,363,363],"floor_reached":20,"playtime":519,"items_purged":["Doubt","Flex"],"score":170,"play_id":"9231cfe9-f674-4b5f-a487-2842b280815a","local_time":"20180805134236","is_ascension_mode":false,"campfire_choices":[{"data":"Flex","floor":7,"key":"SMITH"},{"data":"Armaments","floor":12,"key":"SMITH"},{"floor":15,"key":"REST"}],"neow_cost":"NONE","seed_source_timestamp":58472852495179,"circlet_count":0,"master_deck":["Strike_R","Strike_R","Strike_R","Strike_R","Strike_R","Defend_R","Defend_R","Defend_R","Defend_R","Bash","Armaments+1","Thunderclap","Flex+1","Spot Weakness","Sword Boomerang","Sword Boomerang","Shrug It Off","Offering","Limit Break","Burning Pact"],"relics":["Philosopher\u0027s Stone"],"potions_floor_usage":[10,10,16,19,19],"damage_taken":[{"damage":9,"enemies":"2 Louse","floor":1,"turns":2},{"damage":3,"enemies":"Jaw Worm","floor":4,"turns":3},{"damage":0,"enemies":"Cultist","floor":5,"turns":3},{"damage":12,"enemies":"Looter","floor":8,"turns":2},{"damage":15,"enemies":"Exordium Thugs","floor":10,"turns":3},{"damage":0,"enemies":"Large Slime","floor":11,"turns":4},{"damage":4,"enemies":"Blue Slaver","floor":13,"turns":2},{"damage":15,"enemies":"Red Slaver","floor":14,"turns":2},{"damage":37,"enemies":"Hexaghost","floor":16,"turns":5},{"damage":12,"enemies":"Spheric Guardian","floor":18,"turns":3},{"damage":40,"enemies":"3 Byrds","floor":19,"turns":4},{"damage":29,"enemies":"Snake Plant","floor":20,"turns":2}],"seed_played":"3359931848537985663","potions_obtained":[{"floor":1,"key":"LiquidBronze"},{"floor":4,"key":"LiquidBronze"},{"floor":10,"key":"Strength Potion"},{"floor":13,"key":"PowerPotion"},{"floor":16,"key":"Fire Potion"}],"is_trial":false,"path_per_floor":["M","?","$","M","M","$","R","M","T","M","M","R","M","M","R","B",null,"M","M"],"character_chosen":"IRONCLAD","items_purchased":["Flex"],"campfire_rested":1,"item_purchase_floors":[6],"current_hp_per_floor":[71,71,71,68,68,68,68,56,56,41,41,41,37,22,46,9,80,68,28,0],"gold":363,"neow_bonus":"BOSS_RELIC","is_prod":false,"is_daily":false,"chose_seed":false,"campfire_upgraded":2,"win_rate":0,"timestamp":1533447756,"path_taken":["M","?","$","?","M","$","R","M","T","M","M","R","M","M","R","BOSS","M","M","M"],"build_version":"2018-08-02","purchased_purges":2,"victory":false,"max_hp_per_floor":[80,80,80,80,80,80,80,80,80,80,80,80,80,80,80,80,80,80,80,80],"card_choices":[{"not_picked":["Flame Barrier","Headbutt"],"picked":"Armaments","floor":1},{"not_picked":["Iron Wave","Fire Breathing"],"picked":"Flex","floor":4},{"not_picked":["Spot Weakness","Fire Breathing"],"picked":"Thunderclap","floor":5},{"not_picked":["Wild Strike","Iron Wave"],"picked":"Spot Weakness","floor":8},{"not_picked":["True Grit","Carnage"],"picked":"Sword Boomerang","floor":10},{"not_picked":["Thunderclap","Clothesline"],"picked":"Sword Boomerang","floor":11},{"not_picked":["Warcry","Flex"],"picked":"Shrug It Off","floor":13},{"not_picked":["Rage","Headbutt"],"picked":"Offering","floor":14},{"not_picked":["Offering","Reaper"],"picked":"Limit Break","floor":16},{"not_picked":["Power Through","Metallicize+1"],"picked":"Burning Pact","floor":18},{"not_picked":["Searing Blow","Clothesline","Ghostly Armor+1"],"picked":"SKIP","floor":19}],"player_experience":331440,"relics_obtained":[],"event_choices":[{"event_name":"Liars Game","player_choice":"agreed","floor":2,"damage_taken":0}],"is_beta":false,"boss_relics":[{"not_picked":["Black Star","Pandora\u0027s Box","Coffee Dripper"]}],"items_purged_floors":[3,6],"is_endless":false,"potions_floor_spawned":[1,4,10,13,16],"killed_by":"Snake Plant","ascension_level":0}