{"gold_per_floor":[110,185,185,64,76,76,410,410,410,410,427,462,44,57,57,134,134,145,161,161,211,231,231,262,262,262,290,309,325,325,325,325,398,398,409,409,220,231,257,283,283,313,313,313,342,342,342,393,393,393,393,393,393,38,66,66],"floor_reached":57,"playtime":2152,"items_purged":["Strike_B","Strike_B+1","Strike_B+1"],"score":3214,"play_id":"069e19a2-21a7-4257-b5d9-91b1aac4b353","local_time":"20190425000443","is_ascension_mode":true,"campfire_choices":[{"data":"Chaos","floor":6.0,"key":"SMITH"},{"data":"Darkness","floor":8.0,"key":"SMITH"},{"data":"Defragment","floor":15.0,"key":"SMITH"},{"floor":23.0,"key":"REST"},{"floor":25.0,"key":"REST"},{"data":"Dualcast","floor":30.0,"key":"SMITH"},{"data":"Redo","floor":32.0,"key":"SMITH"},{"data":"Enlightenment","floor":41.0,"key":"SMITH"},{"data":"Coolheaded","floor":44.0,"key":"SMITH"},{"data":"Creative AI","floor":47.0,"key":"SMITH"},{"floor":49.0,"key":"RECALL"},{"data":"Coolheaded","floor":53.0,"key":"SMITH"}],"neow_cost":"NONE","seed_source_timestamp":1324725533009,"circlet_count":0,"master_deck":["AscendersBane","Defend_B+1","Defend_B+1","Defend_B+1","Defend_B+1","Zap+1","Dualcast+1","Turbo+1","Chaos+1","Darkness+1","Thunder Strike+1","Cold Snap+1","Seek+1","Defragment+1","Hologram+1","Ball Lightning+1","Meteor Strike+1","Compile Driver+1","Coolheaded+1","Turbo+1","Electrodynamics+1","Redo+1","BootSequence+1","Chaos+1","Ghostly+1","Ghostly+1","Ghostly+1","Meteor Strike+1","Enlightenment+1","Creative AI+1","Coolheaded+1","Heatsinks+1","Coolheaded+1","Loop+1","Jack Of All Trades","Compile Driver+1"],"special_seed":0,"relics":["FrozenCore","NeowsBlessing","Old Coin","Mummified Hand","MawBank","ClockworkSouvenir","Nuclear Battery","Enchiridion","Bottled Tornado","Shuriken","Mark of the Bloom","Happy Flower","Pocketwatch","Kunai","Frozen Egg 2","Boot","Torii","Whetstone"],"potions_floor_usage":[56,56],"damage_taken":[{"damage":0.0,"enemies":"Small Slimes","floor":1.0,"turns":1.0},{"damage":0.0,"enemies":"2 Louse","floor":5.0,"turns":1.0},{"damage":0.0,"enemies":"Gremlin Nob","floor":7.0,"turns":1.0},{"damage":0.0,"enemies":"Jaw Worm","floor":11.0,"turns":3.0},{"damage":22.0,"enemies":"3 Sentries","floor":12.0,"turns":8.0},{"damage":8.0,"enemies":"Blue Slaver","floor":14.0,"turns":3.0},{"damage":13.0,"enemies":"The Guardian","floor":16.0,"turns":8.0},{"damage":8.0,"enemies":"Shell Parasite","floor":18.0,"turns":2.0},{"damage":0.0,"enemies":"Spheric Guardian","floor":19.0,"turns":3.0},{"damage":10.0,"enemies":"Cultist and Chosen","floor":22.0,"turns":4.0},{"damage":25.0,"enemies":"Slavers","floor":24.0,"turns":4.0},{"damage":22.0,"enemies":"Book of Stabbing","floor":27.0,"turns":4.0},{"damage":0.0,"enemies":"3 Cultists","floor":28.0,"turns":3.0},{"damage":1.0,"enemies":"Centurion and Healer","floor":29.0,"turns":4.0},{"damage":8.0,"enemies":"Collector","floor":33.0,"turns":7.0},{"damage":22.0,"enemies":"3 Darklings","floor":35.0,"turns":7.0},{"damage":0.0,"enemies":"3 Shapes","floor":38.0,"turns":3.0},{"damage":0.0,"enemies":"Nemesis","floor":40.0,"turns":3.0},{"damage":0.0,"enemies":"Reptomancer","floor":42.0,"turns":5.0},{"damage":1.0,"enemies":"Nemesis","floor":45.0,"turns":7.0},{"damage":2.0,"enemies":"2 Orb Walkers","floor":48.0,"turns":2.0},{"damage":0.0,"enemies":"Donu and Deca","floor":50.0,"turns":6.0},{"damage":0.0,"enemies":"Awakened One","floor":51.0,"turns":5.0},{"damage":0.0,"enemies":"Shield and Spear","floor":55.0,"turns":4.0},{"damage":2,"enemies":"The Heart","floor":56,"turns":6}],"seed_played":"-6227278731396500116","potions_obtained":[{"floor":5.0,"key":"Swift Potion"},{"floor":11.0,"key":"Poison Potion"},{"floor":12.0,"key":"EntropicBrew"},{"floor":16.0,"key":"SneckoOil"},{"floor":27.0,"key":"Swift Potion"},{"floor":29.0,"key":"SkillPotion"},{"floor":35.0,"key":"Energy Potion"},{"floor":55.0,"key":"SkillPotion"}],"is_trial":false,"path_per_floor":["M","?","?","$","M","R","E","R","T","?","M","E","$","M","R","B",null,"M","M","?","?","M","R","E","R","T","E","M","M","R","?","R","B",null,"M","?","$","M","T","E","R","E","T","R","E","?","R","?","R","B","B",null,"R","$","E","B",null],"character_chosen":"DEFECT","items_purchased":["Chaos","Darkness","ClockworkSouvenir","Defragment","Hologram","Enlightenment","Loop+1","SkillPotion","Jack Of All Trades"],"campfire_rested":2,"item_purchase_floors":[4,4,13,13,13,37,54,54,54],"current_hp_per_floor":[64,53,58,58,58,58,58,58,58,51,51,29,29,21,21,8,59,51,51,30,30,20,42,17,39,39,17,17,16,16,16,16,8,31,9,9,9,9,9,9,9,9,9,9,8,8,8,6,6,6,6,6,6,6,6,4],"gold":66,"neow_bonus":"THREE_ENEMY_KILL","is_prod":false,"is_daily":false,"chose_seed":false,"campfire_upgraded":9,"win_rate":0,"timestamp":1556121883,"path_taken":["M","?","?","$","M","R","E","R","T","?","M","E","?","?","R","BOSS","M","M","?","?","M","R","E","R","T","E","M","M","R","?","R","BOSS","M","?","$","M","?","E","R","E","T","R","E","?","R","?","R","BOSS","BOSS","R","$","E","BOSS"],"build_version":"2019-01-23","purchased_purges":3,"victory":true,"max_hp_per_floor":[71,71,76,76,76,76,76,76,76,76,76,76,76,76,76,76,76,76,76,76,76,76,76,76,76,76,76,76,76,76,38,38,38,38,38,38,38,38,38,38,38,38,38,38,38,36,36,36,36,36,36,36,36,36,36,36],"card_choices":[{"not_picked":["Gash","Cold Snap"],"picked":"Turbo","floor":1.0},{"not_picked":["Beam Cell","Redo"],"picked":"Thunder Strike","floor":5.0},{"not_picked":["Redo","Gash"],"picked":"Cold Snap","floor":7.0},{"not_picked":["Rebound","Darkness","Streamline"],"picked":"SKIP","floor":11.0},{"not_picked":["Beam Cell","Compile Driver"],"picked":"Seek","floor":12.0},{"not_picked":["Coolheaded","Sweeping Beam"],"picked":"Ball Lightning","floor":14.0},{"not_picked":["Core Surge","Seek"],"picked":"Meteor Strike","floor":16.0},{"not_picked":["Steam Power","White Noise"],"picked":"Compile Driver","floor":18.0},{"not_picked":["Rip and Tear","Aggregate"],"picked":"Coolheaded+1","floor":19.0},{"not_picked":["Aggregate","Compile Driver"],"picked":"Turbo+1","floor":22.0},{"not_picked":["Hologram","Barrage"],"picked":"Electrodynamics","floor":24.0},{"not_picked":["Gash","Chaos"],"picked":"Redo","floor":27.0},{"not_picked":["FTL","Turbo"],"picked":"BootSequence+1","floor":28.0},{"not_picked":["Scrape","Streamline"],"picked":"Chaos+1","floor":29.0},{"not_picked":["Electrodynamics","Rainbow"],"picked":"Meteor Strike","floor":33.0},{"not_picked":["Sweeping Beam","FTL","Cold Snap"],"picked":"SKIP","floor":35.0},{"not_picked":["Barrage","Stack","Storm+1"],"picked":"SKIP","floor":38.0},{"not_picked":["Gash","Rebound"],"picked":"Creative AI","floor":40.0},{"not_picked":["Sweeping Beam","Turbo"],"picked":"Coolheaded","floor":42.0},{"not_picked":["Steam","Rainbow"],"picked":"Heatsinks+1","floor":45.0},{"not_picked":["White Noise","Cold Snap"],"picked":"Coolheaded","floor":48.0},{"not_picked":["Chill","Cold Snap+1"],"picked":"Compile Driver","floor":55.0}],"player_experience":1470866,"relics_obtained":[{"floor":7.0,"key":"Old Coin"},{"floor":9.0,"key":"Mummified Hand"},{"floor":12.0,"key":"MawBank"},{"floor":20.0,"key":"Enchiridion"},{"floor":24.0,"key":"Bottled Tornado"},{"floor":27.0,"key":"Shuriken"},{"floor":39.0,"key":"Happy Flower"},{"floor":40.0,"key":"Pocketwatch"},{"floor":42.0,"key":"Kunai"},{"floor":43.0,"key":"Frozen Egg 2"},{"floor":45.0,"key":"Boot"},{"floor":48.0,"key":"Torii"},{"floor":55.0,"key":"Whetstone"}],"event_choices":[{"damage_healed":0.0,"max_hp_gain":0.0,"max_hp_loss":0.0,"gold_gain":75.0,"event_name":"World of Goop","player_choice":"Gather Gold","floor":2.0,"gold_loss":0.0,"damage_taken":11.0},{"damage_healed":0.0,"max_hp_gain":5.0,"max_hp_loss":0.0,"gold_gain":0.0,"event_name":"Big Fish","player_choice":"Donut","floor":3.0,"gold_loss":0.0,"damage_taken":0.0},{"cards_removed":["Strike_B"],"damage_healed":0.0,"max_hp_gain":0.0,"max_hp_loss":0.0,"gold_gain":0.0,"event_name":"Golden Wing","player_choice":"Card Removal","floor":10.0,"gold_loss":0.0,"damage_taken":7.0},{"damage_healed":0.0,"max_hp_gain":0.0,"max_hp_loss":0.0,"gold_gain":0.0,"event_name":"Cursed Tome","player_choice":"Obtained Book","floor":20.0,"gold_loss":0.0,"damage_taken":21.0},{"damage_healed":0.0,"max_hp_gain":0.0,"max_hp_loss":0.0,"gold_gain":50.0,"event_name":"Nest","player_choice":"Stole From Cult","floor":21.0,"gold_loss":0.0,"damage_taken":0.0},{"damage_healed":0.0,"max_hp_gain":0.0,"max_hp_loss":38.0,"gold_gain":0.0,"event_name":"Ghosts","player_choice":"Became a Ghost","floor":31.0,"gold_loss":0.0,"damage_taken":0.0,"cards_obtained":["Ghostly","Ghostly","Ghostly"]},{"damage_healed":0.0,"max_hp_gain":0.0,"max_hp_loss":0.0,"gold_gain":0.0,"event_name":"MindBloom","player_choice":"Upgrade","floor":36.0,"gold_loss":0.0,"damage_taken":0.0,"cards_upgraded":["Strike_B","Strike_B","Defend_B","Defend_B","Defend_B","Defend_B","Zap","Turbo","Thunder Strike","Cold Snap","Seek","Hologram","Ball Lightning","Meteor Strike","Compile Driver","Electrodynamics","Ghostly","Ghostly","Ghostly","Meteor Strike"],"relics_obtained":["Mark of the Bloom"]},{"damage_healed":0.0,"max_hp_gain":0.0,"max_hp_loss":2.0,"gold_gain":0.0,"event_name":"Winding Halls","player_choice":"Max HP","floor":46.0,"gold_loss":0.0,"damage_taken":0.0},{"damage_healed":0.0,"max_hp_gain":0.0,"max_hp_loss":0.0,"gold_gain":0.0,"event_name":"Mysterious Sphere","player_choice":"Fight","floor":48.0,"gold_loss":0.0,"damage_taken":0.0}],"is_beta":false,"boss_relics":[{"not_picked":["White Beast Statue","Orrery"],"picked":"Nuclear Battery"},{"not_picked":["Sozu","Velvet Choker"],"picked":"FrozenCore"}],"items_purged_floors":[13,37,54],"is_endless":false,"potions_floor_spawned":[5,11,12,16,18,27,29,35,38,42,55],"ascension_level":20}