{"gold_per_floor":[110,122,122,21,36,36,69,69,69,69,80,113,125,152,152,152],"floor_reached":16,"playtime":480,"items_purged":["Strike_R"],"score":168,"play_id":"c7cc4273-83d4-4247-899b-11116c51105b","local_time":"20190417121913","is_ascension_mode":true,"campfire_choices":[{"data":"Hemokinesis","floor":6,"key":"SMITH"},{"data":"Battle Trance","floor":8,"key":"SMITH"},{"floor":15,"key":"REST"}],"neow_cost":"NONE","seed_source_timestamp":532633488851000,"circlet_count":0,"master_deck":["Strike_R","Strike_R","Strike_R","Strike_R","Defend_R","Defend_R","Defend_R","Defend_R","Bash","Hemokinesis+1","Battle Trance+1","Shrug It Off","Burning Pact","Double Tap+1"],"relics":["Burning Blood","Ancient Tea Set","Gambling Chip","Pocketwatch","Boot","Molten Egg 2"],"potions_floor_usage":[7,11,16,16],"damage_taken":[{"damage":7,"enemies":"2 Louse","floor":1,"turns":4},{"damage":10,"enemies":"Small Slimes","floor":2,"turns":3},{"damage":3,"enemies":"Cultist","floor":5,"turns":3},{"damage":20,"enemies":"Gremlin Nob","floor":7,"turns":3},{"damage":6,"enemies":"Large Slime","floor":11,"turns":3},{"damage":43,"enemies":"3 Sentries","floor":12,"turns":7},{"damage":14,"enemies":"3 Louse","floor":13,"turns":3},{"damage":20,"enemies":"Lagavulin","floor":14,"turns":3},{"damage":35,"enemies":"Slime Boss","floor":16,"turns":5}],"seed_played":"6575119812009708213","potions_obtained":[{"floor":2,"key":"FearPotion"},{"floor":5,"key":"GamblersBrew"},{"floor":7,"key":"Fruit Juice"},{"floor":12,"key":"Fire Potion"}],"is_trial":false,"path_per_floor":["M","M","?","$","M","R","E","R","T","?","M","E","M","E","R","B"],"character_chosen":"IRONCLAD","items_purchased":["Shrug It Off"],"campfire_rested":1,"item_purchase_floors":[4],"current_hp_per_floor":[71,67,72,72,75,75,61,61,61,61,66,29,21,7,34,0],"gold":152,"neow_bonus":"RANDOM_COMMON_RELIC","is_prod":false,"is_daily":false,"chose_seed":false,"campfire_upgraded":2,"win_rate":0,"timestamp":1555474753,"path_taken":["M","M","?","$","M","R","E","R","T","?","M","E","M","E","R","BOSS"],"build_version":"2019-01-23","purchased_purges":1,"victory":false,"max_hp_per_floor":[80,80,85,85,85,85,85,85,85,85,90,90,90,90,90,90],"card_choices":[{"not_picked":["True Grit","Headbutt"],"picked":"Hemokinesis","floor":1},{"not_picked":["Shrug It Off","Clash"],"picked":"Battle Trance","floor":2},{"not_picked":["Flex","Iron Wave"],"picked":"Burning Pact","floor":5},{"not_picked":["Whirlwind","Sever Soul"],"picked":"Double Tap","floor":7},{"not_picked":["Hemokinesis","Shrug It Off","Twin Strike"],"picked":"SKIP","floor":11},{"not_picked":["Anger","Warcry","Armaments"],"picked":"SKIP","floor":12},{"not_picked":["Second Wind","Evolve","Sword Boomerang"],"picked":"SKIP","floor":13},{"not_picked":["Evolve","Limit Break","True Grit"],"picked":"SKIP","floor":14}],"player_experience":506230,"relics_obtained":[{"floor":7,"key":"Gambling Chip"},{"floor":9,"key":"Pocketwatch"},{"floor":12,"key":"Boot"},{"floor":14,"key":"Molten Egg 2"}],"event_choices":[{"damage_healed":0,"gold_gain":0,"player_choice":"Donut","damage_taken":0,"max_hp_gain":5,"max_hp_loss":0,"event_name":"Big Fish","floor":3,"gold_loss":0},{"damage_healed":0,"gold_gain":0,"player_choice":"Forge","damage_taken":0,"max_hp_gain":0,"max_hp_loss":0,"event_name":"Accursed Blacksmith","floor":10,"gold_loss":0,"cards_upgraded":["Double Tap"]}],"is_beta":false,"boss_relics":[],"items_purged_floors":[4],"is_endless":false,"potions_floor_spawned":[2,5,7,12],"killed_by":"Slime Boss","ascension_level":8}