{"gold_per_floor":[119,134,37,57,57,97,97,131,131,87,111,111],"floor_reached":12,"playtime":421,"items_purged":["Defend_B"],"score":106,"play_id":"d920b1f8-7f73-481b-a3af-ba8c5e79cbfb","local_time":"20190409002913","is_ascension_mode":true,"campfire_choices":[{"data":"Glacier","floor":7,"key":"SMITH"}],"neow_cost":"NONE","seed_source_timestamp":34314010457337,"circlet_count":0,"master_deck":["Strike_B","Strike_B","Strike_B","Strike_B","Defend_B","Defend_B","Defend_B","Zap","Dualcast","Glacier+1","Loop","Gash","Beam Cell","Gash","Ball Lightning","Go for the Eyes"],"relics":["Cracked Core","NeowsBlessing","Golden Idol","Incense Burner","Gambling Chip","Ice Cream"],"potions_floor_usage":[8,8,8],"damage_taken":[{"damage":0,"enemies":"Cultist","floor":1,"turns":1},{"damage":0,"enemies":"Small Slimes","floor":2,"turns":1},{"damage":0,"enemies":"2 Louse","floor":4,"turns":1},{"damage":36,"enemies":"Gremlin Nob","floor":6,"turns":4},{"damage":23,"enemies":"Lagavulin","floor":8,"turns":6},{"damage":2,"enemies":"2 Fungi Beasts","floor":11,"turns":3},{"damage":16,"enemies":"Gremlin Nob","floor":12,"turns":2}],"seed_played":"-2328056139924528379","potions_obtained":[{"floor":1,"key":"Swift Potion"},{"floor":4,"key":"Ancient Potion"},{"floor":6,"key":"Swift Potion"}],"is_trial":false,"path_per_floor":["M","M","$","M","?","E","R","E","T","?","M","E"],"character_chosen":"DEFECT","items_purchased":["Gash"],"campfire_rested":0,"item_purchase_floors":[3],"current_hp_per_floor":[75,75,75,75,69,33,33,10,10,10,8,0],"gold":111,"neow_bonus":"THREE_ENEMY_KILL","is_prod":false,"is_daily":false,"chose_seed":false,"campfire_upgraded":1,"win_rate":0,"timestamp":1554784153,"path_taken":["M","M","$","?","?","E","R","E","T","?","M","E"],"build_version":"2019-01-23","purchased_purges":1,"victory":false,"max_hp_per_floor":[75,75,75,75,69,69,69,69,69,69,69,69],"card_choices":[{"not_picked":["Sweeping Beam","Beam Cell"],"picked":"Glacier","floor":1},{"not_picked":["Stack","Chaos"],"picked":"Loop","floor":2},{"not_picked":["Coolheaded","Force Field"],"picked":"Beam Cell","floor":4},{"not_picked":["Sweeping Beam","Rebound"],"picked":"Gash","floor":6},{"not_picked":["Go for the Eyes","Sunder"],"picked":"Ball Lightning","floor":8},{"not_picked":["Static Discharge","Cold Snap"],"picked":"Go for the Eyes","floor":11}],"player_experience":217778,"relics_obtained":[{"floor":6,"key":"Incense Burner"},{"floor":8,"key":"Gambling Chip"},{"floor":9,"key":"Ice Cream"}],"event_choices":[{"damage_healed":0,"gold_gain":0,"player_choice":"Lose Max HP","damage_taken":0,"relics_obtained":["Golden Idol"],"max_hp_gain":0,"max_hp_loss":6,"event_name":"Golden Idol","floor":5,"gold_loss":0},{"damage_healed":0,"gold_gain":0,"player_choice":"Left Gold","damage_taken":0,"max_hp_gain":0,"max_hp_loss":0,"event_name":"World of Goop","floor":10,"gold_loss":44}],"is_beta":false,"boss_relics":[],"items_purged_floors":[3],"is_endless":false,"potions_floor_spawned":[1,4,6],"killed_by":"Gremlin Nob","ascension_level":4}