{"gold_per_floor":[116,116,130,146,156,156,156,156,156,173,192,117,151,51,51,150,150,162,37,0,0,14,14,14,49,49,49,61,61,79,92,92,92],"floor_reached":33,"playtime":810,"items_purged":["Defend_B","Strike_B","Defend_B"],"score":292,"play_id":"5a989816-c050-4c71-b32b-cd5b00396f7b","local_time":"20180716163800","is_ascension_mode":false,"campfire_choices":[{"data":"Defragment","floor":6,"key":"SMITH"},{"data":"Zap","floor":8,"key":"SMITH"},{"data":"Sunder","floor":15,"key":"SMITH"},{"data":"Recycle","floor":23,"key":"SMITH"},{"floor":32,"key":"REST"}],"neow_cost":"","seed_source_timestamp":112169488693324,"circlet_count":0,"master_deck":["Strike_B","Defend_B","Zap+1","Dualcast","Conserve Battery","FTL","Defragment+1","Sunder+1","Reboot","Recycle+1","Writhe","Reboot","Sunder","Static Discharge"],"relics":["Cracked Core","FaceOfCleric","Singing Bowl","Happy Flower","Empty Cage","Enchiridion","Dodecahedron","Mummified Hand","Blue Candle"],"potions_floor_usage":[5,16,18,30],"damage_taken":[{"damage":1,"enemies":"Cultist","floor":1,"turns":3},{"damage":8,"enemies":"Small Slimes","floor":3,"turns":3},{"damage":0,"enemies":"Jaw Worm","floor":4,"turns":2},{"damage":0,"enemies":"Large Slime","floor":5,"turns":4},{"damage":2,"enemies":"Exordium Thugs","floor":10,"turns":3},{"damage":0,"enemies":"Looter","floor":11,"turns":3},{"damage":17,"enemies":"Lagavulin","floor":13,"turns":5},{"damage":29,"enemies":"Slime Boss","floor":16,"turns":9},{"damage":0,"enemies":"Spheric Guardian","floor":18,"turns":2},{"damage":5,"enemies":"Shell Parasite","floor":22,"turns":2},{"damage":31,"enemies":"Gremlin Leader","floor":25,"turns":5},{"damage":0,"enemies":"Centurion and Healer","floor":28,"turns":3},{"damage":1,"enemies":"Snake Plant","floor":30,"turns":2},{"damage":20,"enemies":"Cultist and Chosen","floor":31,"turns":4},{"damage":65,"enemies":"Champ","floor":33,"turns":6}],"seed_played":"7746977078938971126","potions_obtained":[{"floor":1,"key":"Explosive Potion"},{"floor":3,"key":"Explosive Potion"},{"floor":13,"key":"AttackPotion"},{"floor":16,"key":"SteroidPotion"},{"floor":25,"key":"Block Potion"},{"floor":28,"key":"PowerPotion"},{"floor":31,"key":"EssenceOfSteel"}],"is_trial":false,"path_per_floor":["M","?","M","M","M","R","?","R","T","M","M","$","E","$","R","B",null,"M","$","?","?","M","R","?","E","T","?","M","$","M","M","R"],"character_chosen":"DEFECT","items_purchased":[],"campfire_rested":1,"item_purchase_floors":[],"current_hp_per_floor":[74,74,66,66,66,66,66,66,66,67,68,68,54,54,54,26,83,84,84,84,68,66,66,66,36,36,36,39,39,41,22,50,0],"gold":92,"neow_bonus":"","is_prod":false,"is_daily":false,"chose_seed":false,"campfire_upgraded":4,"win_rate":0,"timestamp":1531730280,"path_taken":["M","?","M","M","M","R","?","R","T","?","M","$","E","?","R","BOSS","M","$","?","?","M","R","?","E","T","?","M","$","M","M","R","BOSS"],"build_version":"2018-07-12","purchased_purges":3,"victory":false,"max_hp_per_floor":[75,75,75,75,75,75,75,75,75,78,79,79,82,82,82,83,83,84,84,84,84,87,87,87,88,88,88,91,91,94,95,95,95],"card_choices":[{"not_picked":["Glacier","Cold Snap"],"picked":"Conserve Battery","floor":1},{"not_picked":["Rebound","Sweeping Beam","Leap"],"picked":"SKIP","floor":3},{"not_picked":["Genetic Algorithm","Rainbow"],"picked":"FTL","floor":4},{"not_picked":["Loop","Steam"],"picked":"Defragment","floor":5},{"not_picked":["Turbo","Leap","Go for the Eyes"],"picked":"Singing Bowl","floor":10},{"not_picked":["Ball Lightning","BootSequence"],"picked":"Sunder","floor":11},{"not_picked":["Darkness","Gash","White Noise"],"picked":"Singing Bowl","floor":13},{"not_picked":["Rainbow","Hyperbeam"],"picked":"Reboot","floor":16},{"not_picked":["Steam","Rebound"],"picked":"Recycle","floor":18},{"not_picked":["Reinforced Body","Compile Driver","Leap"],"picked":"Singing Bowl","floor":22},{"not_picked":["Darkness","Barrage"],"picked":"Reboot","floor":25},{"not_picked":["Rebound+1","Streamline","Turbo"],"picked":"Singing Bowl","floor":28},{"not_picked":["Tempest","Chaos","Hello World+1"],"picked":"Singing Bowl","floor":30},{"not_picked":["Auto Shields+1","Lockon"],"picked":"Static Discharge","floor":31}],"player_experience":299103,"relics_obtained":[{"floor":9,"key":"Singing Bowl"},{"floor":13,"key":"Happy Flower"},{"floor":21,"key":"Enchiridion"},{"floor":25,"key":"Mummified Hand"},{"floor":26,"key":"Blue Candle"}],"event_choices":[{"event_name":"Living Wall","player_choice":"Forget","floor":2,"damage_taken":0},{"event_name":"FaceTrader","player_choice":"Trade","floor":7,"damage_taken":0},{"event_name":"Masked Bandits","player_choice":"Paid Bandits 37 gold","floor":20,"damage_taken":0},{"event_name":"Cursed Tome","player_choice":"Obtained Book","floor":21,"damage_taken":0},{"event_name":"The Mausoleum","player_choice":"Yes","floor":24,"damage_taken":0},{"event_name":"The Library","player_choice":"Read","floor":27,"damage_taken":0}],"boss_relics":[{"not_picked":["Philosopher\u0027s Stone","Fusion Hammer"],"picked":"Empty Cage"}],"items_purged_floors":[12,14,19],"is_endless":false,"potions_floor_spawned":[1,3,13,16,25,28,31],"killed_by":"Champ","ascension_level":0}