{"gold_per_floor":[116,136,146,161,175,175,205,205,230,256,276,134,134,149,149,245,245,264,276,291,366,19,19,32,57,57,57,72,87,100,133,133,229,229,249,267,279,279,279,310,310,342,367,385,385,385,385,31,31,31],"floor_reached":51,"playtime":3800,"items_purged":["Strike_R"],"score":862,"play_id":"05ac458c-9850-44e9-90c2-444905b74f42","local_time":"20190205014604","is_ascension_mode":true,"campfire_choices":[{"data":"Body Slam","floor":6,"key":"SMITH"},{"data":"Armaments","floor":8,"key":"SMITH"},{"floor":15,"key":"REST"},{"floor":23,"key":"REST"},{"floor":27,"key":"REST"},{"floor":32,"key":"REST"},{"floor":41,"key":"REST"},{"floor":45,"key":"REST"},{"data":"Entrench","floor":46,"key":"SMITH"},{"data":"Juggernaut","floor":47,"key":"SMITH"},{"floor":49,"key":"REST"}],"neow_cost":"PERCENT_DAMAGE","seed_source_timestamp":996616180011200,"circlet_count":0,"master_deck":["Strike_R","Strike_R+1","Strike_R","Strike_R","Defend_R","Defend_R","Defend_R+1","Defend_R","Bash","Body Slam+1","Power Through","Cleave","Armaments+1","Flame Barrier+1","Uppercut","Feed+1","Flame Barrier","Juggernaut+1","Armaments+1","Ghostly Armor","Impervious","Headbutt+1","Shockwave","Power Through","Ghostly Armor","Entrench+1","Impervious","Iron Wave+1","Iron Wave","Shrug It Off","Body Slam+1","Metallicize","Ghostly Armor","Shockwave","Entrench"],"relics":["Burning Blood","StoneCalendar","Bronze Scales","Dream Catcher","Pen Nib","Lizard Tail","Membership Card","Whetstone","Vajra","WingedGreaves","War Paint","Velvet Choker","Dodecahedron","Self Forming Clay","Blood Vial","Mummified Hand","Toolbox"],"potions_floor_usage":[3,4,18,20,25,33,39,42,50,50,50,50,50],"damage_taken":[{"damage":5,"enemies":"Cultist","floor":1,"turns":5},{"damage":0,"enemies":"2 Louse","floor":2,"turns":4},{"damage":7,"enemies":"Small Slimes","floor":3,"turns":4},{"damage":0,"enemies":"Gremlin Gang","floor":4,"turns":5},{"damage":11,"enemies":"Blue Slaver","floor":5,"turns":4},{"damage":31,"enemies":"Lagavulin","floor":7,"turns":7},{"damage":13,"enemies":"3 Sentries","floor":10,"turns":7},{"damage":7,"enemies":"Large Slime","floor":11,"turns":5},{"damage":0,"enemies":"Lots of Slimes","floor":14,"turns":3},{"damage":22,"enemies":"The Guardian","floor":16,"turns":10},{"damage":30,"enemies":"Spheric Guardian","floor":18,"turns":6},{"damage":7,"enemies":"Shell Parasite","floor":19,"turns":5},{"damage":43,"enemies":"3 Cultists","floor":20,"turns":7},{"damage":20,"enemies":"Cultist and Chosen","floor":24,"turns":7},{"damage":32,"enemies":"Gremlin Leader","floor":25,"turns":8},{"damage":9,"enemies":"Snake Plant","floor":28,"turns":3},{"damage":6,"enemies":"Centurion and Healer","floor":29,"turns":7},{"damage":0,"enemies":"Snecko","floor":30,"turns":4},{"damage":36,"enemies":"Book of Stabbing","floor":31,"turns":7},{"damage":68,"enemies":"Champ","floor":33,"turns":13},{"damage":3,"enemies":"Orb Walker","floor":35,"turns":3},{"damage":33,"enemies":"3 Darklings","floor":36,"turns":5},{"damage":18,"enemies":"Sphere and 2 Shapes","floor":37,"turns":7},{"damage":0,"enemies":"Transient","floor":39,"turns":1},{"damage":22,"enemies":"Nemesis","floor":40,"turns":9},{"damage":39,"enemies":"Giant Head","floor":42,"turns":9},{"damage":21,"enemies":"Jaw Worm Horde","floor":44,"turns":6},{"damage":10,"enemies":"Time Eater","floor":50,"turns":10}],"seed_played":"3667258173734817366","potions_obtained":[{"floor":1,"key":"FearPotion"},{"floor":3,"key":"Energy Potion"},{"floor":11,"key":"Regen Potion"},{"floor":16,"key":"FearPotion"},{"floor":18,"key":"AttackPotion"},{"floor":24,"key":"BloodPotion"},{"floor":28,"key":"SmokeBomb"},{"floor":30,"key":"PowerPotion"},{"floor":36,"key":"Poison Potion"},{"floor":40,"key":"Swift Potion"},{"floor":42,"key":"EntropicBrew"}],"is_trial":false,"path_per_floor":["M","M","M","M","M","R","E","R","T","E","M","$","?","M","R","B",null,"M","M","M","?","$","R","M","E","T","R","M","M","M","E","R","B",null,"M","M","M","?","M","E","R","E","T","M","R","R","R","$","R","B",null],"character_chosen":"IRONCLAD","items_purchased":["Feed","Membership Card","Whetstone","Impervious","Mummified Hand","Metallicize","Ghostly Armor","Toolbox","Shockwave"],"campfire_rested":7,"item_purchase_floors":[12,22,22,22,48,48,48,48,48],"current_hp_per_floor":[57,63,62,68,63,63,38,38,38,31,30,30,35,41,66,50,85,73,72,38,30,30,56,42,24,24,50,47,51,61,31,59,54,96,96,69,57,57,63,47,75,46,46,33,63,63,63,63,93,91],"gold":31,"neow_bonus":"ONE_RARE_RELIC","is_prod":false,"is_daily":false,"chose_seed":false,"campfire_upgraded":4,"win_rate":0,"timestamp":1549349164,"path_taken":["M","M","M","M","M","R","E","R","T","E","M","$","?","M","R","BOSS","M","M","M","?","$","R","?","E","T","R","M","M","M","E","R","BOSS","M","M","M","?","M","E","R","E","T","M","R","R","R","$","R","BOSS"],"build_version":"2019-01-23","purchased_purges":1,"victory":true,"max_hp_per_floor":[80,80,80,80,80,80,80,80,80,80,80,80,85,85,85,85,85,85,85,88,88,88,88,88,88,88,88,88,92,96,96,96,96,96,96,96,96,96,96,96,96,100,100,100,100,100,100,100,100,100],"card_choices":[{"not_picked":["Rampage","Warcry"],"picked":"Body Slam","floor":1},{"not_picked":["Wild Strike","Clothesline"],"picked":"Power Through","floor":2},{"not_picked":["Twin Strike","True Grit"],"picked":"Cleave","floor":3},{"not_picked":["Anger","Fire Breathing","Heavy Blade"],"picked":"SKIP","floor":4},{"not_picked":["Sword Boomerang","Perfected Strike","Rampage"],"picked":"SKIP","floor":5},{"not_picked":["Disarm","Carnage"],"picked":"Armaments","floor":7},{"not_picked":["Iron Wave","Heavy Blade"],"picked":"Flame Barrier","floor":10},{"not_picked":["Corruption","Armaments"],"picked":"Uppercut","floor":11},{"not_picked":["Limit Break","Sever Soul","Havoc"],"picked":"SKIP","floor":14},{"not_picked":["True Grit","Reckless Charge"],"picked":"Flame Barrier","floor":15},{"not_picked":["Feed","Impervious"],"picked":"Juggernaut","floor":16},{"not_picked":["Cleave","Rampage"],"picked":"Armaments+1","floor":18},{"not_picked":["Wild Strike+1","Fire Breathing"],"picked":"Ghostly Armor","floor":19},{"not_picked":["Flex","Armaments","Corruption"],"picked":"SKIP","floor":20},{"not_picked":["Perfected Strike","Heavy Blade"],"picked":"Headbutt+1","floor":23},{"not_picked":["Pommel Strike","Sword Boomerang"],"picked":"Shockwave","floor":24},{"not_picked":["Exhume","Headbutt","Perfected Strike"],"picked":"SKIP","floor":25},{"not_picked":["Heavy Blade","Sentinel"],"picked":"Power Through","floor":27},{"not_picked":["Combust","Twin Strike","Clash"],"picked":"SKIP","floor":28},{"not_picked":["Burning Pact","True Grit","Thunderclap+1"],"picked":"SKIP","floor":29},{"not_picked":["Headbutt","Hemokinesis+1"],"picked":"Ghostly Armor","floor":30},{"not_picked":["Wild Strike+1","Second Wind+1"],"picked":"Entrench","floor":31},{"not_picked":["Immolate","Double Tap"],"picked":"Impervious","floor":33},{"not_picked":["Twin Strike+1","Thunderclap+1"],"picked":"Iron Wave+1","floor":35},{"not_picked":["Carnage","Rampage","Rupture"],"picked":"SKIP","floor":36},{"not_picked":["Heavy Blade+1","True Grit"],"picked":"Iron Wave","floor":37},{"not_picked":["Wild Strike","Intimidate","Thunderclap+1"],"picked":"SKIP","floor":40},{"not_picked":["Bloodletting","Flame Barrier+1"],"picked":"Shrug It Off","floor":42},{"not_picked":["Warcry+1","Perfected Strike+1"],"picked":"Body Slam+1","floor":44},{"not_picked":["Cleave","Rupture+1"],"picked":"Entrench","floor":49}],"player_experience":194508,"relics_obtained":[{"floor":7,"key":"Bronze Scales"},{"floor":9,"key":"Dream Catcher"},{"floor":10,"key":"Pen Nib"},{"floor":25,"key":"Vajra"},{"floor":26,"key":"WingedGreaves"},{"floor":31,"key":"War Paint"},{"floor":40,"key":"Dodecahedron"},{"floor":42,"key":"Self Forming Clay"},{"floor":43,"key":"Blood Vial"}],"event_choices":[{"damage_healed":0,"gold_gain":0,"player_choice":"Donut","damage_taken":0,"max_hp_gain":5,"max_hp_loss":0,"event_name":"Big Fish","floor":13,"gold_loss":0},{"damage_healed":0,"gold_gain":75,"player_choice":"Touch","damage_taken":8,"max_hp_gain":0,"max_hp_loss":0,"event_name":"FaceTrader","floor":21,"gold_loss":0},{"damage_healed":0,"gold_gain":0,"player_choice":"Bought 0 Potions","damage_taken":0,"max_hp_gain":0,"max_hp_loss":0,"event_name":"The Woman in Blue","floor":38,"gold_loss":0}],"is_beta":false,"boss_relics":[{"not_picked":["Snecko Eye","Astrolabe"],"picked":"Lizard Tail"},{"not_picked":["Calling Bell","Coffee Dripper"],"picked":"Velvet Choker"}],"items_purged_floors":[48],"is_endless":false,"potions_floor_spawned":[1,3,11,16,18,24,28,30,36,40,42],"ascension_level":2}