{"gold_per_floor":[114,134,284,295,295,137,153,153,153,153,167,167,185,185,185,262,262,281,51,0,0,19,19,32,44,44,79,79,99,112,128,128,205,205,220,186,201,221,241,241,241],"floor_reached":41,"playtime":1778,"items_purged":["Clumsy"],"score":818,"play_id":"d452301a-cffa-4b5e-93d9-0ad21c27cf8d","local_time":"20181217161216","is_ascension_mode":true,"campfire_choices":[{"data":"Loop","floor":8.0,"key":"SMITH"},{"data":"Doom and Gloom","floor":10.0,"key":"SMITH"},{"data":"Beam Cell","floor":12.0,"key":"SMITH"},{"floor":15.0,"key":"REST"},{"data":"Defragment","floor":23.0,"key":"SMITH"},{"data":"Seek","floor":28.0,"key":"SMITH"},{"floor":32.0,"key":"REST"},{"floor":40.0,"key":"REST"}],"neow_cost":"CURSE","seed_source_timestamp":0,"circlet_count":0,"master_deck":["AscendersBane","Strike_B","Defend_B","Defend_B","Defend_B","Defend_B","Zap","Dualcast+1","Beam Cell+1","Glacier","Sweeping Beam","Loop+1","Doom and Gloom+1","Cold Snap","Core Surge","Seek+1","Streamline+1","Turbo+1","Static Discharge+1","Redo","Rainbow","Conserve Battery","Defragment+1","Rebound+1","Chill","Defragment","Barrage+1","Storm+1","Thunder Strike","Conserve Battery+1","Loop","Tempest","Auto Shields+1"],"special_seed":0,"relics":["Cracked Core","Bottled Flame","Astrolabe","The Courier","Bag of Marbles","Dodecahedron","Cursed Key"],"potions_floor_usage":[41],"damage_taken":[{"damage":5.0,"enemies":"Small Slimes","floor":1.0,"turns":4.0},{"damage":7.0,"enemies":"Jaw Worm","floor":2.0,"turns":2.0},{"damage":0.0,"enemies":"2 Louse","floor":4.0,"turns":3.0},{"damage":14.0,"enemies":"Exordium Thugs","floor":7.0,"turns":5.0},{"damage":4.0,"enemies":"Blue Slaver","floor":11.0,"turns":4.0},{"damage":0.0,"enemies":"Large Slime","floor":13.0,"turns":3.0},{"damage":21.0,"enemies":"The Guardian","floor":16.0,"turns":7.0},{"damage":1.0,"enemies":"Spheric Guardian","floor":18.0,"turns":3.0},{"damage":13.0,"enemies":"Chosen","floor":22.0,"turns":5.0},{"damage":2.0,"enemies":"Centurion and Healer","floor":24.0,"turns":5.0},{"damage":4.0,"enemies":"Sentry and Sphere","floor":25.0,"turns":4.0},{"damage":8.0,"enemies":"Slavers","floor":27.0,"turns":2.0},{"damage":6.0,"enemies":"Chosen and Byrds","floor":29.0,"turns":4.0},{"damage":0.0,"enemies":"Snake Plant","floor":30.0,"turns":2.0},{"damage":14.0,"enemies":"3 Cultists","floor":31.0,"turns":3.0},{"damage":33.0,"enemies":"Automaton","floor":33.0,"turns":10.0},{"damage":11.0,"enemies":"3 Shapes","floor":35.0,"turns":3.0},{"damage":22.0,"enemies":"Orb Walker","floor":37.0,"turns":3.0},{"damage":0.0,"enemies":"4 Shapes","floor":38.0,"turns":4.0},{"damage":28.0,"enemies":"Sphere and 2 Shapes","floor":39.0,"turns":4.0},{"damage":46,"enemies":"Reptomancer","floor":41,"turns":7}],"seed_played":"3676086923663557461","potions_obtained":[{"floor":7.0,"key":"Explosive Potion"},{"floor":13.0,"key":"Energy Potion"},{"floor":24.0,"key":"PowerPotion"},{"floor":29.0,"key":"EntropicBrew"},{"floor":31.0,"key":"Block Potion"},{"floor":37.0,"key":"Swift Potion"},{"floor":38.0,"key":"Poison Potion"},{"floor":39.0,"key":"Swift Potion"}],"is_trial":false,"path_per_floor":["M","M","?","M","?","$","M","R","T","R","M","R","M","?","R","B",null,"M","$","?","?","M","R","M","M","T","E","R","M","M","M","R","B",null,"M","$","M","M","M","M","R","E"],"character_chosen":"DEFECT","items_purchased":["Loop","Rainbow","Conserve Battery","Loop"],"campfire_rested":3,"item_purchase_floors":[6,19,19,36],"current_hp_per_floor":[73,66,66,66,59,59,45,45,45,45,41,41,41,41,66,45,75,74,74,74,74,61,61,59,55,55,47,47,41,41,27,52,19,69,58,58,36,36,8,33,0],"gold":241,"neow_bonus":"TWENTY_PERCENT_HP_BONUS","is_prod":false,"is_daily":false,"chose_seed":false,"campfire_upgraded":5,"win_rate":0,"timestamp":1545081136,"path_taken":["M","M","?","M","?","$","M","R","T","R","M","R","M","?","R","BOSS","M","$","?","?","M","R","M","M","T","E","R","M","M","M","R","BOSS","M","$","M","M","M","R","E"],"build_version":"2018-12-13","purchased_purges":1,"victory":false,"max_hp_per_floor":[85,85,85,85,85,85,85,85,85,85,85,85,85,85,85,85,85,85,85,85,85,85,85,85,85,85,85,85,85,85,85,85,85,85,85,85,85,85,85,85,85],"card_choices":[{"not_picked":["Leap","Gash"],"picked":"Beam Cell","floor":1.0},{"not_picked":["Double Energy","Conserve Battery"],"picked":"Glacier","floor":2.0},{"not_picked":["Turbo","Redo"],"picked":"Sweeping Beam","floor":4.0},{"not_picked":["Skim","Scrape"],"picked":"Doom and Gloom","floor":7.0},{"not_picked":["Reinforced Body","Darkness"],"picked":"Cold Snap","floor":11.0},{"not_picked":["Turbo","Gash"],"picked":"Core Surge","floor":13.0},{"not_picked":["All For One","Hyperbeam"],"picked":"Seek","floor":16.0},{"not_picked":["Stack","Leap"],"picked":"Redo","floor":18.0},{"not_picked":["Go for the Eyes","Sunder"],"picked":"Defragment","floor":22.0},{"not_picked":["Go for the Eyes","Fusion","Steam"],"picked":"SKIP","floor":24.0},{"not_picked":["Go for the Eyes","Steam"],"picked":"Rebound+1","floor":25.0},{"not_picked":["Force Field","Hello World"],"picked":"Chill","floor":27.0},{"not_picked":["Hologram","Steam"],"picked":"Defragment","floor":29.0},{"not_picked":["Conserve Battery","Coolheaded"],"picked":"Barrage+1","floor":30.0},{"not_picked":["Redo","Steam"],"picked":"Storm+1","floor":31.0},{"not_picked":["Core Surge","Rainbow"],"picked":"Thunder Strike","floor":33.0},{"not_picked":["Go for the Eyes+1","Stack"],"picked":"Conserve Battery+1","floor":35.0},{"not_picked":["Ball Lightning","Steam"],"picked":"Tempest","floor":37.0},{"not_picked":["Loop+1","Streamline","Tempest"],"picked":"SKIP","floor":38.0},{"not_picked":["Tempest","Leap"],"picked":"Auto Shields+1","floor":39.0}],"player_experience":783721,"relics_obtained":[{"floor":9.0,"key":"Bottled Flame"},{"floor":26.0,"key":"Bag of Marbles"},{"floor":27.0,"key":"Dodecahedron"}],"event_choices":[{"damage_healed":0.0,"max_hp_gain":0.0,"max_hp_loss":0.0,"gold_gain":150.0,"event_name":"Liars Game","player_choice":"AGREE","floor":3.0,"gold_loss":0.0,"damage_taken":0.0,"cards_obtained":["Doubt"]},{"cards_removed":["Doubt"],"damage_healed":0.0,"max_hp_gain":0.0,"max_hp_loss":0.0,"gold_gain":0.0,"event_name":"Golden Wing","player_choice":"Card Removal","floor":5.0,"gold_loss":0.0,"damage_taken":7.0},{"damage_healed":0.0,"max_hp_gain":0.0,"max_hp_loss":0.0,"gold_gain":0.0,"event_name":"Living Wall","player_choice":"Grow","floor":14.0,"gold_loss":0.0,"damage_taken":0.0,"cards_upgraded":["Dualcast"]},{"damage_healed":0.0,"max_hp_gain":0.0,"max_hp_loss":0.0,"gold_gain":0.0,"event_name":"Masked Bandits","player_choice":"Paid Fearfully","floor":20.0,"gold_loss":51.0,"damage_taken":0.0},{"damage_healed":0.0,"max_hp_gain":0.0,"max_hp_loss":0.0,"gold_gain":0.0,"event_name":"WeMeetAgain","player_choice":"Gave Potion","floor":21.0,"gold_loss":0.0,"damage_taken":0.0,"relics_obtained":["The Courier"]}],"is_beta":false,"boss_relics":[{"not_picked":["Empty Cage","Snecko Eye"],"picked":"Astrolabe"},{"not_picked":["FrozenCore","Lizard Tail"],"picked":"Cursed Key"}],"items_purged_floors":[6],"is_endless":false,"potions_floor_spawned":[7,13,24,25,29,31,37,38,39],"killed_by":"Reptomancer","ascension_level":20}