{"gold_per_floor":[114,80,95,110,125,155,170,345,345,345,20,35,50,50,50,150,150,165,165,180,105,28,28,28],"floor_reached":24,"playtime":659,"items_purged":["Doubt"],"score":198,"play_id":"cef37271-bf20-45b1-bb00-dbd8cd97f558","local_time":"20180730143856","daily_mods":["Diverse","Lethality","Terminal"],"is_ascension_mode":false,"campfire_choices":[{"data":"Blade Dance","floor":10.0,"key":"SMITH"},{"data":"Hologram","floor":15.0,"key":"SMITH"},{"data":"Barricade","floor":23,"key":"SMITH"}],"neow_cost":"","seed_source_timestamp":0,"circlet_count":0,"master_deck":["Strike_R","Strike_R","Strike_R","Strike_R","Strike_R","Defend_R","Defend_R","Defend_R","Defend_R","Bash","Cloak And Dagger","Blur","Sword Boomerang","Blade Dance+1","Shockwave","Glass Knife","Hologram+1","Pummel","Barricade+1","Heavy Blade","Twin Strike","Flex","Conserve Battery","RitualDagger","J.A.X."],"special_seed":17742,"relics":["Burning Blood","Singing Bowl","Self Forming Clay","MealTicket","Letter Opener","Orrery"],"potions_floor_usage":[18,18,18],"damage_taken":[{"damage":0.0,"enemies":"Cultist","floor":1.0,"turns":2.0},{"damage":0.0,"enemies":"Jaw Worm","floor":3.0,"turns":2.0},{"damage":0.0,"enemies":"2 Louse","floor":4.0,"turns":2.0},{"damage":10.0,"enemies":"Blue Slaver","floor":5.0,"turns":2.0},{"damage":16.0,"enemies":"Lagavulin","floor":6.0,"turns":5.0},{"damage":3.0,"enemies":"2 Fungi Beasts","floor":7.0,"turns":2.0},{"damage":3.0,"enemies":"3 Louse","floor":12.0,"turns":2.0},{"damage":5.0,"enemies":"Exordium Wildlife","floor":13.0,"turns":2.0},{"damage":42.0,"enemies":"The Guardian","floor":16.0,"turns":7.0},{"damage":6,"enemies":"3 Byrds","floor":18,"turns":3},{"damage":23,"enemies":"2 Thieves","floor":20,"turns":3},{"damage":51,"enemies":"Gremlin Leader","floor":24,"turns":4}],"seed_played":"3676121671515635212","potions_obtained":[{"floor":3.0,"key":"Energy Potion"},{"floor":4.0,"key":"SpeedPotion"},{"floor":7.0,"key":"SteroidPotion"},{"floor":18,"key":"SpeedPotion"}],"is_trial":false,"path_per_floor":["M","$","M","M","M","E","M","?","T","R","$","M","M","?","R","B",null,"M","?","M","?","?","R"],"character_chosen":"IRONCLAD","items_purchased":["Blur","MealTicket","Hologram"],"campfire_rested":0,"item_purchase_floors":[2,11,11],"current_hp_per_floor":[78,77,76,75,71,61,66,66,66,66,66,69,70,69,68,32,70,69,63,48,48,48,48,0],"gold":28,"neow_bonus":"","is_prod":false,"is_daily":true,"chose_seed":false,"campfire_upgraded":3,"win_rate":0,"timestamp":1532975936,"path_taken":["M","$","M","M","M","E","M","?","T","R","$","M","M","?","R","BOSS","M","?","M","?","?","R","E"],"build_version":"2018-07-26","purchased_purges":1,"victory":false,"max_hp_per_floor":[78,77,76,75,74,73,74,73,72,71,70,69,70,69,68,67,70,69,68,69,68,67,66,66],"card_choices":[{"not_picked":["True Grit","Havoc"],"picked":"Cloak And Dagger","floor":1.0},{"not_picked":["Bane","Power Through"],"picked":"Sword Boomerang","floor":3.0},{"not_picked":["Outmaneuver","Havoc"],"picked":"Blade Dance","floor":4.0},{"not_picked":["Prepared","Cold Snap"],"picked":"Shockwave","floor":5.0},{"not_picked":["Hello World","Slice"],"picked":"Glass Knife","floor":6.0},{"not_picked":["Combust","Sword Boomerang","Stack"],"picked":"Singing Bowl","floor":7.0},{"not_picked":["Thunderclap","Leap"],"picked":"Pummel","floor":12.0},{"not_picked":["Burning Pact","Power Through","Seeing Red"],"picked":"Singing Bowl","floor":13.0},{"not_picked":["Bludgeon","Berserk"],"picked":"Barricade","floor":16.0},{"not_picked":["Dropkick","Rebound"],"picked":"Heavy Blade","floor":17.0},{"not_picked":["Poisoned Stab","Metallicize","Sword Boomerang"],"picked":"Singing Bowl","floor":17.0},{"not_picked":["Clash","Bouncing Flask"],"picked":"Twin Strike","floor":17.0},{"not_picked":["Headbutt","Outmaneuver","Go for the Eyes"],"picked":"Singing Bowl","floor":17.0},{"not_picked":["Barrage","Poisoned Stab"],"picked":"Flex","floor":17.0},{"not_picked":["Wild Strike","Force Field+1"],"picked":"Conserve Battery","floor":18},{"not_picked":["Compile Driver","Cold Snap","Dodge and Roll"],"picked":"Singing Bowl","floor":20}],"player_experience":165548,"relics_obtained":[{"floor":6.0,"key":"Singing Bowl"},{"floor":9.0,"key":"Self Forming Clay"}],"event_choices":[{"event_name":"Liars Game","player_choice":"agreed","floor":8.0,"damage_taken":0.0},{"event_name":"Big Fish","player_choice":"Box","floor":14.0,"damage_taken":0.0},{"event_name":"Nest","player_choice":"Joined the Cult","floor":19,"damage_taken":0},{"event_name":"Beggar","player_choice":"Gave Gold","floor":21,"damage_taken":0},{"event_name":"Drug Dealer","player_choice":"Got JAXXED","floor":22,"damage_taken":0}],"is_beta":true,"boss_relics":[{"not_picked":["Runic Cube","Velvet Choker"],"picked":"Orrery"}],"items_purged_floors":[11],"is_endless":false,"potions_floor_spawned":[3,4,7,13,18],"killed_by":"Gremlin Leader","ascension_level":0}