{"gold_per_floor":[117,117,117,132,144,170,188,206,263,289,289,307,322,341,341,446,446,458,504,161,161,126,126,153,167,167,92,125,125,143,159,159,256,256,270,323,323,323,39,39,55,88,88,38,38,65,65,78,78,78],"floor_reached":51,"playtime":4663,"items_purged":["Normality","Regret"],"score":933,"play_id":"e287d7cf-46cf-444c-804d-ef3be7a4b31c","local_time":"20190401135726","is_ascension_mode":true,"campfire_choices":[{"data":"Flechettes","floor":11.0,"key":"SMITH"},{"data":"Blur","floor":15.0,"key":"SMITH"},{"floor":23.0,"key":"REST"},{"data":"Blur","floor":29.0,"key":"SMITH"},{"data":"Backflip","floor":32,"key":"SMITH"},{"floor":40,"key":"REST"},{"floor":45,"key":"REST"},{"floor":49,"key":"REST"}],"neow_cost":"NONE","seed_source_timestamp":0,"circlet_count":0,"master_deck":["Defend_G","Defend_G+1","Defend_G","Defend_G","Defend_G","Strike_G","Strike_G","Strike_G","Survivor","Neutralize","Quick Slash","PiercingWail","Cloak And Dagger+1","Deflect","Flying Knee","Flechettes+1","Blade Dance","After Image+1","Blur+1","Backflip+1","Venomology","Blur+1","Well Laid Plans+1","Footwork+1","Flying Knee","Quick Slash+1","Deflect+1","A Thousand Cuts+1","Finisher","Master of Strategy","Dodge and Roll+1","Blade Dance+1","Quick Slash+1","Flying Knee+1"],"special_seed":0,"relics":["Ring of the Snake","Frozen Egg 2","War Paint","Tiny Chest","Happy Flower","Runic Dome","Regal Pillow","Turnip","Smiling Mask","Mercury Hourglass","The Courier","Cursed Key","Nunchaku","Dodecahedron","Torii","Pear","Blue Candle","Mummified Hand"],"potions_floor_usage":[33,35,36,41,42,46,48,50,50,50],"damage_taken":[{"damage":0.0,"enemies":"2 Louse","floor":1.0,"turns":4.0},{"damage":0.0,"enemies":"Small Slimes","floor":4.0,"turns":3.0},{"damage":0.0,"enemies":"Cultist","floor":5.0,"turns":4.0},{"damage":20.0,"enemies":"Gremlin Nob","floor":6.0,"turns":5.0},{"damage":1.0,"enemies":"Gremlin Gang","floor":7.0,"turns":5.0},{"damage":0.0,"enemies":"Red Slaver","floor":8.0,"turns":3.0},{"damage":0.0,"enemies":"3 Sentries","floor":10.0,"turns":8.0},{"damage":0.0,"enemies":"3 Louse","floor":12.0,"turns":2.0},{"damage":0.0,"enemies":"Large Slime","floor":13.0,"turns":5.0},{"damage":0.0,"enemies":"2 Fungi Beasts","floor":14.0,"turns":3.0},{"damage":8.0,"enemies":"Slime Boss","floor":16.0,"turns":19.0},{"damage":16.0,"enemies":"Chosen","floor":18.0,"turns":7.0},{"damage":0.0,"enemies":"2 Thieves","floor":22.0,"turns":5.0},{"damage":0.0,"enemies":"Book of Stabbing","floor":24.0,"turns":10.0},{"damage":1.0,"enemies":"Snake Plant","floor":25.0,"turns":9.0},{"damage":5.0,"enemies":"Slavers","floor":28.0,"turns":6.0},{"damage":0.0,"enemies":"Centurion and Healer","floor":30.0,"turns":8.0},{"damage":0,"enemies":"3 Cultists","floor":31,"turns":6},{"damage":34,"enemies":"Collector","floor":33,"turns":13},{"damage":32,"enemies":"3 Darklings","floor":35,"turns":5},{"damage":23,"enemies":"2 Orb Walkers","floor":36,"turns":6},{"damage":0,"enemies":"Orb Walker","floor":41,"turns":3},{"damage":37,"enemies":"Giant Head","floor":42,"turns":9},{"damage":15,"enemies":"Reptomancer","floor":46,"turns":8},{"damage":0,"enemies":"Maw","floor":48,"turns":7},{"damage":72,"enemies":"Time Eater","floor":50,"turns":14}],"seed_played":"8634307822397326888","potions_obtained":[{"floor":4.0,"key":"EssenceOfSteel"},{"floor":7.0,"key":"Explosive Potion"},{"floor":12.0,"key":"FairyPotion"},{"floor":14.0,"key":"Block Potion"},{"floor":35,"key":"Weak Potion"},{"floor":46,"key":"Weak Potion"}],"is_trial":false,"path_per_floor":["M","?","?","M","M","E","M","M","T","E","R","M","M","M","R","B",null,"M","T","$","?","M","R","E","M","T","?","E","R","M","M","R","B",null,"M","?","?","T","$","R","M","E","T","$","R","E","?","M","R","B",null],"character_chosen":"THE_SILENT","items_purchased":["Well Laid Plans+1","Turnip","Torii"],"campfire_rested":4,"item_purchase_floors":[20,20,39],"current_hp_per_floor":[77,77,77,77,77,57,56,56,56,56,56,56,56,56,56,48,77,61,61,61,47,47,82,82,81,81,81,76,76,76,76,76,42,82,59,36,36,36,36,75,75,48,48,48,90,87,87,87,92,20],"gold":78,"neow_bonus":"TEN_PERCENT_HP_BONUS","is_prod":false,"is_daily":false,"chose_seed":false,"campfire_upgraded":4,"win_rate":0,"timestamp":1554141446,"path_taken":["M","?","?","M","M","E","?","M","T","E","R","?","M","M","R","BOSS","M","?","$","?","M","R","E","M","T","?","E","R","M","M","R","BOSS","M","?","?","?","$","R","M","E","T","$","R","E","?","?","R","BOSS"],"build_version":"2019-01-23","purchased_purges":2,"victory":true,"max_hp_per_floor":[77,77,77,77,77,77,77,77,77,77,77,77,77,77,77,77,77,77,77,77,82,82,82,82,82,82,82,82,82,82,82,82,82,82,82,82,82,82,82,82,82,92,92,92,92,92,92,92,92,92],"card_choices":[{"not_picked":["Slice","Bane"],"picked":"Quick Slash","floor":1.0},{"not_picked":["Cloak And Dagger","Deadly Poison"],"picked":"PiercingWail","floor":4.0},{"not_picked":["Doppelganger","Slice"],"picked":"Cloak And Dagger","floor":5.0},{"not_picked":["Expertise","Distraction"],"picked":"Deflect","floor":6.0},{"not_picked":["Endless Agony","Backstab"],"picked":"Flying Knee","floor":7.0},{"not_picked":["Dash","Poisoned Stab"],"picked":"Flechettes","floor":8.0},{"not_picked":["Slice","Dagger Throw"],"picked":"Blade Dance","floor":10.0},{"not_picked":["Backflip","Leg Sweep"],"picked":"After Image+1","floor":12.0},{"not_picked":["Finisher","Calculated Gamble"],"picked":"Blur","floor":13.0},{"not_picked":["Flying Knee","Acrobatics"],"picked":"Backflip","floor":14.0},{"not_picked":["Bullet Time","Die Die Die"],"picked":"Venomology","floor":16.0},{"not_picked":["Blade Dance","Quick Slash"],"picked":"Blur","floor":18.0},{"not_picked":["Noxious Fumes+1","Deflect"],"picked":"Footwork+1","floor":22.0},{"not_picked":["Outmaneuver+1","Dagger Throw+1"],"picked":"Flying Knee","floor":24.0},{"not_picked":["All Out Attack","Deadly Poison"],"picked":"Quick Slash+1","floor":25.0},{"not_picked":["Dagger Throw+1","Distraction","Flying Knee+1"],"picked":"SKIP","floor":28.0},{"not_picked":["Poisoned Stab","Riddle With Holes"],"picked":"Deflect+1","floor":30.0},{"not_picked":["All Out Attack","Flying Knee","Dagger Spray"],"picked":"SKIP","floor":31},{"not_picked":["Glass Knife","Phantasmal Killer"],"picked":"A Thousand Cuts+1","floor":33},{"not_picked":["Choke","Leg Sweep+1"],"picked":"Finisher","floor":35},{"not_picked":["Dagger Throw","Quick Slash+1"],"picked":"Cloak And Dagger+1","floor":36},{"not_picked":["Bandage Up","Dramatic Entrance"],"picked":"Master of Strategy","floor":37},{"not_picked":["Bane+1","Flying Knee+1"],"picked":"Dodge and Roll+1","floor":41},{"not_picked":["Riddle With Holes","Slice"],"picked":"Blade Dance+1","floor":42},{"not_picked":["Corpse Explosion","Dagger Throw"],"picked":"Quick Slash+1","floor":46},{"not_picked":["Deadly Poison+1","Poisoned Stab+1"],"picked":"Flying Knee+1","floor":48}],"player_experience":238293,"relics_obtained":[{"floor":6.0,"key":"War Paint"},{"floor":9.0,"key":"Tiny Chest"},{"floor":10.0,"key":"Happy Flower"},{"floor":19.0,"key":"Regal Pillow"},{"floor":24.0,"key":"Smiling Mask"},{"floor":26.0,"key":"Mercury Hourglass"},{"floor":28.0,"key":"The Courier"},{"floor":36,"key":"Nunchaku"},{"floor":38,"key":"Dodecahedron"},{"floor":42,"key":"Pear"},{"floor":43,"key":"Blue Candle"},{"floor":46,"key":"Mummified Hand"}],"event_choices":[{"damage_healed":0.0,"max_hp_gain":0.0,"max_hp_loss":0.0,"gold_gain":0.0,"cards_transformed":["Strike_G"],"event_name":"Living Wall","player_choice":"Change","floor":2.0,"gold_loss":0.0,"damage_taken":0.0,"cards_obtained":["A Thousand Cuts"]},{"cards_removed":["A Thousand Cuts"],"damage_healed":0.0,"max_hp_gain":0.0,"max_hp_loss":0.0,"gold_gain":0.0,"event_name":"WeMeetAgain","player_choice":"Gave Card","floor":3.0,"gold_loss":0.0,"damage_taken":0.0,"relics_obtained":["Frozen Egg 2"]},{"damage_healed":0.0,"max_hp_gain":5.0,"max_hp_loss":0.0,"gold_gain":0.0,"event_name":"Forgotten Altar","player_choice":"Shed Blood","floor":21.0,"gold_loss":0.0,"damage_taken":19.0},{"cards_removed":["Strike_G"],"damage_healed":0.0,"max_hp_gain":0.0,"max_hp_loss":0.0,"gold_gain":0.0,"event_name":"Beggar","player_choice":"Gave Gold","floor":27.0,"gold_loss":75.0,"damage_taken":0.0},{"damage_healed":0,"gold_gain":0,"player_choice":"Fight","damage_taken":0,"max_hp_gain":0,"max_hp_loss":0,"event_name":"Mysterious Sphere","floor":36,"gold_loss":0},{"damage_healed":0,"gold_gain":0,"player_choice":"Memory 1","damage_taken":0,"max_hp_gain":0,"max_hp_loss":0,"event_name":"SensoryStone","floor":37,"gold_loss":0},{"cards_removed":["Cloak And Dagger"],"damage_healed":0,"gold_gain":0,"player_choice":"Removed Skill","damage_taken":0,"max_hp_gain":0,"max_hp_loss":0,"event_name":"Falling","floor":47,"gold_loss":0}],"is_beta":false,"boss_relics":[{"not_picked":["Calling Bell","Lizard Tail"],"picked":"Runic Dome"},{"not_picked":["Black Star","Fusion Hammer"],"picked":"Cursed Key"}],"items_purged_floors":[39,44],"is_endless":false,"potions_floor_spawned":[4,7,12,14,18,28,33,35,42,46],"ascension_level":4}