{"gold_per_floor":[114,13,13,27,45,45,45,75,102,119,137,137,147,159,159,254,254,270,287,187,212,222,222,248,248,296,316,316,316,316,75,75,172,172,184,204,9,9,9,9,25,41,122,122,122,122,23,42,42,42],"floor_reached":51,"playtime":2288,"items_purged":["Clumsy","Strike_B","Strike_B","Turbo"],"score":1184,"play_id":"19af6095-4120-4c3b-8a73-aa4a76432d1f","local_time":"20180709224803","is_ascension_mode":true,"campfire_choices":[{"data":"Hologram","floor":6,"key":"SMITH"},{"data":"Streamline","floor":12,"key":"SMITH"},{"floor":15,"key":"REST"},{"floor":23,"key":"REST"},{"data":"Zap","floor":25,"key":"SMITH"},{"data":"Dualcast","floor":32,"key":"SMITH"},{"floor":40,"key":"REST"},{"floor":44,"key":"REST"},{"data":"Hologram","floor":46,"key":"SMITH"},{"data":"Scrape","floor":49,"key":"SMITH"}],"neow_cost":"CURSE","seed_source_timestamp":128060560306051,"circlet_count":0,"master_deck":["Defend_B","Defend_B","Zap+1","Dualcast+1","Streamline+1","Gash","Hologram+1","Beam Cell","All For One","Skim","Hologram+1","Scrape+1","Madness","Madness","White Noise","White Noise+1"],"relics":["Cracked Core","Gambling Chip","Singing Bowl","Potion Belt","Nuclear Battery","Red Mask","Blood Vial","Pen Nib","Prayer Wheel","Empty Cage","Unceasing Top","The Courier"],"potions_floor_usage":[11,16,24,24,24,27,33,50,50,50,50,50],"damage_taken":[{"damage":4,"enemies":"Small Slimes","floor":1,"turns":3},{"damage":0,"enemies":"2 Louse","floor":4,"turns":2},{"damage":0,"enemies":"Cultist","floor":5,"turns":2},{"damage":16,"enemies":"Gremlin Nob","floor":8,"turns":3},{"damage":8,"enemies":"Blue Slaver","floor":10,"turns":2},{"damage":0,"enemies":"Exordium Thugs","floor":11,"turns":4},{"damage":6,"enemies":"Lots of Slimes","floor":13,"turns":3},{"damage":14,"enemies":"3 Louse","floor":14,"turns":2},{"damage":43,"enemies":"Slime Boss","floor":16,"turns":7},{"damage":2,"enemies":"Chosen","floor":18,"turns":2},{"damage":1,"enemies":"Spheric Guardian","floor":19,"turns":3},{"damage":47,"floor":21,"turns":4},{"damage":13,"enemies":"Snecko","floor":22,"turns":3},{"damage":0,"enemies":"Book of Stabbing","floor":24,"turns":3},{"damage":16,"enemies":"Centurion and Healer","floor":27,"turns":3},{"damage":19,"enemies":"Collector","floor":33,"turns":5},{"damage":11,"enemies":"3 Shapes","floor":35,"turns":3},{"damage":8,"enemies":"Orb Walker","floor":36,"turns":2},{"damage":15,"floor":38,"turns":4},{"damage":27,"enemies":"3 Darklings","floor":41,"turns":3},{"damage":0,"enemies":"Maw","floor":42,"turns":4},{"damage":14,"enemies":"4 Shapes","floor":48,"turns":4},{"damage":43,"enemies":"Awakened One","floor":50,"turns":5}],"seed_played":"-3470368011832573640","potions_obtained":[{"floor":1,"key":"Energy Potion"},{"floor":8,"key":"Block Potion"},{"floor":10,"key":"PowerPotion"},{"floor":21,"key":"Energy Potion"},{"floor":22,"key":"Weak Potion"},{"floor":24,"key":"PowerPotion"},{"floor":36,"key":"Energy Potion"},{"floor":41,"key":"Ancient Potion"},{"floor":42,"key":"EssenceOfSteel"}],"is_trial":false,"path_per_floor":["M","$","?","M","M","R","$","E","T","M","M","R","M","M","R","B",null,"M","M","$","?","M","R","E","R","T","M","?","?","?","$","R","B",null,"M","M","$","?","?","R","M","M","T","R","?","R","$","M","R","B"],"character_chosen":"DEFECT","items_purchased":["Gash","Scrape","EssenceOfSteel","Steam","FocusPotion","PowerPotion"],"campfire_rested":4,"item_purchase_floors":[2,31,31,37,47,47],"current_hp_per_floor":[71,71,64,64,64,64,64,50,50,44,46,46,40,28,52,11,67,67,68,68,23,10,37,39,39,39,34,34,34,34,34,34,19,78,71,69,69,58,45,76,53,57,57,89,89,89,89,81,81,40],"gold":42,"neow_bonus":"ONE_RARE_RELIC","is_prod":false,"is_daily":false,"chose_seed":false,"campfire_upgraded":6,"win_rate":0,"timestamp":1531147683,"path_taken":["M","$","?","M","M","R","?","E","T","M","?","R","M","M","R","BOSS","M","M","$","?","?","R","E","R","T","M","?","?","?","$","R","BOSS","M","M","$","?","?","R","M","M","T","R","?","R","?","M","R","BOSS"],"build_version":"2018-07-05","purchased_purges":4,"victory":true,"max_hp_per_floor":[75,75,75,75,75,75,75,77,77,79,81,81,81,83,83,85,85,87,89,89,91,91,91,93,93,93,95,95,95,95,95,95,97,97,99,103,103,105,105,105,107,109,109,109,109,109,109,113,113,113],"card_choices":[{"not_picked":["Go for the Eyes","Chaos"],"picked":"Streamline","floor":1},{"not_picked":["Ball Lightning","Sweeping Beam"],"picked":"Hologram","floor":4},{"not_picked":["Streamline","Heatsinks"],"picked":"Beam Cell","floor":5},{"not_picked":["Darkness","Capacitor","Hologram"],"picked":"Singing Bowl","floor":8},{"not_picked":["FTL","Lockon","Sweeping Beam"],"picked":"Singing Bowl","floor":10},{"not_picked":["Doom and Gloom","BootSequence","Genetic Algorithm"],"picked":"Singing Bowl","floor":11},{"not_picked":["Coolheaded","Defragment"],"picked":"All For One","floor":13},{"not_picked":["Streamline","Beam Cell","Ball Lightning"],"picked":"Singing Bowl","floor":14},{"not_picked":["Meteor Strike","Multi-Cast","All For One"],"picked":"Singing Bowl","floor":16},{"not_picked":["Hologram","Ball Lightning","Undo"],"picked":"Singing Bowl","floor":18},{"not_picked":["Coolheaded","Genetic Algorithm","Barrage"],"picked":"Singing Bowl","floor":19},{"not_picked":["Streamline","Rebound+1","Stack"],"picked":"Singing Bowl","floor":21},{"not_picked":["Stack","Conserve Battery"],"picked":"Skim","floor":22},{"not_picked":["BootSequence","Compile Driver","Aggregate"],"picked":"Singing Bowl","floor":24},{"not_picked":["Go for the Eyes","Doom and Gloom","Turbo"],"picked":"Singing Bowl","floor":27},{"not_picked":["All For One","Multi-Cast","Buffer"],"picked":"Singing Bowl","floor":33},{"not_picked":["Self Repair","Gash+1"],"picked":"Turbo","floor":35},{"not_picked":["Hologram","Compile Driver+1","Doom and Gloom+1"],"picked":"Singing Bowl","floor":35},{"not_picked":["Force Field+1","Turbo","Cold Snap+1"],"picked":"Singing Bowl","floor":36},{"not_picked":["Static Discharge","Scrape","Stack+1"],"picked":"Singing Bowl","floor":36},{"not_picked":["Recycle","Sweeping Beam+1","FTL+1"],"picked":"Singing Bowl","floor":38},{"not_picked":["Reinforced Body","Turbo+1"],"picked":"White Noise","floor":41},{"not_picked":["BootSequence+1","Compile Driver","Static Discharge+1"],"picked":"Singing Bowl","floor":41},{"not_picked":["Beam Cell+1","Chill"],"picked":"White Noise+1","floor":42},{"not_picked":["Undo","Cold Snap","Stack+1"],"picked":"Singing Bowl","floor":42},{"not_picked":["Stack+1","Blizzard+1","Ball Lightning+1"],"picked":"Singing Bowl","floor":48},{"not_picked":["Chill+1","Leap","Turbo+1"],"picked":"Singing Bowl","floor":48}],"player_experience":281486,"relics_obtained":[{"floor":8,"key":"Singing Bowl"},{"floor":9,"key":"Potion Belt"},{"floor":21,"key":"Red Mask"},{"floor":24,"key":"Blood Vial"},{"floor":26,"key":"Pen Nib"},{"floor":38,"key":"Unceasing Top"},{"floor":43,"key":"The Courier"}],"event_choices":[{"event_name":"Golden Wing","player_choice":"Card Removal","floor":3,"damage_taken":0},{"event_name":"Masked Bandits","player_choice":"Fought over 187 gold","floor":21,"damage_taken":0},{"event_name":"Match and Keep!","player_choice":"1 cards matched","floor":28,"damage_taken":0},{"event_name":"The Mausoleum","player_choice":"Yes","floor":29,"damage_taken":0},{"event_name":"Bonfire Elementals","player_choice":"BASIC","floor":30,"damage_taken":0},{"event_name":"MindBloom","player_choice":"Fight","floor":38,"damage_taken":0},{"event_name":"Winding Halls","player_choice":"Embrace Madness","floor":39,"damage_taken":0},{"event_name":"Falling","player_choice":"Removed Skill","floor":45,"damage_taken":0}],"boss_relics":[{"not_picked":["Velvet Choker","Coffee Dripper"],"picked":"Nuclear Battery"},{"not_picked":["Eternal Feather","White Beast Statue"],"picked":"Empty Cage"}],"items_purged_floors":[2,20,31,37],"is_endless":false,"potions_floor_spawned":[1,8,10,21,22,24,36,41,42],"ascension_level":5}