{"gold_per_floor":[112,112,83,83,83,83,95,95,95,95,113,125,152,179,179,256,256,272,272,322,322],"floor_reached":21,"playtime":519,"items_purged":[],"score":450,"play_id":"a3f99fbe-7dd5-4532-b89e-aec7d62f443a","local_time":"20190410192513","is_ascension_mode":true,"campfire_choices":[{"data":"Perfected Strike","floor":6.0,"key":"SMITH"},{"data":"Bash","floor":8.0,"key":"SMITH"},{"data":"Cleave","floor":10.0,"key":"SMITH"},{"floor":15,"key":"REST"}],"neow_cost":"TEN_PERCENT_HP_LOSS","seed_source_timestamp":0,"circlet_count":0,"master_deck":["AscendersBane","Strike_R","Strike_R","Strike_R","Strike_R+1","Strike_R","Defend_R","Defend_R","Defend_R","Defend_R","Bash+1","Dropkick+1","Perfected Strike+1","Decay","Cleave+1","Inflame","Corruption","Heavy Blade","Shockwave","Limit Break","Clumsy","Parasite","Normality","Shockwave"],"special_seed":0,"relics":["Burning Blood","Charon\u0027s Ashes","Pantograph","Odd Mushroom","Bottled Lightning","Calling Bell","Oddly Smooth Stone","Mummified Hand","Gambling Chip"],"potions_floor_usage":[12,14,16],"damage_taken":[{"damage":1.0,"enemies":"Cultist","floor":1.0,"turns":4.0},{"damage":5.0,"enemies":"Small Slimes","floor":7.0,"turns":3.0},{"damage":1,"enemies":"2 Louse","floor":11,"turns":2},{"damage":9,"enemies":"Exordium Thugs","floor":12,"turns":3},{"damage":14,"enemies":"The Mushroom Lair","floor":13,"turns":3},{"damage":38,"enemies":"Lagavulin","floor":14,"turns":6},{"damage":51,"enemies":"Hexaghost","floor":16,"turns":8},{"damage":29,"enemies":"Shell Parasite","floor":18,"turns":5},{"damage":31,"enemies":"Spheric Guardian","floor":21,"turns":4}],"seed_played":"-6877420015852691762","potions_obtained":[{"floor":1.0,"key":"Ancient Potion"},{"floor":7.0,"key":"FearPotion"},{"floor":14,"key":"SkillPotion"}],"is_trial":false,"path_per_floor":["M","?","$","?","?","R","M","R","T","R","M","M","?","E","R","B",null,"M","?","?","M"],"character_chosen":"IRONCLAD","items_purchased":["Perfected Strike"],"campfire_rested":1,"item_purchase_floors":[3],"current_hp_per_floor":[68,68,68,48,48,48,49,49,49,49,54,51,43,11,31,11,54,31,31,31,0],"gold":322,"neow_bonus":"ONE_RARE_RELIC","is_prod":false,"is_daily":false,"chose_seed":false,"campfire_upgraded":3,"win_rate":0,"timestamp":1554938713,"path_taken":["M","?","$","?","?","R","M","R","T","R","?","M","?","E","R","BOSS","M","?","?","M"],"build_version":"2019-01-23","purchased_purges":0,"victory":false,"max_hp_per_floor":[68,68,68,68,68,68,68,68,68,68,68,68,68,68,68,68,68,68,68,68,68],"card_choices":[{"not_picked":["Second Wind","Battle Trance"],"picked":"Dropkick","floor":1.0},{"not_picked":["Power Through","Flame Barrier"],"picked":"Cleave","floor":7.0},{"not_picked":["Anger","Headbutt"],"picked":"Inflame","floor":11},{"not_picked":["Heavy Blade","Perfected Strike"],"picked":"Corruption","floor":12},{"not_picked":["Iron Wave","Anger"],"picked":"Heavy Blade","floor":13},{"not_picked":["Dual Wield","Evolve"],"picked":"Shockwave","floor":14},{"not_picked":["Immolate","Impervious"],"picked":"Limit Break","floor":16},{"not_picked":["Anger","Armaments"],"picked":"Shockwave","floor":18}],"player_experience":891161,"relics_obtained":[{"floor":9.0,"key":"Pantograph"},{"floor":13,"key":"Odd Mushroom"},{"floor":14,"key":"Bottled Lightning"},{"floor":17,"key":"Oddly Smooth Stone"},{"floor":17,"key":"Mummified Hand"},{"floor":17,"key":"Gambling Chip"}],"event_choices":[{"damage_healed":0.0,"max_hp_gain":0.0,"max_hp_loss":0.0,"gold_gain":0.0,"event_name":"Golden Wing","player_choice":"Ignored","floor":2.0,"gold_loss":0.0,"damage_taken":0.0},{"damage_healed":0.0,"max_hp_gain":0.0,"max_hp_loss":0.0,"gold_gain":0.0,"event_name":"Shining Light","player_choice":"Entered Light","floor":4.0,"gold_loss":0.0,"damage_taken":20.0,"cards_upgraded":["Dropkick","Strike_R"]},{"damage_healed":0.0,"max_hp_gain":0.0,"max_hp_loss":0.0,"gold_gain":0.0,"event_name":"Wheel of Change","player_choice":"Cursed","floor":5.0,"gold_loss":0.0,"damage_taken":0.0,"cards_obtained":["Decay"]},{"damage_healed":0,"gold_gain":0,"player_choice":"Fought Mushrooms","damage_taken":0,"max_hp_gain":0,"max_hp_loss":0,"event_name":"Mushrooms","floor":13,"gold_loss":0},{"damage_healed":0,"gold_gain":0,"player_choice":"Ignored","damage_taken":0,"max_hp_gain":0,"max_hp_loss":0,"event_name":"The Mausoleum","floor":19,"gold_loss":0},{"damage_healed":0,"gold_gain":100,"player_choice":"Bet on Murderer","damage_taken":0,"max_hp_gain":0,"max_hp_loss":0,"event_name":"The Joust","floor":20,"gold_loss":50}],"is_beta":false,"boss_relics":[{"not_picked":["Fusion Hammer","Cursed Key"],"picked":"Calling Bell"}],"items_purged_floors":[],"is_endless":false,"potions_floor_spawned":[1,7,14],"killed_by":"Spheric Guardian","ascension_level":20}