{"path_per_floor":["M","M","T","M","M","E","M","?","T","?","E","M","M","M","R","B",null,"M","$","?","?","M","R","E","M","T"],"character_chosen":"IRONCLAD","items_purchased":["True Grit","Enlightenment","Block Potion","Energy Potion"],"gold_per_floor":[116,126,198,215,232,259,270,220,220,220,253,273,289,301,301,399,399,419,27,27,27,45,45,76,96,96],"floor_reached":27,"campfire_rested":0,"playtime":2485,"current_hp_per_floor":[75,73,73,79,80,67,71,71,71,71,48,31,37,43,43,30,80,80,80,64,64,62,62,55,27,27],"items_purged":["Defend_R"],"gold":96,"play_id":"191a9b3f-9419-4a9b-bebd-9a1620feb54e","is_prod":false,"is_daily":false,"campfire_rituals":0,"campfire_upgraded":2,"is_hardmode":false,"path_taken":["M","M","?","M","M","E","M","?","T","?","E","M","?","M","R","BOSS","M","$","?","?","M","R","E","M","T","E"],"build_version":"2018-01-11-PROD2","purchased_purges":1,"victory":false,"master_deck":["Strike_R","Strike_R","Strike_R","Strike_R","Defend_R","Defend_R","Bash","Flame Barrier","True Grit","Flame Barrier","Flame Barrier","Rampage","Thunderclap","Warcry","Thunderclap","Reaper","Clash","Pommel Strike","Warcry","Demon Form","Sword Boomerang","True Grit","Enlightenment","Swift Strike","Rampage"],"max_hp_per_floor":[80,80,80,80,80,80,80,80,80,80,80,80,80,80,80,80,80,80,80,80,80,80,80,80,80,80],"relics":["Black Blood","Gremlin Horn","Red Skull","Matryoshka","Girya","Toxic Egg","Regal Pillow","Frozen Eye"],"campfire_meditates":0,"card_choices":[{"not_picked":["Whirlwind","Sword Boomerang"],"picked":"Flame Barrier"},{"not_picked":["Cleave","Dual Wield"],"picked":"True Grit"},{"not_picked":["Iron Wave","Cleave"],"picked":"Flame Barrier"},{"not_picked":["Sword Boomerang","Second Wind"],"picked":"Flame Barrier"},{"not_picked":["Warcry","Sword Boomerang"],"picked":"Rampage"},{"not_picked":["Dual Wield","Sword Boomerang"],"picked":"Thunderclap"},{"not_picked":["Intimidate","Headbutt"],"picked":"Warcry"},{"not_picked":["Infernal Blade","Cleave"],"picked":"Reaper"},{"not_picked":["Rage","Dual Wield"],"picked":"Clash"},{"not_picked":["Dropkick","Warcry"],"picked":"Pommel Strike"},{"not_picked":["Iron Wave","Cleave"],"picked":"Warcry"},{"not_picked":["Reaper","Double Tap"],"picked":"Demon Form"},{"not_picked":["Thunderclap","Intimidate"],"picked":"Sword Boomerang"},{"not_picked":["Whirlwind","Thunderclap"],"picked":"Rampage"}],"player_experience":8862,"potions_floor_usage":[5,16,16,18,22,24,27,27],"damage_taken":[{"damage":11,"enemies":"Blue Slaver","floor":1,"turns":6},{"damage":8,"enemies":"2 Louse","floor":2,"turns":3},{"damage":0,"enemies":"Small Slimes","floor":4,"turns":4},{"damage":3,"enemies":"Looter","floor":5,"turns":4},{"damage":19,"enemies":"Lagavulin","floor":6,"turns":11},{"damage":2,"enemies":"Gremlin Gang","floor":7,"turns":7},{"damage":29,"enemies":"Gremlin Nob","floor":11,"turns":5},{"damage":29,"enemies":"Exordium Wildlife","floor":12,"turns":6},{"damage":0,"enemies":"Red Slaver","floor":13,"turns":4},{"damage":0,"enemies":"Gremlin Gang","floor":14,"turns":1},{"damage":40,"enemies":"Slime Boss","floor":16,"turns":10},{"damage":5,"enemies":"3 Byrds","floor":18,"turns":4},{"damage":12,"enemies":"Spheric Guardian","floor":22,"turns":5},{"damage":40,"enemies":"Gremlin Leader","floor":24,"turns":8},{"damage":45,"enemies":"Slaver and Parasite","floor":25,"turns":8},{"damage":32,"enemies":"Book of Stabbing","floor":27,"turns":5}],"event_choices":[{"event_name":"The Cleric","player_choice":"Card Removal","floor":8,"damage_taken":0},{"event_name":"Transmorgrifier","player_choice":"Transform","floor":10,"damage_taken":0},{"event_name":"Knowing Skull","player_choice":"CARD ","floor":20,"damage_taken":0},{"event_name":"Beggar","player_choice":"Ignored","floor":21,"damage_taken":0}],"boss_relics":[{"not_picked":["Tiny House","Calling Bell"],"picked":"Black Blood"}],"potions_floor_spawned":[2,11,13,14,18,24,25],"seed_played":"1411281828493644768","killed_by":"Book of Stabbing","is_trial":false}