{"path_per_floor":["M","?","$","M","$","R","?","E","T","M","M","$","R","M","R","B",null,"M","$","?","M","?","R","?","E","T","R","M","T","M","$","R","B",null,"M","M","?","M"],"character_chosen":"DEFECT","items_purchased":["Defragment","All For One"],"gold_per_floor":[110,110,43,54,54,54,54,84,110,124,144,7,7,24,24,127,127,140,65,65,78,78,78,78,104,130,130,142,168,180,80,80,180,180,191,205,205,218,218],"floor_reached":39,"campfire_rested":0,"playtime":1498,"current_hp_per_floor":[74,74,74,69,69,69,69,56,56,58,60,60,60,52,52,8,75,73,73,75,68,68,68,68,70,70,70,55,55,53,53,53,6,75,38,21,21,15,0],"items_purged":["Strike_B","Writhe"],"gold":218,"score":424,"play_id":"2c801d35-bdf8-47f3-96b3-112da8e753ad","local_time":"20180428081504","is_prod":false,"is_daily":false,"chose_seed":false,"is_ascension_mode":false,"campfire_upgraded":6,"timestamp":1524917704,"path_taken":["M","?","$","M","$","R","?","E","T","M","?","$","R","?","R","BOSS","M","$","?","M","?","R","?","E","T","R","M","?","?","$","R","BOSS","M","M","?","M","M"],"build_version":"2018-04-27v3","seed_source_timestamp":433778904788317,"purchased_purges":2,"victory":false,"master_deck":["Defend_B+1","Defend_B","Defend_B","Defend_B+1","Zap+1","Dualcast","Capacitor","Defragment+1","Double Energy+1","All For One+1","White Noise+1","Redo+1","Gash","Sunder+1","Bite","Bite","Bite","Bite","Bite","Darkness+1","Injury","Injury","Machine Learning","Thunder Strike","Auto Shields","Fission"],"max_hp_per_floor":[75,75,75,75,75,75,75,75,75,75,75,75,75,75,75,75,75,75,75,75,75,75,75,75,75,75,75,75,75,75,75,75,75,75,75,75,75,75,75],"relics":["Cracked Core","War Paint","Cursed Key","Vajra","Bronze Scales","Happy Flower","Orichalcum","Inserter"],"card_choices":[{"not_picked":["Stack","Melter"],"picked":"Capacitor","floor":1},{"not_picked":["Skim","Go for the Eyes"],"picked":"Sunder","floor":4},{"not_picked":["Leap","Capacitor"],"picked":"Aggregate","floor":8},{"not_picked":["Go for the Eyes","Turbo"],"picked":"Double Energy","floor":10},{"not_picked":["All For One","Storm"],"picked":"White Noise","floor":14},{"not_picked":["Reboot","Creative AI"],"picked":"Redo","floor":16},{"not_picked":["Coolheaded","Axe Kick"],"picked":"Gash","floor":18},{"not_picked":["Undo","Double Energy"],"picked":"Sunder","floor":21},{"not_picked":["Blaster","Hologram"],"picked":"Darkness","floor":25},{"not_picked":["Rip and Tear","Capacitor"],"picked":"Machine Learning","floor":30},{"not_picked":["Creative AI","Redo"],"picked":"Thunder Strike","floor":33},{"not_picked":["Sweeping Beam","Streamline"],"picked":"Auto Shields","floor":36},{"not_picked":["Stack","Turbo"],"picked":"Fission","floor":38}],"player_experience":15881,"potions_floor_usage":[8,8,11,16,25,28,28,33,35],"damage_taken":[{"damage":1,"enemies":"Jaw Worm","floor":1,"turns":4},{"damage":5,"enemies":"Cultist","floor":4,"turns":4},{"damage":13,"enemies":"Lagavulin","floor":8,"turns":4},{"damage":0,"enemies":"Small Slimes","floor":10,"turns":2},{"damage":0,"enemies":"Red Slaver","floor":11,"turns":4},{"damage":10,"enemies":"Looter","floor":14,"turns":2},{"damage":46,"enemies":"The Guardian","floor":16,"turns":8},{"damage":2,"enemies":"Spheric Guardian","floor":18,"turns":3},{"damage":14,"enemies":"Shell Parasite","floor":21,"turns":5},{"damage":14,"enemies":"Gremlin Leader","floor":25,"turns":7},{"damage":19,"enemies":"Centurion and Healer","floor":28,"turns":4},{"damage":13,"enemies":"Snecko","floor":30,"turns":5},{"damage":76,"enemies":"Automaton","floor":33,"turns":9},{"damage":39,"enemies":"3 Shapes","floor":35,"turns":3},{"damage":19,"enemies":"Orb Walker","floor":36,"turns":3},{"damage":18,"enemies":"Maw","floor":38,"turns":8},{"damage":27,"enemies":"Sphere and 2 Shapes","floor":39,"turns":3}],"event_choices":[{"event_name":"Upgrade Shrine","player_choice":"Upgraded","floor":2,"damage_taken":0},{"event_name":"The Lab","player_choice":"Got Potions","floor":7,"damage_taken":0},{"event_name":"Bonfire Elementals","player_choice":"UNCOMMON","floor":20,"damage_taken":0},{"event_name":"Vampires","player_choice":"Became a vampire (Vial)","floor":22,"damage_taken":0},{"event_name":"The Mausoleum","player_choice":"Yes","floor":24,"damage_taken":0}],"boss_relics":[{"not_picked":["Velvet Choker","Black Star"],"picked":"Cursed Key"},{"not_picked":["Orrery","Astrolabe"],"picked":"Inserter"}],"potions_floor_spawned":[4,10,14,16,21,28,33,36],"seed_played":"1175871472731599749","killed_by":"Sphere and 2 Shapes","ascension_level":0,"is_trial":false}