{"gold_per_floor":[11,11,31,48,2,28,28,47,47,147,45,70,89,69,69,172,172,188,206,9,23,39,39],"floor_reached":23,"playtime":884,"items_purged":["Defend_R","Strike_R"],"score":254,"play_id":"1911e5c3-0407-43c7-bb8d-19b316c288be","local_time":"20190321145400","is_ascension_mode":true,"campfire_choices":[{"data":"Carnage","floor":7,"key":"SMITH"},{"floor":15,"key":"REST"}],"neow_cost":"NO_GOLD","seed_source_timestamp":147926735529600,"circlet_count":0,"master_deck":["Strike_R","Defend_R","Bash","Carnage+1","Thunderclap","Flex","Clash","Heavy Blade","Shrug It Off","Limit Break","Flex"],"relics":["Burning Blood","Pear","Gremlin Horn","Ancient Tea Set","Empty Cage"],"potions_floor_usage":[6,21,21,22,23,23,23],"damage_taken":[{"damage":12,"enemies":"Jaw Worm","floor":1,"turns":2},{"damage":1,"enemies":"Cultist","floor":3,"turns":3},{"damage":2,"enemies":"2 Louse","floor":4,"turns":2},{"damage":35,"enemies":"3 Sentries","floor":6,"turns":5},{"damage":8,"enemies":"Gremlin Gang","floor":8,"turns":4},{"damage":40,"enemies":"Lagavulin","floor":12,"turns":4},{"damage":1,"enemies":"Red Slaver","floor":13,"turns":2},{"damage":35,"enemies":"The Guardian","floor":16,"turns":9},{"damage":31,"enemies":"Shell Parasite","floor":18,"turns":5},{"damage":22,"enemies":"2 Thieves","floor":19,"turns":3},{"damage":16,"enemies":"Cultist and Chosen","floor":21,"turns":4},{"damage":0,"enemies":"Sentry and Sphere","floor":22,"turns":1},{"damage":30,"enemies":"Book of Stabbing","floor":23,"turns":4}],"seed_played":"-6990286101000394145","potions_obtained":[{"floor":1,"key":"Swift Potion"},{"floor":8,"key":"Swift Potion"},{"floor":14,"key":"Swift Potion"},{"floor":21,"key":"AttackPotion"}],"is_trial":false,"path_per_floor":["M","?","M","M","$","E","R","M","T","?","$","E","M","?","R","B",null,"M","M","$","M","M","E"],"character_chosen":"IRONCLAD","items_purchased":["Flex","Shrug It Off","EntropicBrew"],"campfire_rested":1,"item_purchase_floors":[5,11,20],"current_hp_per_floor":[74,74,79,80,80,61,61,59,59,59,59,25,30,30,57,28,75,50,34,34,24,30,0],"gold":39,"neow_bonus":"REMOVE_TWO","is_prod":false,"is_daily":false,"chose_seed":false,"campfire_upgraded":1,"win_rate":0,"timestamp":1553151240,"path_taken":["M","?","?","M","?","E","R","M","T","?","$","E","?","?","R","BOSS","M","M","$","?","M","E"],"build_version":"2019-01-23","purchased_purges":2,"victory":false,"max_hp_per_floor":[80,80,80,80,80,90,90,90,90,90,90,90,90,90,90,90,90,90,90,90,90,90,90],"card_choices":[{"not_picked":["Corruption","True Grit","Twin Strike"],"picked":"SKIP","floor":1},{"not_picked":["Seeing Red","Clothesline"],"picked":"Carnage","floor":3},{"not_picked":["Sword Boomerang","Carnage"],"picked":"Thunderclap","floor":4},{"not_picked":["Thunderclap","Evolve"],"picked":"Clash","floor":6},{"not_picked":["Infernal Blade","Body Slam"],"picked":"Heavy Blade","floor":8},{"not_picked":["Headbutt","Hemokinesis","Wild Strike"],"picked":"SKIP","floor":12},{"not_picked":["Sword Boomerang","Thunderclap","Shockwave"],"picked":"SKIP","floor":13},{"not_picked":["Dark Embrace","Bludgeon"],"picked":"Limit Break","floor":16},{"not_picked":["Shrug It Off","Fire Breathing","Entrench"],"picked":"SKIP","floor":18},{"not_picked":["Havoc","Pommel Strike","Clothesline"],"picked":"SKIP","floor":19},{"not_picked":["Sentinel","Infernal Blade","Clothesline"],"picked":"SKIP","floor":21},{"not_picked":["Demon Form","Thunderclap"],"picked":"Flex","floor":22}],"player_experience":399859,"relics_obtained":[{"floor":6,"key":"Pear"},{"floor":9,"key":"Gremlin Horn"},{"floor":12,"key":"Ancient Tea Set"}],"event_choices":[{"cards_removed":["Strike_R"],"damage_healed":0,"gold_gain":0,"player_choice":"Offered Basic","damage_taken":0,"max_hp_gain":0,"max_hp_loss":0,"event_name":"Bonfire Elementals","floor":2,"gold_loss":0},{"damage_healed":0,"gold_gain":100,"player_choice":"Pray","damage_taken":0,"max_hp_gain":0,"max_hp_loss":0,"event_name":"Golden Shrine","floor":10,"gold_loss":0},{"damage_healed":0,"gold_gain":0,"player_choice":"Bought 1 Potion","damage_taken":0,"max_hp_gain":0,"max_hp_loss":0,"event_name":"The Woman in Blue","floor":14,"gold_loss":0}],"is_beta":false,"boss_relics":[{"not_picked":["Snecko Eye","Eternal Feather"],"picked":"Empty Cage"}],"items_purged_floors":[11,20],"is_endless":false,"potions_floor_spawned":[1,8,21],"killed_by":"Book of Stabbing","ascension_level":5}