{"gold_per_floor":[116,133,133,133,133,166,183,183,183,213,229,247,247,257,257,331,381,394,394,394,96,71,103,0,0,82,82,82,82,82,96,96,169,169,186,201,201,216,216,216,248,248,275,275,12,47,62,79,79,79,79],"floor_reached":52,"playtime":5302,"items_purged":["Outmaneuver","Strike_G+1"],"score":1756,"play_id":"a2366aa4-23d8-48e9-8f04-7a07678bc373","local_time":"20190507214326","is_ascension_mode":true,"campfire_choices":[{"floor":8,"key":"REST"},{"floor":13,"key":"REST"},{"floor":15,"key":"REST"},{"floor":25,"key":"REST"},{"data":"Phantasmal Killer","floor":27,"key":"SMITH"},{"floor":29,"key":"REST"},{"data":"Footwork","floor":32,"key":"SMITH"},{"data":"Dash","floor":40,"key":"SMITH"},{"data":"Dash","floor":42,"key":"SMITH"},{"data":"Dodge and Roll","floor":44,"key":"SMITH"},{"floor":49,"key":"REST"}],"neow_cost":"NONE","seed_source_timestamp":283874506394900,"circlet_count":0,"master_deck":["AscendersBane","Defend_G+1","Defend_G+1","Defend_G+1","Defend_G+1","Defend_G+1","Strike_G+1","Strike_G+1","Survivor","Neutralize","Blur","Dash+1","Footwork+1","Dash+1","Phantasmal Killer+1","Predator+1","Flying Knee","Dodge and Roll+1","Dash+1","Necronomicurse","Dodge and Roll+1","Well Laid Plans+1","Footwork+1"],"relics":["Velvet Choker","Boot","Bottled Lightning","Shuriken","Tiny House","Lee\u0027s Waffle","Frozen Egg 2","Blue Candle","Necronomicon","Sozu","PreservedInsect","Orichalcum","Regal Pillow","Question Card"],"potions_floor_usage":[6,16,18,23,51],"damage_taken":[{"damage":0,"enemies":"Jaw Worm","floor":1,"turns":5},{"damage":2,"enemies":"2 Louse","floor":2,"turns":4},{"damage":36,"enemies":"Gremlin Nob","floor":6,"turns":5},{"damage":0,"enemies":"Small Slimes","floor":7,"turns":5},{"damage":1,"enemies":"Blue Slaver","floor":11,"turns":4},{"damage":9,"enemies":"Large Slime","floor":12,"turns":7},{"damage":0,"enemies":"3 Louse","floor":14,"turns":4},{"damage":35,"enemies":"Slime Boss","floor":16,"turns":16},{"damage":29,"enemies":"Chosen","floor":18,"turns":7},{"damage":9,"enemies":"2 Thieves","floor":22,"turns":5},{"damage":42,"enemies":"Slavers","floor":23,"turns":14},{"damage":0,"enemies":"Shelled Parasite and Fungi","floor":31,"turns":4},{"damage":7,"enemies":"Collector","floor":33,"turns":12},{"damage":0,"enemies":"Orb Walker","floor":35,"turns":3},{"damage":6,"enemies":"3 Darklings","floor":36,"turns":5},{"damage":0,"enemies":"Sphere and 2 Shapes","floor":38,"turns":6},{"damage":19,"enemies":"Nemesis","floor":41,"turns":7},{"damage":5,"enemies":"Reptomancer","floor":46,"turns":8},{"damage":2,"enemies":"Jaw Worm Horde","floor":47,"turns":4},{"damage":0,"enemies":"Spire Growth","floor":48,"turns":5},{"damage":18,"enemies":"Awakened One","floor":50,"turns":17},{"damage":26,"enemies":"Time Eater","floor":51,"turns":13}],"seed_played":"1787452268928751011","potions_obtained":[{"floor":2,"key":"Poison Potion"},{"floor":7,"key":"Ancient Potion"},{"floor":11,"key":"GhostInAJar"},{"floor":12,"key":"Energy Potion"},{"floor":17,"key":"FearPotion"},{"floor":18,"key":"Strength Potion"}],"is_trial":false,"path_per_floor":["M","M","?","?","T","E","M","R","T","?","M","M","R","M","R","B",null,"M","?","?","$","M","E","?","R","T","R","?","R","?","M","R","B",null,"M","M","?","M","?","R","E","R","T","R","$","E","M","M","R","B","B",null],"character_chosen":"THE_SILENT","items_purchased":["Lee\u0027s Waffle","Regal Pillow"],"campfire_rested":6,"item_purchase_floors":[21,45],"current_hp_per_floor":[59,57,37,42,42,6,6,27,27,27,26,17,38,38,59,24,64,35,35,35,83,74,32,32,56,56,56,35,59,59,59,59,52,75,75,69,69,69,69,69,50,50,50,50,50,45,43,43,79,61,35],"gold":79,"neow_bonus":"BOSS_RELIC","is_prod":false,"is_daily":false,"chose_seed":false,"campfire_upgraded":5,"win_rate":0,"timestamp":1557279806,"path_taken":["M","M","?","?","?","E","M","R","T","?","M","M","R","M","R","BOSS","M","?","?","$","M","E","?","R","T","R","?","R","?","M","R","BOSS","M","M","?","M","?","R","E","R","T","R","$","E","?","M","R","BOSS","BOSS"],"build_version":"2019-04-23","purchased_purges":2,"victory":true,"max_hp_per_floor":[66,66,66,71,71,71,71,71,71,71,71,71,71,71,71,71,76,76,76,76,83,83,83,83,83,83,83,83,83,83,83,83,83,83,83,83,79,79,79,79,79,79,79,79,79,79,79,79,79,79,79],"card_choices":[{"not_picked":["Dodge and Roll","Distraction"],"picked":"Blur","floor":1},{"not_picked":["Sucker Punch","Prepared"],"picked":"Dash","floor":2},{"not_picked":["Terror","Backstab"],"picked":"Footwork","floor":6},{"not_picked":["All Out Attack","Dagger Throw"],"picked":"Dash","floor":7},{"not_picked":["Deflect","Underhanded Strike","Concentrate"],"picked":"SKIP","floor":11},{"not_picked":["Outmaneuver","PiercingWail","Masterful Stab"],"picked":"SKIP","floor":12},{"not_picked":["Underhanded Strike","Outmaneuver","Cloak And Dagger"],"picked":"SKIP","floor":14},{"not_picked":["Envenom","Doppelganger"],"picked":"Phantasmal Killer","floor":16},{"not_picked":["Reflex","Dagger Throw"],"picked":"Predator","floor":17},{"not_picked":["Backflip","Reflex+1","Sucker Punch"],"picked":"SKIP","floor":18},{"not_picked":["Poisoned Stab","Leg Sweep"],"picked":"Dodge and Roll","floor":22},{"not_picked":["Quick Slash","Die Die Die"],"picked":"Dash","floor":23},{"not_picked":["Reflex","Cloak And Dagger"],"picked":"Dodge and Roll+1","floor":31},{"not_picked":["Noxious Fumes+1","Blur","Backflip"],"picked":"SKIP","floor":35},{"not_picked":["Backflip+1","Outmaneuver+1","Distraction+1"],"picked":"SKIP","floor":36},{"not_picked":["Flying Knee","Expertise+1","Caltrops+1"],"picked":"SKIP","floor":38},{"not_picked":["PiercingWail","Deflect"],"picked":"Well Laid Plans+1","floor":41},{"not_picked":["Endless Agony","Dagger Spray","Slice"],"picked":"SKIP","floor":46},{"not_picked":["Distraction+1","Deflect+1","PiercingWail+1","A Thousand Cuts+1"],"picked":"SKIP","floor":47},{"not_picked":["Backflip","Caltrops+1","Heel Hook"],"picked":"Footwork+1","floor":48}],"player_experience":1418215,"relics_obtained":[{"floor":5,"key":"Boot"},{"floor":6,"key":"Bottled Lightning"},{"floor":9,"key":"Shuriken"},{"floor":23,"key":"Frozen Egg 2"},{"floor":26,"key":"Blue Candle"},{"floor":28,"key":"Necronomicon"},{"floor":41,"key":"PreservedInsect"},{"floor":43,"key":"Orichalcum"},{"floor":46,"key":"Question Card"}],"event_choices":[{"damage_healed":0,"gold_gain":0,"player_choice":"Entered Light","damage_taken":20,"max_hp_gain":0,"max_hp_loss":0,"event_name":"Shining Light","floor":3,"gold_loss":0,"cards_upgraded":["Defend_G","Defend_G"]},{"damage_healed":0,"gold_gain":0,"player_choice":"Donut","damage_taken":0,"max_hp_gain":5,"max_hp_loss":0,"event_name":"Big Fish","floor":4,"gold_loss":0},{"damage_healed":0,"gold_gain":30,"player_choice":"Searched \u00271\u0027 times","damage_taken":0,"max_hp_gain":0,"max_hp_loss":0,"event_name":"Dead Adventurer","floor":10,"gold_loss":0},{"damage_healed":0,"gold_gain":0,"cards_transformed":["Strike_G","Strike_G"],"player_choice":"Became Test Subject","damage_taken":0,"max_hp_gain":0,"max_hp_loss":0,"event_name":"Drug Dealer","floor":19,"gold_loss":0,"cards_obtained":["Outmaneuver","Flying Knee"]},{"damage_healed":0,"gold_gain":0,"player_choice":"Simplicity","damage_taken":0,"max_hp_gain":0,"max_hp_loss":0,"event_name":"Back to Basics","floor":20,"gold_loss":0,"cards_upgraded":["Defend_G","Defend_G","Defend_G","Strike_G","Strike_G","Strike_G"]},{"damage_healed":0,"gold_gain":0,"player_choice":"Paid Fearfully","damage_taken":0,"max_hp_gain":0,"max_hp_loss":0,"event_name":"Masked Bandits","floor":24,"gold_loss":103},{"damage_healed":0,"gold_gain":0,"player_choice":"Obtained Book","damage_taken":21,"max_hp_gain":0,"max_hp_loss":0,"event_name":"Cursed Tome","floor":28,"gold_loss":0},{"damage_healed":0,"gold_gain":0,"player_choice":"Ignored","damage_taken":0,"max_hp_gain":0,"max_hp_loss":0,"event_name":"Ghosts","floor":30,"gold_loss":0},{"damage_healed":0,"gold_gain":0,"player_choice":"Max HP","damage_taken":0,"max_hp_gain":0,"max_hp_loss":4,"event_name":"Winding Halls","floor":37,"gold_loss":0},{"damage_healed":0,"gold_gain":0,"player_choice":"Upgraded","damage_taken":0,"max_hp_gain":0,"max_hp_loss":0,"event_name":"Upgrade Shrine","floor":39,"gold_loss":0,"cards_upgraded":["Predator"]}],"is_beta":true,"boss_relics":[{"not_picked":["Cursed Key","Calling Bell"],"picked":"Tiny House"},{"not_picked":["White Beast Statue","Busted Crown"],"picked":"Sozu"}],"items_purged_floors":[21,45],"is_endless":false,"potions_floor_spawned":[2,7,11,12,18,22,36,38,47],"ascension_level":20}