{"gold_per_floor":[119,119,119,137,111,145,164,164,164,164,164,164,177,197,197,328,328,344,115,129,154,154,154,197,197,197,215,215,240,103,117,117,117],"floor_reached":33,"playtime":4841,"items_purged":["Strike_B","Strike_B+1"],"score":294,"play_id":"8f702da3-20b8-43b6-ab98-cf800275c865","local_time":"20180716065359","is_ascension_mode":true,"campfire_choices":[{"floor":8,"key":"REST"},{"floor":10,"key":"REST"},{"data":"Defragment","floor":12,"key":"SMITH"},{"data":"Zap","floor":15,"key":"SMITH"},{"floor":23,"key":"REST"},{"floor":25,"key":"REST"},{"floor":32,"key":"REST"}],"neow_cost":"TEN_PERCENT_HP_LOSS","seed_source_timestamp":368383169104695,"circlet_count":0,"master_deck":["Strike_B+1","Defend_B","Defend_B","Defend_B","Zap+1","Dualcast","Chill","Reboot","Defragment+1","Redo","Electrodynamics","Redo+1","Redo+1","Defragment","Fusion","Creative AI","Defragment"],"relics":["Cracked Core","Golden Idol","Sundial","Orrery","War Paint","Mango","Gambling Chip","Nloth\u0027s Gift"],"potions_floor_usage":[31,31,33,33],"damage_taken":[{"damage":0,"enemies":"2 Louse","floor":1,"turns":2},{"damage":6,"enemies":"Small Slimes","floor":4,"turns":3},{"damage":30,"enemies":"Gremlin Nob","floor":6,"turns":4},{"damage":0,"enemies":"Cultist","floor":7,"turns":3},{"damage":3,"enemies":"3 Louse","floor":13,"turns":3},{"damage":6,"enemies":"Looter","floor":14,"turns":2},{"damage":27,"enemies":"The Guardian","floor":16,"turns":10},{"damage":1,"enemies":"Chosen","floor":18,"turns":4},{"damage":33,"enemies":"2 Thieves","floor":20,"turns":3},{"damage":13,"enemies":"Snecko","floor":21,"turns":3},{"damage":37,"enemies":"Slavers","floor":24,"turns":3},{"damage":27,"enemies":"Slaver and Parasite","floor":27,"turns":3},{"damage":12,"enemies":"Cultist and Chosen","floor":29,"turns":3},{"damage":0,"enemies":"Chosen and Byrds","floor":31,"turns":3},{"damage":60,"enemies":"Automaton","floor":33,"turns":6}],"seed_played":"-7257055506487301965","potions_obtained":[{"floor":1,"key":"Dexterity Potion"},{"floor":4,"key":"EssenceOfSteel"},{"floor":16,"key":"FearPotion"},{"floor":21,"key":"Block Potion"},{"floor":31,"key":"EssenceOfSteel"}],"is_trial":false,"path_per_floor":["M","?","?","M","?","E","M","R","T","R","?","R","M","M","R","B",null,"M","$","M","M","?","R","E","R","T","M","?","M","$","M","R"],"character_chosen":"DEFECT","items_purchased":["War Paint","Defragment"],"campfire_rested":5,"item_purchase_floors":[19,30],"current_hp_per_floor":[68,51,37,31,31,1,1,21,21,41,63,63,60,54,54,27,68,67,67,34,21,21,41,18,42,42,15,15,3,3,3,27,0],"gold":117,"neow_bonus":"TRANSFORM_TWO_CARDS","is_prod":false,"is_daily":false,"chose_seed":false,"campfire_upgraded":2,"win_rate":0,"timestamp":1531716839,"path_taken":["M","?","?","M","?","E","M","R","T","R","?","R","?","?","R","BOSS","M","$","M","M","?","R","E","R","T","M","?","M","$","M","R","BOSS"],"build_version":"2018-07-12","purchased_purges":2,"victory":false,"max_hp_per_floor":[68,68,68,68,68,68,68,68,68,68,68,68,68,68,68,68,68,68,68,68,68,68,68,82,82,82,82,82,82,82,82,82,82],"card_choices":[{"not_picked":["Stack","Fusion"],"picked":"Defragment","floor":1},{"not_picked":["Streamline","Sunder","Go for the Eyes"],"picked":"SKIP","floor":4},{"not_picked":["Leap","Steam Power","Consume"],"picked":"SKIP","floor":6},{"not_picked":["Coolheaded","Turbo","Barrage"],"picked":"SKIP","floor":7},{"not_picked":["Hyperbeam","Barrage","Compile Driver"],"picked":"SKIP","floor":13},{"not_picked":["Go for the Eyes","Ball Lightning"],"picked":"Redo","floor":14},{"not_picked":["Machine Learning","Amplify"],"picked":"Electrodynamics","floor":16},{"not_picked":["Force Field","Turbo"],"picked":"Redo","floor":17},{"not_picked":["White Noise","Compile Driver"],"picked":"Redo","floor":17},{"not_picked":["Scrape","Cold Snap"],"picked":"Defragment","floor":18},{"not_picked":["Blizzard+1","Aggregate","Barrage"],"picked":"SKIP","floor":20},{"not_picked":["Rip and Tear","Consume+1"],"picked":"Fusion","floor":21},{"not_picked":["Fission","Compile Driver+1","Coolheaded"],"picked":"SKIP","floor":24},{"not_picked":["Steam","Rebound","Undo"],"picked":"SKIP","floor":27},{"not_picked":["Compile Driver","Turbo"],"picked":"Creative AI","floor":29},{"not_picked":["Barrage","Sweeping Beam+1","Gash"],"picked":"SKIP","floor":31}],"player_experience":300757,"relics_obtained":[{"floor":6,"key":"Sundial"},{"floor":9,"key":"Shuriken"},{"floor":24,"key":"Mango"},{"floor":26,"key":"Gambling Chip"}],"event_choices":[{"event_name":"Golden Idol","player_choice":"Take Damage","floor":2,"damage_taken":0},{"event_name":"Shining Light","player_choice":"Entered Light","floor":3,"damage_taken":0},{"event_name":"World of Goop","player_choice":"Left","floor":5,"damage_taken":0},{"event_name":"Big Fish","player_choice":"Banana","floor":11,"damage_taken":0},{"event_name":"The Mausoleum","player_choice":"No","floor":22,"damage_taken":0},{"event_name":"N\u0027loth","player_choice":"Traded a Shuriken","floor":28,"damage_taken":0}],"boss_relics":[{"not_picked":["Coffee Dripper","Busted Crown"],"picked":"Orrery"}],"items_purged_floors":[19,30],"is_endless":false,"potions_floor_spawned":[1,4,16,21,31],"killed_by":"Automaton","ascension_level":2}