{"gold_per_floor":[111,77,77,100,110,140,140,170,170,170,92,110,126,145,145,218,218,235,235,25,44,0,0,0,0,77,77],"floor_reached":27,"playtime":650,"items_purged":[],"score":427,"play_id":"1f39168e-f0ea-405a-b249-d4f1ae7b94f6","local_time":"20181118084558","is_ascension_mode":true,"campfire_choices":[{"data":"Immolate","floor":7.0,"key":"SMITH"},{"data":"Flex","floor":10.0,"key":"SMITH"},{"data":"Rampage","floor":15.0,"key":"SMITH"},{"data":"Demon Form","floor":23,"key":"SMITH"},{"data":"Intimidate","floor":25,"key":"SMITH"}],"neow_cost":"NONE","seed_source_timestamp":0,"circlet_count":0,"master_deck":["AscendersBane","Strike_R","Strike_R","Strike_R+1","Strike_R","Strike_R","Defend_R","Defend_R","Defend_R","Defend_R","Bash","Thunderclap+1","Shockwave","Flex+1","Immolate+1","Pummel","Evolve","Evolve","Rampage+1","Demon Form+1","Intimidate+1","Headbutt","Decay"],"special_seed":0,"relics":["Burning Blood","NeowsBlessing","Regal Pillow","Ice Cream","Whetstone","Sundial","Blue Candle","Eternal Feather","Lee\u0027s Waffle","Tiny Chest"],"potions_floor_usage":[18,21],"damage_taken":[{"damage":0.0,"enemies":"Cultist","floor":1.0,"turns":1.0},{"damage":0.0,"enemies":"Jaw Worm","floor":5.0,"turns":1.0},{"damage":0.0,"enemies":"3 Sentries","floor":6.0,"turns":2.0},{"damage":19.0,"enemies":"Gremlin Nob","floor":8.0,"turns":4.0},{"damage":5.0,"enemies":"Small Slimes","floor":12.0,"turns":2.0},{"damage":8.0,"enemies":"Looter","floor":13.0,"turns":2.0},{"damage":5.0,"enemies":"2 Fungi Beasts","floor":14.0,"turns":4.0},{"damage":51.0,"enemies":"The Guardian","floor":16.0,"turns":9.0},{"damage":41,"enemies":"Spheric Guardian","floor":18,"turns":5},{"damage":50,"enemies":"Shell Parasite","floor":21,"turns":7},{"damage":64,"enemies":"Book of Stabbing","floor":27,"turns":5}],"seed_played":"2551539909473277971","potions_obtained":[{"floor":1.0,"key":"Fire Potion"},{"floor":12.0,"key":"BloodPotion"},{"floor":13.0,"key":"Ancient Potion"},{"floor":18,"key":"GamblersBrew"}],"is_trial":false,"path_per_floor":["M","$","?","T","M","E","R","E","T","R","?","M","M","M","R","B",null,"M","?","$","M","?","R","?","R","T","E"],"character_chosen":"IRONCLAD","items_purchased":["Shockwave","Lee\u0027s Waffle"],"campfire_rested":0,"item_purchase_floors":[2,20],"current_hp_per_floor":[74,74,74,74,75,75,75,62,62,62,62,63,61,62,62,17,61,33,33,82,38,38,50,50,62,62,0],"gold":77,"neow_bonus":"THREE_ENEMY_KILL","is_prod":false,"is_daily":false,"chose_seed":false,"campfire_upgraded":5,"win_rate":0,"timestamp":1542548758,"path_taken":["M","?","?","?","?","E","R","E","T","R","?","?","M","M","R","BOSS","M","?","$","M","?","R","?","R","T","E"],"build_version":"2018-11-15","purchased_purges":0,"victory":false,"max_hp_per_floor":[75,75,75,75,75,75,75,75,75,75,75,75,75,75,75,75,75,75,75,82,82,82,82,82,82,82,82],"card_choices":[{"not_picked":["Fire Breathing","Inflame"],"picked":"Thunderclap","floor":1.0},{"not_picked":["Pommel Strike","Evolve"],"picked":"Flex","floor":5.0},{"not_picked":["True Grit","Searing Blow"],"picked":"Immolate","floor":6.0},{"not_picked":["Evolve","Clothesline"],"picked":"Pummel","floor":8.0},{"not_picked":["Clothesline","Havoc"],"picked":"Evolve","floor":12.0},{"not_picked":["Havoc","Carnage"],"picked":"Evolve","floor":13.0},{"not_picked":["Perfected Strike","Clash"],"picked":"Rampage","floor":14.0},{"not_picked":["Barricade","Exhume"],"picked":"Demon Form","floor":16.0},{"not_picked":["Sentinel","Blood for Blood"],"picked":"Intimidate","floor":18},{"not_picked":["Twin Strike","Pommel Strike"],"picked":"Headbutt","floor":21}],"player_experience":737011,"relics_obtained":[{"floor":4.0,"key":"Regal Pillow"},{"floor":6.0,"key":"Ice Cream"},{"floor":8.0,"key":"Whetstone"},{"floor":9.0,"key":"Sundial"},{"floor":26,"key":"Tiny Chest"}],"event_choices":[{"damage_healed":0.0,"max_hp_gain":0.0,"max_hp_loss":0.0,"gold_gain":0.0,"event_name":"The Cleric","player_choice":"Leave","floor":3.0,"gold_loss":0.0,"damage_taken":0.0},{"damage_healed":0.0,"max_hp_gain":0.0,"max_hp_loss":0.0,"gold_gain":0.0,"event_name":"WeMeetAgain","player_choice":"Paid Gold","floor":11.0,"gold_loss":78.0,"damage_taken":0.0,"relics_obtained":["Blue Candle"]},{"damage_healed":0,"gold_gain":0,"player_choice":"Ignored","damage_taken":0,"max_hp_gain":0,"max_hp_loss":0,"event_name":"Ghosts","floor":19,"gold_loss":0},{"damage_healed":0,"gold_gain":0,"player_choice":"Paid Fearfully","damage_taken":0,"max_hp_gain":0,"max_hp_loss":0,"event_name":"Masked Bandits","floor":22,"gold_loss":44},{"damage_healed":0,"gold_gain":0,"player_choice":"Cursed","damage_taken":0,"max_hp_gain":0,"max_hp_loss":0,"event_name":"Wheel of Change","floor":24,"gold_loss":0,"cards_obtained":["Decay"]}],"is_beta":false,"boss_relics":[{"not_picked":["Ectoplasm","Orrery"],"picked":"Eternal Feather"}],"items_purged_floors":[],"is_endless":false,"potions_floor_spawned":[1,12,13,16,18],"killed_by":"Book of Stabbing","ascension_level":15}