{"gold_per_floor":[113,113,113,38,57,87,87,114,167,184,194,211,211,231,231,302,302,313,342,392,407,407],"floor_reached":22,"playtime":604,"items_purged":["Regret"],"score":442,"play_id":"5b772e64-b83a-4e81-bc0e-d05d5bec35c1","local_time":"20190330102202","is_ascension_mode":true,"campfire_choices":[{"data":"Dualcast","floor":7,"key":"SMITH"},{"data":"White Noise","floor":13,"key":"SMITH"},{"floor":15,"key":"REST"}],"neow_cost":"NONE","seed_source_timestamp":420801620153627,"circlet_count":0,"master_deck":["AscendersBane","Strike_B","Defend_B","Defend_B","Defend_B","Defend_B","Zap+1","Dualcast+1","Cold Snap","Scrape","Rip and Tear","Tempest","Barrage","Beam Cell","White Noise+1","Chill","Creative AI","Tempest+1","Melter+1","Biased Cognition+1","Steam","Hologram+1","Creative AI"],"relics":["Cracked Core","NeowsBlessing","Bronze Scales","Pantograph","Ice Cream","Tiny Chest","Astrolabe","Red Mask"],"potions_floor_usage":[12,16,18],"damage_taken":[{"damage":0,"enemies":"2 Louse","floor":1,"turns":1},{"damage":0,"enemies":"Small Slimes","floor":5,"turns":1},{"damage":0,"enemies":"Gremlin Nob","floor":6,"turns":1},{"damage":19,"enemies":"3 Sentries","floor":8,"turns":6},{"damage":5,"enemies":"Jaw Worm","floor":10,"turns":2},{"damage":13,"enemies":"Gremlin Gang","floor":11,"turns":3},{"damage":0,"enemies":"Looter","floor":12,"turns":1},{"damage":3,"enemies":"3 Louse","floor":14,"turns":2},{"damage":18,"enemies":"Slime Boss","floor":16,"turns":9},{"damage":16,"enemies":"Chosen","floor":18,"turns":5},{"damage":12,"enemies":"Masked Bandits","floor":19,"turns":3},{"damage":0,"enemies":"3 Byrds","floor":21,"turns":3},{"damage":43,"enemies":"Cultist and Chosen","floor":22,"turns":3}],"seed_played":"-2758618728610050140","potions_obtained":[{"floor":6,"key":"Weak Potion"},{"floor":8,"key":"FearPotion"},{"floor":12,"key":"FearPotion"}],"is_trial":false,"path_per_floor":["M","?","?","$","M","E","R","E","T","M","M","M","R","M","R","B",null,"M","?","?","M","M"],"character_chosen":"DEFECT","items_purchased":[],"campfire_rested":1,"item_purchase_floors":[],"current_hp_per_floor":[64,64,64,64,64,64,64,45,45,40,27,27,27,24,45,52,66,50,38,38,38,0],"gold":407,"neow_bonus":"THREE_ENEMY_KILL","is_prod":false,"is_daily":false,"chose_seed":false,"campfire_upgraded":2,"win_rate":0,"timestamp":1553955722,"path_taken":["M","?","?","?","M","E","R","E","T","M","M","M","R","?","R","BOSS","M","?","?","M","M"],"build_version":"2019-01-23","purchased_purges":1,"victory":false,"max_hp_per_floor":[71,71,71,71,71,71,71,71,71,71,71,71,71,71,71,71,71,71,71,71,71,71],"card_choices":[{"not_picked":["Beam Cell","Genetic Algorithm"],"picked":"Cold Snap","floor":1},{"not_picked":["Cold Snap","Hologram"],"picked":"Scrape","floor":5},{"not_picked":["Genetic Algorithm","Darkness"],"picked":"Rip and Tear","floor":6},{"not_picked":["Sweeping Beam","Leap"],"picked":"Tempest","floor":8},{"not_picked":["Rebound","Aggregate"],"picked":"Barrage","floor":10},{"not_picked":["Skim","Turbo"],"picked":"Beam Cell","floor":11},{"not_picked":["Force Field","Capacitor"],"picked":"White Noise","floor":12},{"not_picked":["Skim","Coolheaded"],"picked":"Chill","floor":14},{"not_picked":["Thunder Strike","Rainbow"],"picked":"Creative AI","floor":16},{"not_picked":["Barrage","Streamline+1"],"picked":"Steam","floor":18},{"not_picked":["Compile Driver","Leap"],"picked":"Hologram+1","floor":19},{"not_picked":["Beam Cell","Leap"],"picked":"Creative AI","floor":21}],"player_experience":883708,"relics_obtained":[{"floor":6,"key":"Pantograph"},{"floor":8,"key":"Ice Cream"},{"floor":9,"key":"Tiny Chest"},{"floor":19,"key":"Red Mask"}],"event_choices":[{"damage_healed":0,"gold_gain":0,"player_choice":"Box","damage_taken":0,"relics_obtained":["Bronze Scales"],"max_hp_gain":0,"max_hp_loss":0,"event_name":"Big Fish","floor":2,"gold_loss":0,"cards_obtained":["Regret"]},{"damage_healed":0,"gold_gain":0,"player_choice":"Grow","damage_taken":0,"max_hp_gain":0,"max_hp_loss":0,"event_name":"Living Wall","floor":3,"gold_loss":0,"cards_upgraded":["Zap"]},{"damage_healed":0,"gold_gain":0,"player_choice":"Fought Bandits","damage_taken":0,"max_hp_gain":0,"max_hp_loss":0,"event_name":"Masked Bandits","floor":19,"gold_loss":0},{"damage_healed":0,"gold_gain":100,"player_choice":"Bet on Murderer","damage_taken":0,"max_hp_gain":0,"max_hp_loss":0,"event_name":"The Joust","floor":20,"gold_loss":50}],"is_beta":false,"boss_relics":[{"not_picked":["Fusion Hammer","Black Star"],"picked":"Astrolabe"}],"items_purged_floors":[4],"is_endless":false,"potions_floor_spawned":[6,8,12,14],"killed_by":"Cultist and Chosen","ascension_level":20}