{"gold_per_floor":[113,113,113,38,50,84,84,102,126,126,153,164,182,202,202,301,301,318,334,348,348,448,477,477,492,492,523,523,555,32,32,32,127,127,141,186,186,29,29,29,63,163,189,200,200,200,220,5,5,5],"floor_reached":50,"playtime":2630,"items_purged":["Pain","Defend_R"],"score":850,"play_id":"dceeb5c2-afb3-4f4e-9069-77a85017c91d","local_time":"20190405184417","is_ascension_mode":true,"campfire_choices":[{"data":"Perfected Strike","floor":7,"key":"SMITH"},{"data":"Pommel Strike","floor":10,"key":"SMITH"},{"data":"Corruption","floor":15,"key":"SMITH"},{"data":"Fiend Fire","floor":28,"key":"SMITH"},{"data":"Bash","floor":32,"key":"SMITH"},{"data":"Pommel Strike","floor":40,"key":"SMITH"},{"data":"Dual Wield","floor":46,"key":"SMITH"},{"data":"Pommel Strike","floor":49,"key":"SMITH"}],"neow_cost":"NONE","seed_source_timestamp":1831196940038600,"circlet_count":0,"master_deck":["Strike_R","Strike_R","Strike_R","Strike_R","Strike_R","Defend_R","Defend_R","Defend_R","Bash+1","Perfected Strike+1","Pommel Strike+1","Spot Weakness","Corruption+1","Twin Strike","Disarm","Immolate","Fiend Fire+1","Carnage+1","Perfected Strike+1","Perfected Strike+1","Shrug It Off+1","Disarm","Pommel Strike+1","Dual Wield+1","Reaper","Inflame+1","Flame Barrier","Inflame+1","Clothesline+1","Shrug It Off","Pommel Strike+1","Heavy Blade","Twin Strike","Mind Blast","Shrug It Off"],"relics":["Burning Blood","Potion Belt","WarpedTongs","Lantern","Dream Catcher","Pen Nib","Snecko Eye","Champion Belt","The Courier","Question Card","MutagenicStrength","Smiling Mask","Anchor","Regal Pillow","Mummified Hand","Vajra","Frozen Egg 2","Lizard Tail","Bird Faced Urn","Brimstone","Bag of Preparation","Torii","Orichalcum"],"potions_floor_usage":[11,16,16,27,33,33,50,50,50,50],"damage_taken":[{"damage":0,"enemies":"Small Slimes","floor":1,"turns":4},{"damage":1,"enemies":"Cultist","floor":5,"turns":3},{"damage":18,"enemies":"Gremlin Nob","floor":6,"turns":4},{"damage":0,"enemies":"2 Louse","floor":8,"turns":2},{"damage":12,"enemies":"3 Sentries","floor":11,"turns":6},{"damage":6,"enemies":"Exordium Thugs","floor":12,"turns":3},{"damage":4,"enemies":"2 Fungi Beasts","floor":13,"turns":2},{"damage":0,"enemies":"Exordium Wildlife","floor":14,"turns":3},{"damage":36,"enemies":"Hexaghost","floor":16,"turns":7},{"damage":9,"enemies":"3 Byrds","floor":18,"turns":4},{"damage":0,"enemies":"Spheric Guardian","floor":19,"turns":1},{"damage":12,"enemies":"Cultist and Chosen","floor":20,"turns":3},{"damage":13,"enemies":"Colosseum Slavers","floor":22,"turns":2},{"damage":0,"enemies":"Colosseum Nobs","floor":22,"turns":2},{"damage":0,"enemies":"Gremlin Leader","floor":23,"turns":2},{"damage":9,"enemies":"3 Cultists","floor":25,"turns":4},{"damage":11,"enemies":"Slavers","floor":27,"turns":3},{"damage":0,"enemies":"Gremlin Leader","floor":29,"turns":1},{"damage":23,"enemies":"Champ","floor":33,"turns":6},{"damage":4,"enemies":"3 Shapes","floor":35,"turns":3},{"damage":3,"enemies":"2 Orb Walkers","floor":36,"turns":3},{"damage":15,"enemies":"Giant Head","floor":41,"turns":3},{"damage":2,"enemies":"Mind Bloom Boss Battle","floor":42,"turns":3},{"damage":0,"enemies":"3 Darklings","floor":44,"turns":2},{"damage":24,"enemies":"Maw","floor":47,"turns":3},{"damage":127,"enemies":"Awakened One","floor":50,"turns":6}],"seed_played":"-6488346891211240317","potions_obtained":[{"floor":1,"key":"Regen Potion"},{"floor":6,"key":"SteroidPotion"},{"floor":11,"key":"AttackPotion"},{"floor":12,"key":"PowerPotion"},{"floor":16,"key":"Poison Potion"},{"floor":18,"key":"SpeedPotion"},{"floor":25,"key":"SteroidPotion"},{"floor":33,"key":"Strength Potion"},{"floor":35,"key":"FairyPotion"},{"floor":36,"key":"Regen Potion"},{"floor":41,"key":"LiquidBronze"},{"floor":44,"key":"Ancient Potion"},{"floor":47,"key":"BloodPotion"}],"is_trial":false,"path_per_floor":["M","$","?","$","M","E","R","M","T","R","E","M","M","M","R","B",null,"M","M","M","$","?","E","?","M","T","E","R","E","$","?","R","B",null,"M","?","?","$","?","R","E","?","T","M","?","R","M","$","R","B"],"character_chosen":"IRONCLAD","items_purchased":["Mummified Hand","Vajra","Frozen Egg 2","Brimstone","Heavy Blade","Twin Strike","Mind Blast","Shrug It Off"],"campfire_rested":0,"item_purchase_floors":[30,30,30,38,48,48,48,48],"current_hp_per_floor":[78,78,78,78,80,68,68,74,74,74,80,80,80,80,80,50,73,70,76,70,70,69,75,75,72,72,67,67,73,73,73,73,56,74,80,80,80,80,76,76,69,75,75,76,76,76,58,58,58,0],"gold":5,"neow_bonus":"RANDOM_COMMON_RELIC","is_prod":false,"is_daily":false,"chose_seed":false,"campfire_upgraded":8,"win_rate":0,"timestamp":1554504257,"path_taken":["M","$","?","$","?","E","R","?","T","R","E","M","M","M","R","BOSS","M","M","M","$","?","E","?","M","T","E","R","E","$","?","R","BOSS","M","?","?","?","?","R","E","?","T","M","?","R","?","?","R","BOSS"],"build_version":"2019-01-23","purchased_purges":2,"victory":false,"max_hp_per_floor":[80,80,80,80,80,80,80,80,80,80,80,80,80,80,80,80,80,80,80,80,80,80,80,80,80,80,80,80,80,80,80,80,80,80,80,80,80,80,76,76,76,76,76,76,76,76,76,76,76,76],"card_choices":[{"not_picked":["Sever Soul","Evolve","Searing Blow"],"picked":"SKIP","floor":1},{"not_picked":["Havoc","Iron Wave"],"picked":"Perfected Strike","floor":5},{"not_picked":["Uppercut","Brutality"],"picked":"Pommel Strike","floor":6},{"not_picked":["True Grit","Rampage"],"picked":"Spot Weakness","floor":8},{"not_picked":["Battle Trance","Armaments"],"picked":"Corruption","floor":11},{"not_picked":["Wild Strike","Reckless Charge"],"picked":"Twin Strike","floor":12},{"not_picked":["Spot Weakness","Warcry"],"picked":"Disarm","floor":13},{"not_picked":["Clash","Cleave"],"picked":"Immolate","floor":14},{"not_picked":["Offering","Dark Embrace"],"picked":"Fiend Fire","floor":16},{"not_picked":["Warcry","Armaments"],"picked":"Carnage+1","floor":18},{"not_picked":["Ghostly Armor+1","Wild Strike"],"picked":"Perfected Strike+1","floor":19},{"not_picked":["Infernal Blade","Cleave"],"picked":"Perfected Strike+1","floor":20},{"not_picked":["Heavy Blade","Disarm"],"picked":"Shrug It Off+1","floor":22},{"not_picked":["Sentinel","Berserk"],"picked":"Disarm","floor":23},{"not_picked":["Infernal Blade+1","Heavy Blade+1","Clash"],"picked":"Flame Barrier","floor":25},{"not_picked":["Reckless Charge","Corruption","Exhume"],"picked":"Pommel Strike","floor":27},{"not_picked":["Anger","Wild Strike","Metallicize+1"],"picked":"Dual Wield","floor":29},{"not_picked":["Limit Break","Immolate","Exhume"],"picked":"Reaper","floor":33},{"not_picked":["Intimidate+1","Cleave","Heavy Blade"],"picked":"Inflame+1","floor":35},{"not_picked":["Disarm+1","Flex+1","Headbutt"],"picked":"Flame Barrier","floor":36},{"not_picked":["Evolve+1","Heavy Blade","Second Wind"],"picked":"Inflame+1","floor":41},{"not_picked":["True Grit","Armaments+1","Cleave"],"picked":"Clothesline+1","floor":42},{"not_picked":["Rampage+1","Juggernaut+1","Corruption+1"],"picked":"Shrug It Off","floor":44},{"not_picked":["Flame Barrier","Thunderclap+1","Havoc+1"],"picked":"Pommel Strike","floor":47}],"player_experience":273609,"relics_obtained":[{"floor":6,"key":"Lantern"},{"floor":9,"key":"Dream Catcher"},{"floor":11,"key":"Pen Nib"},{"floor":22,"key":"Champion Belt"},{"floor":22,"key":"The Courier"},{"floor":23,"key":"Question Card"},{"floor":26,"key":"Smiling Mask"},{"floor":27,"key":"Anchor"},{"floor":29,"key":"Regal Pillow"},{"floor":36,"key":"Bird Faced Urn"},{"floor":41,"key":"Bag of Preparation"},{"floor":42,"key":"Torii"},{"floor":43,"key":"Orichalcum"}],"event_choices":[{"damage_healed":0,"gold_gain":0,"player_choice":"Rummage","damage_taken":0,"relics_obtained":["WarpedTongs"],"max_hp_gain":0,"max_hp_loss":0,"event_name":"Accursed Blacksmith","floor":3,"gold_loss":0,"cards_obtained":["Pain"]},{"damage_healed":0,"gold_gain":0,"player_choice":"Fight","damage_taken":0,"max_hp_gain":0,"max_hp_loss":0,"event_name":"Colosseum","floor":22,"gold_loss":0},{"damage_healed":0,"gold_gain":0,"player_choice":"Fought Nobs","damage_taken":0,"max_hp_gain":0,"max_hp_loss":0,"event_name":"Colosseum","floor":22,"gold_loss":0},{"damage_healed":0,"gold_gain":0,"player_choice":"Inject Mutagens","damage_taken":0,"relics_obtained":["MutagenicStrength"],"max_hp_gain":0,"max_hp_loss":0,"event_name":"Drug Dealer","floor":24,"gold_loss":0},{"damage_healed":0,"gold_gain":0,"player_choice":"Ignored","damage_taken":0,"max_hp_gain":0,"max_hp_loss":0,"event_name":"Beggar","floor":31,"gold_loss":0},{"damage_healed":0,"gold_gain":0,"player_choice":"Fight","damage_taken":0,"max_hp_gain":0,"max_hp_loss":0,"event_name":"Mysterious Sphere","floor":36,"gold_loss":0},{"damage_healed":0,"gold_gain":0,"player_choice":"Memory 1","damage_taken":0,"max_hp_gain":0,"max_hp_loss":0,"event_name":"SensoryStone","floor":37,"gold_loss":0},{"damage_healed":0,"gold_gain":0,"player_choice":"Max HP","damage_taken":0,"max_hp_gain":0,"max_hp_loss":4,"event_name":"Winding Halls","floor":39,"gold_loss":0},{"damage_healed":0,"gold_gain":0,"player_choice":"Fight","damage_taken":0,"max_hp_gain":0,"max_hp_loss":0,"event_name":"MindBloom","floor":42,"gold_loss":0},{"cards_removed":["Flame Barrier"],"damage_healed":0,"gold_gain":0,"player_choice":"Removed Skill","damage_taken":0,"max_hp_gain":0,"max_hp_loss":0,"event_name":"Falling","floor":45,"gold_loss":0}],"is_beta":false,"boss_relics":[{"not_picked":["Mark of Pain","Sozu"],"picked":"Snecko Eye"},{"not_picked":["Black Star","Tiny House"],"picked":"Lizard Tail"}],"items_purged_floors":[4,48],"is_endless":false,"potions_floor_spawned":[1,6,11,12,16,18,22,25,33,35,36,41,44,47],"killed_by":"Awakened One","ascension_level":7}