{"gold_per_floor":[113,129,60,12,27,27,52,52,134,134,9,26,26,39,39,116,116,136,86,86,106,106,106,125,125,125,125,140,140,151,151,151,227,227,247,247,262,280,300,300],"floor_reached":40,"playtime":1063,"items_purged":["Strike_G","Strike_G"],"score":679,"play_id":"247a6726-a7ac-4e7c-a685-1762aa39652c","local_time":"20190304173359","is_ascension_mode":true,"campfire_choices":[{"data":"Cloak And Dagger","floor":6.0,"key":"SMITH"},{"data":"Blade Dance","floor":8.0,"key":"SMITH"},{"data":"Well Laid Plans","floor":15.0,"key":"SMITH"},{"data":"Footwork","floor":23.0,"key":"SMITH"},{"data":"Accuracy","floor":25.0,"key":"SMITH"},{"data":"Neutralize","floor":27.0,"key":"SMITH"},{"data":"Infinite Blades","floor":29.0,"key":"SMITH"},{"data":"Endless Agony","floor":32.0,"key":"SMITH"}],"neow_cost":"NONE","seed_source_timestamp":167625679111038,"circlet_count":0,"master_deck":["AscendersBane","Defend_G","Defend_G","Defend_G","Defend_G","Defend_G","Strike_G","Survivor","Neutralize+1","Accuracy+1","Blade Dance+1","Footwork+1","Cloak And Dagger+1","Well Laid Plans+1","Endless Agony+1","Infinite Blades+1","Backflip","Burst"],"special_seed":0,"relics":["Ring of the Snake","NeowsBlessing","Smiling Mask","Shuriken","Eternal Feather","Vajra","WristBlade"],"potions_floor_usage":[40],"damage_taken":[{"damage":0.0,"enemies":"Cultist","floor":1.0,"turns":1.0},{"damage":0.0,"enemies":"Small Slimes","floor":2.0,"turns":1.0},{"damage":0.0,"enemies":"2 Louse","floor":5.0,"turns":1.0},{"damage":49.0,"enemies":"Gremlin Nob","floor":7.0,"turns":5.0},{"damage":0.0,"enemies":"Looter","floor":12.0,"turns":4.0},{"damage":5.0,"enemies":"Lots of Slimes","floor":14.0,"turns":3.0},{"damage":1.0,"enemies":"Slime Boss","floor":16.0,"turns":7.0},{"damage":2.0,"enemies":"3 Byrds","floor":18.0,"turns":6.0},{"damage":2.0,"enemies":"Shell Parasite","floor":21.0,"turns":5.0},{"damage":13.0,"enemies":"Cultist and Chosen","floor":24.0,"turns":6.0},{"damage":16.0,"enemies":"Snecko","floor":28.0,"turns":4.0},{"damage":17.0,"enemies":"Snake Plant","floor":30.0,"turns":5.0},{"damage":15.0,"enemies":"Champ","floor":33.0,"turns":8.0},{"damage":22.0,"enemies":"3 Darklings","floor":35.0,"turns":5.0},{"damage":5.0,"enemies":"3 Shapes","floor":37.0,"turns":5.0},{"damage":0.0,"enemies":"Sphere and 2 Shapes","floor":38.0,"turns":4.0},{"damage":6.0,"enemies":"Spire Growth","floor":39.0,"turns":4.0},{"damage":31,"enemies":"Nemesis","floor":40,"turns":4}],"seed_played":"1091035636051074758","potions_obtained":[{"floor":1.0,"key":"GamblersBrew"},{"floor":12.0,"key":"Fire Potion"},{"floor":14.0,"key":"EntropicBrew"},{"floor":16.0,"key":"Fire Potion"},{"floor":24.0,"key":"AttackPotion"},{"floor":39.0,"key":"Poison Potion"}],"is_trial":false,"path_per_floor":["M","M","$","$","M","R","E","R","T","?","$","M","?","M","R","B",null,"M","$","?","M","?","R","M","R","T","R","M","R","M","?","R","B",null,"M","?","M","M","M","E"],"character_chosen":"THE_SILENT","items_purchased":["Footwork","Cloak And Dagger","Well Laid Plans"],"campfire_rested":0,"item_purchase_floors":[3,4,11],"current_hp_per_floor":[59,59,59,59,59,59,10,10,10,32,32,32,25,20,20,19,54,52,52,52,50,50,59,46,55,55,64,48,57,40,40,49,34,58,36,36,31,31,25,0],"gold":300,"neow_bonus":"THREE_ENEMY_KILL","is_prod":false,"is_daily":false,"chose_seed":false,"campfire_upgraded":8,"win_rate":0,"timestamp":1551692039,"path_taken":["M","M","?","$","M","R","E","R","T","?","$","M","?","M","R","BOSS","M","$","?","?","?","R","M","R","T","R","M","R","M","?","R","BOSS","M","?","M","M","M","E"],"build_version":"2019-01-23","purchased_purges":2,"victory":false,"max_hp_per_floor":[66,66,66,66,66,66,66,66,66,66,66,66,66,66,66,66,66,66,66,66,66,66,66,66,66,66,66,66,66,66,66,66,66,66,66,66,66,66,66,66],"card_choices":[{"not_picked":["Slice","Blade Dance"],"picked":"Accuracy","floor":1.0},{"not_picked":["Eviscerate","Backflip"],"picked":"Blade Dance","floor":2.0},{"not_picked":["Slice","Leg Sweep","Flechettes"],"picked":"SKIP","floor":5.0},{"not_picked":["Unload","Riddle With Holes","Blade Dance"],"picked":"SKIP","floor":7.0},{"not_picked":["Underhanded Strike","Quick Slash","Expertise"],"picked":"SKIP","floor":12.0},{"not_picked":["Deflect","Flechettes"],"picked":"Endless Agony","floor":14.0},{"not_picked":["Dagger Throw+1","Deflect","Eviscerate"],"picked":"SKIP","floor":18.0},{"not_picked":["Leg Sweep","Quick Slash","Bane"],"picked":"SKIP","floor":21.0},{"not_picked":["Flying Knee","Well Laid Plans","Poisoned Stab"],"picked":"SKIP","floor":24.0},{"not_picked":["Bane","Cloak And Dagger"],"picked":"Backflip","floor":28.0},{"not_picked":["Expertise","Die Die Die","Outmaneuver"],"picked":"SKIP","floor":30.0},{"not_picked":["Bullet Time","Die Die Die"],"picked":"Burst","floor":33.0},{"not_picked":["Deadly Poison","Leg Sweep","Dagger Throw"],"picked":"SKIP","floor":35.0},{"not_picked":["All Out Attack","Bane","Dagger Spray+1"],"picked":"SKIP","floor":37.0},{"not_picked":["Expertise","Dodge and Roll+1","Underhanded Strike"],"picked":"SKIP","floor":38.0},{"not_picked":["Outmaneuver","Flying Knee+1","Well Laid Plans"],"picked":"SKIP","floor":39.0}],"player_experience":1108169,"relics_obtained":[{"floor":7.0,"key":"Smiling Mask"},{"floor":9.0,"key":"Shuriken"},{"floor":26.0,"key":"Vajra"}],"event_choices":[{"damage_healed":22.0,"max_hp_gain":0.0,"max_hp_loss":0.0,"gold_gain":0.0,"event_name":"Big Fish","player_choice":"Banana","floor":10.0,"gold_loss":0.0,"damage_taken":0.0},{"cards_removed":["Strike_G"],"damage_healed":0.0,"max_hp_gain":0.0,"max_hp_loss":0.0,"gold_gain":0.0,"event_name":"Golden Wing","player_choice":"Card Removal","floor":13.0,"gold_loss":0.0,"damage_taken":7.0},{"cards_removed":["Strike_G"],"damage_healed":0.0,"max_hp_gain":0.0,"max_hp_loss":0.0,"gold_gain":0.0,"event_name":"Wheel of Change","player_choice":"Card Removal","floor":20.0,"gold_loss":0.0,"damage_taken":0.0},{"damage_healed":0.0,"max_hp_gain":0.0,"max_hp_loss":0.0,"gold_gain":0.0,"event_name":"The Library","player_choice":"Read","floor":22.0,"gold_loss":0.0,"damage_taken":0.0,"cards_obtained":["Infinite Blades"]},{"damage_healed":0.0,"max_hp_gain":0.0,"max_hp_loss":0.0,"gold_gain":0.0,"event_name":"Ghosts","player_choice":"Ignored","floor":31.0,"gold_loss":0.0,"damage_taken":0.0},{"damage_healed":0.0,"max_hp_gain":0.0,"max_hp_loss":0.0,"gold_gain":0.0,"event_name":"SensoryStone","player_choice":"Memory 1","floor":36.0,"gold_loss":0.0,"damage_taken":0.0}],"is_beta":false,"boss_relics":[{"not_picked":["Velvet Choker","White Beast Statue"],"picked":"Eternal Feather"},{"not_picked":["Snecko Eye","Fusion Hammer"],"picked":"WristBlade"}],"items_purged_floors":[11,19],"is_endless":false,"potions_floor_spawned":[1,12,14,16,24,28,39],"killed_by":"Nemesis","ascension_level":15}