{"gold_per_floor":[110,110,35,110,131,166,166,207,256,166,184,218,218,242,242,332,332,345,345,345,368,2,2,25,25,25,50,50,50,69,16,16,16],"floor_reached":33,"playtime":938,"items_purged":[],"score":576,"play_id":"6fa361dd-5fb5-4912-9b50-35cdaf1a9e5c","local_time":"20190206153353","is_ascension_mode":true,"campfire_choices":[{"data":"Rampage","floor":7,"key":"SMITH"},{"data":"Swift Strike","floor":13,"key":"SMITH"},{"data":"Brutality","floor":15,"key":"SMITH"},{"floor":23,"key":"REST"},{"floor":25,"key":"REST"},{"floor":28,"key":"REST"},{"data":"Flex","floor":32,"key":"SMITH"}],"neow_cost":"NONE","seed_source_timestamp":159949078318097,"circlet_count":0,"master_deck":["AscendersBane","Strike_R","Strike_R","Strike_R","Strike_R","Defend_R+1","Defend_R","Defend_R","Defend_R+1","Bash","Rampage+1","Twin Strike","Metallicize","Cleave","Swift Strike+1","Shockwave","Brutality+1","Rupture","Double Tap","Headbutt","Swift Strike","Flex+1"],"relics":["Burning Blood","NeowsBlessing","Golden Idol","War Paint","FossilizedHelix","Centennial Puzzle","Bottled Flame","White Beast Statue","MutagenicStrength","Kunai","Mummified Hand"],"potions_floor_usage":[8,12,16,16,18,24,27,27,33],"damage_taken":[{"damage":0,"enemies":"Jaw Worm","floor":1,"turns":1},{"damage":0,"enemies":"Cultist","floor":5,"turns":1},{"damage":0,"enemies":"3 Sentries","floor":6,"turns":2},{"damage":26,"enemies":"Gremlin Nob","floor":8,"turns":4},{"damage":0,"enemies":"2 Louse","floor":11,"turns":2},{"damage":9,"enemies":"Lagavulin","floor":12,"turns":6},{"damage":7,"enemies":"Exordium Thugs","floor":14,"turns":5},{"damage":41,"enemies":"The Guardian","floor":16,"turns":7},{"damage":28,"enemies":"2 Thieves","floor":18,"turns":4},{"damage":29,"enemies":"Shell Parasite","floor":21,"turns":5},{"damage":27,"enemies":"Snake Plant","floor":24,"turns":4},{"damage":15,"enemies":"Cultist and Chosen","floor":27,"turns":4},{"damage":15,"enemies":"Shelled Parasite and Fungi","floor":30,"turns":3},{"damage":94,"enemies":"Collector","floor":33,"turns":6}],"seed_played":"2496240689467818375","potions_obtained":[{"floor":1,"key":"LiquidBronze"},{"floor":8,"key":"PowerPotion"},{"floor":11,"key":"Weak Potion"},{"floor":12,"key":"Block Potion"},{"floor":16,"key":"SkillPotion"},{"floor":18,"key":"SteroidPotion"},{"floor":21,"key":"SkillPotion"},{"floor":24,"key":"SkillPotion"},{"floor":27,"key":"FairyPotion"},{"floor":30,"key":"Ancient Potion"}],"is_trial":false,"path_per_floor":["M","?","?","?","M","E","R","E","T","$","M","E","R","M","R","B",null,"M","$","?","M","$","R","M","R","T","M","R","?","M","$","R","B"],"character_chosen":"IRONCLAD","items_purchased":["Swift Strike","Kunai","Swift Strike","Flex"],"campfire_rested":3,"item_purchase_floors":[10,22,22,31],"current_hp_per_floor":[74,74,74,63,69,75,75,55,55,55,61,58,58,57,57,22,62,40,40,40,17,17,39,18,40,40,31,53,53,44,44,44,0],"gold":16,"neow_bonus":"THREE_ENEMY_KILL","is_prod":false,"is_daily":false,"chose_seed":false,"campfire_upgraded":4,"win_rate":0,"timestamp":1549485233,"path_taken":["M","?","?","?","?","E","R","E","T","?","M","E","R","M","R","BOSS","M","?","?","M","$","R","M","R","T","M","R","?","?","?","R","BOSS"],"build_version":"2019-01-23","purchased_purges":0,"victory":false,"max_hp_per_floor":[75,75,75,75,75,75,75,75,75,75,75,75,75,75,75,75,75,75,75,75,75,75,75,75,75,75,75,75,75,75,75,75,75],"card_choices":[{"not_picked":["Reckless Charge","Heavy Blade"],"picked":"Rampage","floor":1},{"not_picked":["Shrug It Off","Armaments"],"picked":"Twin Strike","floor":5},{"not_picked":["Bloodletting","Clash"],"picked":"Metallicize","floor":6},{"not_picked":["Berserk","Bloodletting"],"picked":"Cleave","floor":8},{"not_picked":["Clash","Ghostly Armor"],"picked":"Shockwave","floor":11},{"not_picked":["Perfected Strike","Bloodletting"],"picked":"Brutality","floor":12},{"not_picked":["Carnage","Iron Wave"],"picked":"Rupture","floor":14},{"not_picked":["Juggernaut","Berserk"],"picked":"Double Tap","floor":16},{"not_picked":["Clash","Evolve","Sword Boomerang"],"picked":"SKIP","floor":18},{"not_picked":["Cleave","Heavy Blade"],"picked":"Headbutt","floor":21},{"not_picked":["Body Slam","Twin Strike","Clash+1"],"picked":"SKIP","floor":24},{"not_picked":["Perfected Strike","Burning Pact","Body Slam"],"picked":"SKIP","floor":27},{"not_picked":["Cleave","Perfected Strike","Intimidate"],"picked":"SKIP","floor":30}],"player_experience":826469,"relics_obtained":[{"floor":6,"key":"War Paint"},{"floor":8,"key":"FossilizedHelix"},{"floor":9,"key":"Centennial Puzzle"},{"floor":12,"key":"Bottled Flame"},{"floor":26,"key":"Mummified Hand"}],"event_choices":[{"damage_healed":0,"gold_gain":0,"player_choice":"Take Wound","damage_taken":0,"relics_obtained":["Golden Idol"],"max_hp_gain":0,"max_hp_loss":0,"event_name":"Golden Idol","floor":2,"gold_loss":0,"cards_obtained":["Injury"]},{"cards_removed":["Injury"],"damage_healed":0,"gold_gain":0,"player_choice":"Card Removal","damage_taken":0,"max_hp_gain":0,"max_hp_loss":0,"event_name":"The Cleric","floor":3,"gold_loss":75},{"damage_healed":0,"gold_gain":75,"player_choice":"Gather Gold","damage_taken":11,"max_hp_gain":0,"max_hp_loss":0,"event_name":"World of Goop","floor":4,"gold_loss":0},{"damage_healed":0,"gold_gain":0,"player_choice":"Inject Mutagens","damage_taken":0,"relics_obtained":["MutagenicStrength"],"max_hp_gain":0,"max_hp_loss":0,"event_name":"Drug Dealer","floor":20,"gold_loss":0},{"cards_removed":["Strike_R"],"damage_healed":0,"gold_gain":0,"player_choice":"Offered Basic","damage_taken":0,"max_hp_gain":0,"max_hp_loss":0,"event_name":"Bonfire Elementals","floor":29,"gold_loss":0}],"is_beta":false,"boss_relics":[{"not_picked":["Ectoplasm","Coffee Dripper"],"picked":"White Beast Statue"}],"items_purged_floors":[],"is_endless":false,"potions_floor_spawned":[1,8,11,12,16,18,21,24,27,30],"killed_by":"Collector","ascension_level":20}