{"gold_per_floor":[111,124,142,158,172,172,200,200,200,212,212,227,248,266,266,366,366,385,385,310,322,342,342,342],"floor_reached":24,"playtime":1061,"items_purged":["Strike_G"],"score":202,"play_id":"025a1ea0-261f-47e6-ba25-7283c168ae62","local_time":"20190413143849","is_ascension_mode":false,"campfire_choices":[{"data":"Deadly Poison","floor":6,"key":"SMITH"},{"data":"Neutralize","floor":8,"key":"SMITH"},{"floor":11,"key":"REST"},{"floor":15,"key":"REST"},{"floor":23,"key":"REST"}],"neow_cost":"NONE","seed_source_timestamp":194784383685600,"circlet_count":0,"master_deck":["Defend_G","Defend_G","Defend_G","Defend_G","Defend_G","Strike_G","Strike_G","Strike_G","Strike_G","Survivor","Neutralize+1","Tactician","Deadly Poison+1","Cloak And Dagger","Adrenaline","Infinite Blades","Bouncing Flask","Noxious Fumes","Accuracy","Blur","Well Laid Plans","Footwork","Envenom","Blur","PiercingWail","Caltrops+1"],"relics":["Ring of the Snake","NeowsBlessing","Dream Catcher","Odd Mushroom","Philosopher\u0027s Stone"],"potions_floor_usage":[7,18,18],"damage_taken":[{"damage":0,"enemies":"Jaw Worm","floor":1,"turns":1},{"damage":0,"enemies":"2 Louse","floor":2,"turns":1},{"damage":0,"enemies":"Cultist","floor":3,"turns":1},{"damage":16,"enemies":"3 Louse","floor":4,"turns":3},{"damage":4,"enemies":"Large Slime","floor":5,"turns":7},{"damage":25,"enemies":"Lagavulin","floor":7,"turns":7},{"damage":0,"enemies":"Exordium Wildlife","floor":10,"turns":3},{"damage":2,"enemies":"2 Fungi Beasts","floor":12,"turns":4},{"damage":11,"enemies":"The Mushroom Lair","floor":13,"turns":5},{"damage":0,"enemies":"Large Slime","floor":14,"turns":4},{"damage":10,"enemies":"Hexaghost","floor":16,"turns":8},{"damage":43,"enemies":"3 Byrds","floor":18,"turns":6},{"damage":15,"enemies":"Shell Parasite","floor":21,"turns":6},{"damage":15,"enemies":"Snecko","floor":22,"turns":7},{"damage":26,"enemies":"3 Cultists","floor":24,"turns":5}],"seed_played":"-3125049431737664261","potions_obtained":[{"floor":3,"key":"SteroidPotion"},{"floor":4,"key":"Ancient Potion"},{"floor":10,"key":"SneckoOil"},{"floor":14,"key":"Regen Potion"}],"is_trial":false,"path_per_floor":["M","M","M","M","M","R","E","R","T","M","R","M","?","M","R","B",null,"M","?","$","M","M","R","M"],"character_chosen":"THE_SILENT","items_purchased":[],"campfire_rested":3,"item_purchase_floors":[],"current_hp_per_floor":[70,70,70,54,50,50,25,25,25,25,46,44,33,33,54,44,70,42,42,42,27,12,33,7],"gold":342,"neow_bonus":"THREE_ENEMY_KILL","is_prod":false,"is_daily":false,"chose_seed":false,"campfire_upgraded":2,"win_rate":0,"timestamp":1555137529,"path_taken":["M","M","M","M","M","R","E","R","T","M","R","M","?","M","R","BOSS","M","?","$","M","?","R","M"],"build_version":"2019-01-23","purchased_purges":1,"victory":false,"max_hp_per_floor":[70,70,70,70,70,70,70,70,70,70,70,70,70,70,70,70,70,70,70,70,70,70,70,70],"card_choices":[{"not_picked":["Quick Slash","Bane"],"picked":"Tactician","floor":1},{"not_picked":["Dagger Throw","Flying Knee"],"picked":"Deadly Poison","floor":2},{"not_picked":["Distraction","Dodge and Roll","Flechettes"],"picked":"SKIP","floor":3},{"not_picked":["Blade Dance","Sucker Punch"],"picked":"Cloak And Dagger","floor":4},{"not_picked":["Underhanded Strike","Slice"],"picked":"Adrenaline","floor":5},{"not_picked":["Setup","Bane"],"picked":"Infinite Blades","floor":7},{"not_picked":["Underhanded Strike","Dagger Throw"],"picked":"Bouncing Flask","floor":10},{"not_picked":["Leg Sweep","Calculated Gamble"],"picked":"Noxious Fumes","floor":11},{"not_picked":["Dodge and Roll","Finisher"],"picked":"Accuracy","floor":12},{"not_picked":["Finisher","Slice"],"picked":"Blur","floor":13},{"not_picked":["Poisoned Stab","Underhanded Strike"],"picked":"Well Laid Plans","floor":14},{"not_picked":["Slice","Dodge and Roll"],"picked":"Footwork","floor":15},{"not_picked":["Malaise","Doppelganger"],"picked":"Envenom","floor":16},{"not_picked":["Deflect","Slice+1","Bane"],"picked":"SKIP","floor":18},{"not_picked":["Blur","Skewer+1"],"picked":"PiercingWail","floor":21},{"not_picked":["Dagger Throw","Quick Slash+1","Eviscerate+1"],"picked":"SKIP","floor":22},{"not_picked":["Sucker Punch","Heel Hook"],"picked":"Caltrops+1","floor":23}],"player_experience":479889,"relics_obtained":[{"floor":7,"key":"Dream Catcher"},{"floor":13,"key":"Odd Mushroom"}],"event_choices":[{"damage_healed":0,"gold_gain":0,"player_choice":"Fought Mushrooms","damage_taken":0,"max_hp_gain":0,"max_hp_loss":0,"event_name":"Mushrooms","floor":13,"gold_loss":0},{"damage_healed":0,"gold_gain":0,"player_choice":"Copied","damage_taken":0,"max_hp_gain":0,"max_hp_loss":0,"event_name":"Duplicator","floor":19,"gold_loss":0,"cards_obtained":["Blur"]}],"is_beta":false,"boss_relics":[{"not_picked":["Eternal Feather","Snecko Eye"],"picked":"Philosopher\u0027s Stone"}],"items_purged_floors":[20],"is_endless":false,"potions_floor_spawned":[3,4,10,14],"killed_by":"3 Cultists","ascension_level":0}