{"gold_per_floor":[217,233,233,233,243,271,291,302,329,329,343,395,395,415,415,515,565,584,683,773,334,321,321],"floor_reached":23,"playtime":1245,"items_purged":[],"score":218,"play_id":"15077c5b-7b0b-4434-9a97-170b856bcdc8","local_time":"20180802154716","is_ascension_mode":false,"campfire_choices":[{"floor":10,"key":"REST"},{"floor":13,"key":"REST"},{"floor":15,"key":"REST"}],"neow_cost":"NONE","seed_source_timestamp":348038798919188,"circlet_count":0,"master_deck":["Strike_R+1","Strike_R","Strike_R","Strike_R","Strike_R","Defend_R","Defend_R","Defend_R","Defend_R","Bash+1","Thunderclap","Cleave","Heavy Blade","Flame Barrier","Flex","Rampage+1","Iron Wave","Berserk","Reaper","Flex","Cleave","Flash of Steel","Perfected Strike+1"],"relics":["Burning Blood","Blood Vial","Boot","Tiny House","Strawberry","Toy Ornithopter"],"potions_floor_usage":[5,8,16,16,16,16,16,22,22],"damage_taken":[{"damage":6,"enemies":"Jaw Worm","floor":1,"turns":3},{"damage":7,"enemies":"2 Louse","floor":2,"turns":3},{"damage":3,"enemies":"Small Slimes","floor":5,"turns":2},{"damage":41,"enemies":"Lagavulin","floor":6,"turns":8},{"damage":3,"enemies":"3 Louse","floor":7,"turns":3},{"damage":26,"enemies":"Exordium Thugs","floor":8,"turns":4},{"damage":9,"enemies":"Red Slaver","floor":11,"turns":4},{"damage":7,"enemies":"Blue Slaver","floor":14,"turns":3},{"damage":57,"enemies":"Hexaghost","floor":16,"turns":9},{"damage":38,"enemies":"Spheric Guardian","floor":18,"turns":5},{"damage":35,"enemies":"2 Thieves","floor":22,"turns":4},{"damage":51,"enemies":"Book of Stabbing","floor":23,"turns":4}],"seed_played":"1222662927562019750","potions_obtained":[{"floor":2,"key":"FearPotion"},{"floor":6,"key":"Weak Potion"},{"floor":8,"key":"Poison Potion"},{"floor":14,"key":"EntropicBrew"},{"floor":17,"key":"LiquidBronze"}],"is_trial":false,"path_per_floor":["M","M","?","?","M","E","M","M","T","R","M","?","R","M","R","B",null,"M","?","?","$","M"],"character_chosen":"IRONCLAD","items_purchased":["Strawberry","Toy Ornithopter","Regen Potion"],"campfire_rested":3,"item_purchase_floors":[21,21,21],"current_hp_per_floor":[80,79,63,68,71,36,41,23,23,48,47,47,72,73,85,34,90,58,58,31,38,43,0],"gold":321,"neow_bonus":"HUNDRED_GOLD","is_prod":false,"is_daily":false,"chose_seed":false,"campfire_upgraded":0,"win_rate":0,"timestamp":1533217636,"path_taken":["M","M","?","?","M","E","?","M","T","R","M","?","R","M","R","BOSS","M","?","?","$","M","E"],"build_version":"2018-07-26","purchased_purges":0,"victory":false,"max_hp_per_floor":[80,80,80,85,85,85,85,85,85,85,85,85,85,85,85,85,90,90,90,90,97,97,97],"card_choices":[{"not_picked":["Pommel Strike","Iron Wave"],"picked":"Thunderclap","floor":1},{"not_picked":["Pommel Strike","Heavy Blade"],"picked":"Cleave","floor":2},{"not_picked":["Corruption","Wild Strike"],"picked":"Heavy Blade","floor":5},{"not_picked":["Ghostly Armor","Dark Embrace"],"picked":"Flame Barrier","floor":6},{"not_picked":["Wild Strike","Armaments"],"picked":"Flex","floor":7},{"not_picked":["Carnage","Heavy Blade"],"picked":"Rampage","floor":8},{"not_picked":["Pommel Strike","Warcry"],"picked":"Iron Wave","floor":11},{"not_picked":["Ghostly Armor","Pommel Strike"],"picked":"Berserk","floor":14},{"not_picked":["Double Tap","Brutality"],"picked":"Reaper","floor":16},{"not_picked":["Heavy Blade","Clash"],"picked":"Flex","floor":17},{"not_picked":["Disarm","Hemokinesis"],"picked":"Cleave","floor":18},{"not_picked":["Flex","Headbutt"],"picked":"Perfected Strike+1","floor":22}],"player_experience":126632,"relics_obtained":[{"floor":6,"key":"Blood Vial"},{"floor":9,"key":"Boot"}],"event_choices":[{"event_name":"Shining Light","player_choice":"Entered Light","floor":3,"damage_taken":0},{"event_name":"Big Fish","player_choice":"Donut","floor":4,"damage_taken":0},{"event_name":"Golden Wing","player_choice":"Gained Gold","floor":12,"damage_taken":0},{"event_name":"Nest","player_choice":"Stole From Cult","floor":19,"damage_taken":0},{"event_name":"Knowing Skull","player_choice":"CARD GOLD ","floor":20,"damage_taken":0}],"is_beta":false,"boss_relics":[{"not_picked":["Snecko Eye","Sozu"],"picked":"Tiny House"}],"items_purged_floors":[],"is_endless":false,"potions_floor_spawned":[2,6,8,14],"killed_by":"Book of Stabbing","ascension_level":0}