{"gold_per_floor":[114,129,144,159,159,159,159,178,228,247,266,285,285,353,353,478,478,478,51,0,0,0,0,0,0,0,0,0,0,0,0,0,0,0,0,0,0,0,0,0,0,0,0,0,0,0,0,0,0,0],"floor_reached":51,"playtime":4061,"items_purged":[],"score":698,"play_id":"89e15c05-1f05-401c-adeb-5b3a2822a1c7","local_time":"20190505144438","daily_mods":["Heirloom","Colorless Cards","DeadlyEvents"],"is_ascension_mode":false,"campfire_choices":[{"floor":6,"key":"REST"},{"data":"Noxious Fumes","floor":13,"key":"SMITH"},{"data":"Quick Slash","floor":15,"key":"SMITH"},{"floor":23,"key":"REST"},{"floor":25,"key":"REST"},{"floor":32,"key":"REST"},{"floor":40,"key":"REST"},{"floor":42,"key":"REST"},{"floor":44,"key":"REST"},{"floor":49,"key":"REST"}],"neow_cost":"","seed_source_timestamp":0,"circlet_count":0,"master_deck":["Defend_G+1","Defend_G","Defend_G","Defend_G","Defend_G","Strike_G","Strike_G","Strike_G+1","Strike_G","Strike_G","Survivor","Neutralize+1","Quick Slash+1","Dash+1","Dodge and Roll","Noxious Fumes+1","Backflip","Well Laid Plans+1","Dodge and Roll","Violence","Crippling Poison+1","Catalyst","Deep Breath+1","Noxious Fumes+1","Endless Agony+1","Heel Hook","Flying Knee","Sadistic Nature","Dodge and Roll+1","Poisoned Stab","Sucker Punch","Leg Sweep+1"],"special_seed":18021,"relics":["Ring of the Snake","The Specimen","Golden Idol","Whetstone","Tiny Chest","Ectoplasm","Potion Belt","Cauldron","Gremlin Horn","MawBank","WingedGreaves","Philosopher\u0027s Stone","Unceasing Top","Mercury Hourglass"],"potions_floor_usage":[14,16,20,20,22,22,30,30,41,45,46,50],"damage_taken":[{"damage":2,"enemies":"Small Slimes","floor":1,"turns":4},{"damage":3,"enemies":"Jaw Worm","floor":2,"turns":5},{"damage":0,"enemies":"2 Louse","floor":3,"turns":3},{"damage":15,"enemies":"Exordium Thugs","floor":4,"turns":7},{"damage":2,"enemies":"Blue Slaver","floor":8,"turns":3},{"damage":0,"enemies":"Large Slime","floor":10,"turns":7},{"damage":1,"enemies":"Red Slaver","floor":11,"turns":3},{"damage":0,"enemies":"Exordium Wildlife","floor":12,"turns":5},{"damage":11,"enemies":"3 Sentries","floor":14,"turns":8},{"damage":34,"enemies":"Slime Boss","floor":16,"turns":10},{"damage":13,"enemies":"3 Byrds","floor":18,"turns":5},{"damage":10,"enemies":"2 Thieves","floor":20,"turns":4},{"damage":26,"enemies":"Chosen and Byrds","floor":22,"turns":6},{"damage":19,"enemies":"Book of Stabbing","floor":24,"turns":6},{"damage":1,"enemies":"Shelled Parasite and Fungi","floor":27,"turns":4},{"damage":0,"enemies":"Cultist and Chosen","floor":28,"turns":5},{"damage":20,"enemies":"Slavers","floor":30,"turns":4},{"damage":1,"enemies":"Centurion and Healer","floor":31,"turns":6},{"damage":15,"enemies":"Champ","floor":33,"turns":11},{"damage":5,"enemies":"Orb Walker","floor":35,"turns":3},{"damage":20,"enemies":"3 Shapes","floor":36,"turns":3},{"damage":26,"enemies":"Transient","floor":39,"turns":5},{"damage":26,"enemies":"Nemesis","floor":41,"turns":11},{"damage":2,"enemies":"Sphere and 2 Shapes","floor":45,"turns":5},{"damage":13,"enemies":"Writhing Mass","floor":46,"turns":5},{"damage":60,"enemies":"Donu and Deca","floor":50,"turns":10}],"seed_played":"1627038229609415699","potions_obtained":[{"floor":2,"key":"SkillPotion"},{"floor":4,"key":"Regen Potion"},{"floor":10,"key":"Poison Potion"},{"floor":19,"key":"Fruit Juice"},{"floor":19,"key":"Swift Potion"},{"floor":19,"key":"Weak Potion"},{"floor":19,"key":"FearPotion"},{"floor":20,"key":"Energy Potion"},{"floor":22,"key":"GamblersBrew"},{"floor":27,"key":"Ancient Potion"},{"floor":28,"key":"Poison Potion"},{"floor":35,"key":"SpeedPotion"},{"floor":39,"key":"Energy Potion"},{"floor":41,"key":"Block Potion"}],"is_trial":false,"path_per_floor":["M","M","M","M","?","R","?","M","T","M","M","M","R","E","R","B",null,"M","$","M","?","M","R","E","R","T","M","M","$","E","M","R","B",null,"M","M","?","?","M","R","E","R","T","R","M","M","?","$","R","B",null],"character_chosen":"THE_SILENT","items_purchased":["Potion Belt","Cauldron","Catalyst"],"campfire_rested":8,"item_purchase_floors":[19,19,19],"current_hp_per_floor":[68,65,65,50,36,57,57,55,55,55,54,54,54,43,43,9,65,52,52,47,47,36,57,38,59,59,58,58,58,38,37,58,43,70,65,45,45,45,19,40,14,35,35,56,54,41,41,41,62,2],"gold":0,"neow_bonus":"","is_prod":false,"is_daily":true,"chose_seed":false,"campfire_upgraded":2,"win_rate":0,"timestamp":1557081878,"path_taken":["M","M","M","M","?","R","?","?","T","M","M","M","R","E","R","BOSS","M","$","M","?","M","R","E","R","T","M","M","$","?","M","R","BOSS","M","M","?","?","M","R","?","R","T","R","?","M","?","$","R","BOSS"],"build_version":"2019-01-23","purchased_purges":0,"victory":true,"max_hp_per_floor":[70,70,70,70,70,70,65,65,65,65,65,65,65,65,65,65,65,65,65,70,70,70,70,70,70,70,70,70,70,70,70,70,70,70,70,70,70,70,70,70,70,70,70,70,70,70,70,70,70,70],"card_choices":[{"not_picked":["Deflect","Riddle With Holes"],"picked":"Quick Slash","floor":1},{"not_picked":["Acrobatics","Outmaneuver"],"picked":"Dash","floor":2},{"not_picked":["Deflect","Masterful Stab"],"picked":"Dodge and Roll","floor":3},{"not_picked":["Forethought","Purity","Calculated Gamble"],"picked":"SKIP","floor":4},{"not_picked":["Distraction","Backstab"],"picked":"Noxious Fumes","floor":8},{"not_picked":["Masterful Stab","Flying Knee"],"picked":"Backflip","floor":10},{"not_picked":["Dagger Spray","Backstab"],"picked":"Well Laid Plans","floor":11},{"not_picked":["Bane","Dagger Throw"],"picked":"Dodge and Roll","floor":12},{"not_picked":["Tactician","Finisher","All Out Attack"],"picked":"SKIP","floor":14},{"not_picked":["Metamorphosis","HandOfGreed"],"picked":"Violence","floor":16},{"not_picked":["Backflip","Forethought"],"picked":"Crippling Poison+1","floor":18},{"not_picked":["Dagger Spray","Backflip"],"picked":"Deep Breath+1","floor":20},{"not_picked":["Underhanded Strike","Backflip"],"picked":"Caltrops","floor":22},{"not_picked":["Quick Slash","Acrobatics"],"picked":"Noxious Fumes+1","floor":24},{"not_picked":["Bane","Deflect"],"picked":"Endless Agony+1","floor":27},{"not_picked":["Skewer","Secret Weapon","Bane"],"picked":"SKIP","floor":28},{"not_picked":["Blade Dance","Flying Knee"],"picked":"Heel Hook","floor":30},{"not_picked":["Bane","Deflect"],"picked":"Flying Knee","floor":31},{"not_picked":["Mayhem","Phantasmal Killer"],"picked":"Sadistic Nature","floor":33},{"not_picked":["Deflect","Expertise","Blind"],"picked":"SKIP","floor":35},{"not_picked":["Slice","Outmaneuver+1"],"picked":"Dodge and Roll+1","floor":36},{"not_picked":["Slice","Prepared"],"picked":"Poisoned Stab","floor":39},{"not_picked":["Violence","Deadly Poison"],"picked":"Sucker Punch","floor":41},{"not_picked":["Finisher+1","Skewer+1"],"picked":"Leg Sweep+1","floor":45},{"not_picked":["Outmaneuver","Backflip","Dagger Spray"],"picked":"SKIP","floor":46}],"player_experience":423965,"relics_obtained":[{"floor":9,"key":"Whetstone"},{"floor":14,"key":"Tiny Chest"},{"floor":24,"key":"Gremlin Horn"},{"floor":26,"key":"MawBank"},{"floor":30,"key":"WingedGreaves"},{"floor":41,"key":"Unceasing Top"},{"floor":43,"key":"Mercury Hourglass"}],"event_choices":[{"damage_healed":0,"gold_gain":0,"player_choice":"Entered Light","damage_taken":14,"max_hp_gain":0,"max_hp_loss":0,"event_name":"Shining Light","floor":5,"gold_loss":0,"cards_upgraded":["Strike_G","Defend_G"]},{"damage_healed":0,"gold_gain":0,"player_choice":"Lose Max HP","damage_taken":0,"relics_obtained":["Golden Idol"],"max_hp_gain":0,"max_hp_loss":5,"event_name":"Golden Idol","floor":7,"gold_loss":0},{"damage_healed":0,"gold_gain":0,"player_choice":"Ignored","damage_taken":0,"max_hp_gain":0,"max_hp_loss":0,"event_name":"N\u0027loth","floor":21,"gold_loss":0},{"damage_healed":0,"gold_gain":0,"player_choice":"Ignored","damage_taken":0,"max_hp_gain":0,"max_hp_loss":0,"event_name":"The Moai Head","floor":37,"gold_loss":0},{"damage_healed":0,"gold_gain":0,"player_choice":"Upgraded","damage_taken":0,"max_hp_gain":0,"max_hp_loss":0,"event_name":"Upgrade Shrine","floor":38,"gold_loss":0,"cards_upgraded":["Well Laid Plans"]},{"cards_removed":["Caltrops"],"damage_healed":0,"gold_gain":0,"player_choice":"Removed Power","damage_taken":0,"max_hp_gain":0,"max_hp_loss":0,"event_name":"Falling","floor":47,"gold_loss":0}],"is_beta":false,"boss_relics":[{"not_picked":["White Beast Statue","Orrery"],"picked":"Ectoplasm"},{"not_picked":["Velvet Choker","Runic Dome"],"picked":"Philosopher\u0027s Stone"}],"items_purged_floors":[],"is_endless":false,"potions_floor_spawned":[2,4,10,11,20,22,27,28,35,39,41],"ascension_level":0}