{"gold_per_floor":[363,377,234,247,257,257,288,299,326,353,353,193,193,203,203,301,301,317,336,346,346],"floor_reached":21,"playtime":1864,"items_purged":[],"score":212,"play_id":"8f4934a1-2bf9-48e5-b965-62d0458ea22a","local_time":"20190103195006","is_ascension_mode":true,"campfire_choices":[{"floor":6.0,"key":"REST"},{"floor":11.0,"key":"REST"},{"data":"Inflame","floor":15.0,"key":"SMITH"}],"neow_cost":"PERCENT_DAMAGE","seed_source_timestamp":0,"circlet_count":0,"master_deck":["Strike_R","Strike_R","Strike_R","Strike_R","Strike_R","Defend_R","Defend_R","Defend_R","Defend_R","Bash","Thunderclap","Metallicize","Heavy Blade","Inflame","Dropkick","Whirlwind","Inflame+1","Exhume","Injury","Pain","Writhe","Impervious"],"special_seed":0,"relics":["Burning Blood","Red Skull","The Courier","Dream Catcher","Oddly Smooth Stone","Sling","Calling Bell","Kunai","Torii","Ancient Tea Set"],"potions_floor_usage":[18,20,21],"damage_taken":[{"damage":5.0,"enemies":"Small Slimes","floor":1.0,"turns":4.0},{"damage":6.0,"enemies":"Cultist","floor":2.0,"turns":5.0},{"damage":5.0,"enemies":"2 Louse","floor":4.0,"turns":4.0},{"damage":18.0,"enemies":"Exordium Thugs","floor":5.0,"turns":6.0},{"damage":33.0,"enemies":"Lagavulin","floor":7.0,"turns":9.0},{"damage":12.0,"enemies":"Exordium Wildlife","floor":8.0,"turns":4.0},{"damage":9.0,"enemies":"3 Sentries","floor":10.0,"turns":6.0},{"damage":0.0,"enemies":"2 Fungi Beasts","floor":14.0,"turns":2.0},{"damage":11,"enemies":"Slime Boss","floor":16,"turns":10},{"damage":31,"enemies":"Shell Parasite","floor":18,"turns":6},{"damage":22,"enemies":"Chosen","floor":19,"turns":6},{"damage":22,"enemies":"3 Cultists","floor":20,"turns":5},{"damage":27,"enemies":"Cultist and Chosen","floor":21,"turns":6}],"seed_played":"8640891015323183970","potions_obtained":[{"floor":1.0,"key":"SpeedPotion"},{"floor":7.0,"key":"SpeedPotion"},{"floor":8.0,"key":"PowerPotion"},{"floor":10.0,"key":"AttackPotion"},{"floor":14.0,"key":"Weak Potion"},{"floor":18,"key":"PowerPotion"},{"floor":20,"key":"AttackPotion"}],"is_trial":false,"path_per_floor":["M","M","$","M","M","R","E","M","T","E","R","$","?","M","R","B",null,"M","M","M","M"],"character_chosen":"IRONCLAD","items_purchased":["Red Skull","Sling"],"campfire_rested":2,"item_purchase_floors":[3,12],"current_hp_per_floor":[57,57,57,58,46,70,43,37,37,34,58,58,80,80,80,75,80,55,39,23,0],"gold":346,"neow_bonus":"TWO_FIFTY_GOLD","is_prod":false,"is_daily":false,"chose_seed":false,"campfire_upgraded":1,"win_rate":0,"timestamp":1546541406,"path_taken":["M","M","$","M","M","R","E","M","T","E","R","$","?","M","R","BOSS","M","?","M","M"],"build_version":"2018-12-20","purchased_purges":0,"victory":false,"max_hp_per_floor":[80,80,80,80,80,80,80,80,80,80,80,80,80,80,80,80,80,80,80,80,80],"card_choices":[{"not_picked":["Clash","Twin Strike"],"picked":"Intimidate","floor":1.0},{"not_picked":["True Grit","Dual Wield"],"picked":"Thunderclap","floor":2.0},{"not_picked":["Wild Strike","Anger"],"picked":"Metallicize","floor":4.0},{"not_picked":["Headbutt","Carnage"],"picked":"Heavy Blade","floor":5.0},{"not_picked":["Perfected Strike","Combust"],"picked":"Inflame","floor":7.0},{"not_picked":["Infernal Blade","Pommel Strike"],"picked":"Dropkick","floor":8.0},{"not_picked":["Reckless Charge","Bloodletting","Body Slam"],"picked":"SKIP","floor":10.0},{"not_picked":["Pummel","Cleave"],"picked":"Whirlwind","floor":11.0},{"not_picked":["Dual Wield","Wild Strike"],"picked":"Inflame","floor":14.0},{"not_picked":["Bludgeon","Fiend Fire"],"picked":"Exhume","floor":16},{"not_picked":["Thunderclap","Intimidate","Body Slam"],"picked":"SKIP","floor":18},{"not_picked":["Havoc","Shrug It Off"],"picked":"Impervious","floor":19},{"not_picked":["Havoc+1","Anger","Carnage"],"picked":"SKIP","floor":20}],"player_experience":272411,"relics_obtained":[{"floor":7.0,"key":"The Courier"},{"floor":9.0,"key":"Dream Catcher"},{"floor":10.0,"key":"Oddly Smooth Stone"},{"floor":17,"key":"Kunai"},{"floor":17,"key":"Torii"},{"floor":17,"key":"Ancient Tea Set"}],"event_choices":[{"cards_removed":["Intimidate"],"damage_healed":22.0,"max_hp_gain":0.0,"max_hp_loss":0.0,"gold_gain":0.0,"event_name":"Bonfire Elementals","player_choice":"Offered Uncommon","floor":13.0,"gold_loss":0.0,"damage_taken":0.0}],"is_beta":false,"boss_relics":[{"not_picked":["Astrolabe","White Beast Statue"],"picked":"Calling Bell"}],"items_purged_floors":[],"is_endless":false,"potions_floor_spawned":[1,7,8,10,14,18,20],"killed_by":"Cultist and Chosen","ascension_level":2}