{"gold_per_floor":[118,43,56,72,72,72,72,88,115,115,140,5,5,5,5,5],"floor_reached":16,"playtime":442,"items_purged":["Strike_R"],"score":98,"play_id":"dbad9f66-8926-4f0d-90ab-0c9de3368268","local_time":"20180722122248","is_ascension_mode":false,"campfire_choices":[{"data":"Armaments","floor":6,"key":"SMITH"},{"floor":15,"key":"REST"}],"neow_cost":"TEN_PERCENT_HP_LOSS","seed_source_timestamp":226914697369149,"circlet_count":0,"master_deck":["Strike_R","Strike_R","Defend_R","Defend_R","Defend_R","Defend_R","Bash","Impervious","Armaments+1","Dropkick","Body Slam","Entrench"],"relics":["Burning Blood","Boot","Lantern","Pen Nib"],"potions_floor_usage":[11],"damage_taken":[{"damage":10,"enemies":"Small Slimes","floor":1,"turns":3},{"damage":0,"enemies":"Cultist","floor":3,"turns":4},{"damage":0,"enemies":"2 Louse","floor":4,"turns":3},{"damage":18,"enemies":"Blue Slaver","floor":8,"turns":5},{"damage":41,"enemies":"3 Sentries","floor":11,"turns":13},{"damage":32,"enemies":"Slime Boss","floor":16,"turns":9}],"seed_played":"-6843447510513931618","potions_obtained":[{"floor":3,"key":"Swift Potion"}],"is_trial":false,"path_per_floor":["M","$","M","M","?","R","?","M","T","?","E","$","?","?","R"],"character_chosen":"IRONCLAD","items_purchased":["Body Slam","Entrench"],"campfire_rested":1,"item_purchase_floors":[12,12],"current_hp_per_floor":[68,68,72,72,65,65,65,53,53,53,18,18,11,11,32,0],"gold":5,"neow_bonus":"THREE_RARE_CARDS","is_prod":false,"is_daily":false,"chose_seed":false,"campfire_upgraded":1,"win_rate":0,"timestamp":1532233368,"path_taken":["M","$","M","M","?","R","?","?","T","?","E","$","?","?","R","BOSS"],"build_version":"2018-07-19v2","purchased_purges":1,"victory":false,"max_hp_per_floor":[72,72,72,72,72,72,72,72,72,72,72,72,72,72,72,72],"card_choices":[{"not_picked":["Limit Break","Bludgeon"],"picked":"Impervious","floor":0},{"not_picked":["Iron Wave","Warcry","Clash"],"picked":"SKIP","floor":1},{"not_picked":["Seeing Red","Warcry","Rupture"],"picked":"SKIP","floor":3},{"not_picked":["Power Through","Cleave"],"picked":"Armaments","floor":4},{"not_picked":["True Grit","Berserk","Seeing Red"],"picked":"SKIP","floor":8},{"not_picked":["Perfected Strike","Armaments","Sword Boomerang"],"picked":"SKIP","floor":11}],"player_experience":310607,"relics_obtained":[{"floor":9,"key":"Boot"},{"floor":11,"key":"Lantern"}],"event_choices":[{"event_name":"Golden Wing","player_choice":"Card Removal","floor":5,"damage_taken":0},{"event_name":"Liars Game","player_choice":"disagreed","floor":7,"damage_taken":0},{"event_name":"Transmorgrifier","player_choice":"Transform","floor":10,"damage_taken":0},{"event_name":"Scrap Ooze","player_choice":"success","floor":13,"damage_taken":7},{"event_name":"Dead Adventurer","player_choice":"Searched \u00270\u0027 times","floor":14,"damage_taken":0}],"is_beta":false,"boss_relics":[],"items_purged_floors":[2],"is_endless":false,"potions_floor_spawned":[3],"killed_by":"Slime Boss","ascension_level":0}