{"gold_per_floor":[115,115,125,50,50,50,60,60,60,60,95,95,128,146,146,146],"floor_reached":16,"playtime":992,"items_purged":["Strike_B"],"score":119,"play_id":"44c8f09b-1385-4cd3-a495-64e9e08dd7c7","local_time":"20180730023747","is_ascension_mode":true,"campfire_choices":[{"data":"Zap","floor":6,"key":"SMITH"},{"data":"Self Repair","floor":8,"key":"SMITH"},{"data":"Dualcast","floor":10,"key":"SMITH"},{"data":"Defend_B","floor":12,"key":"SMITH"},{"floor":15,"key":"REST"}],"neow_cost":"","seed_source_timestamp":1566458075286260,"circlet_count":0,"master_deck":["Strike_B","Strike_B","Strike_B","Defend_B","Defend_B","Defend_B","Defend_B+1","Zap+1","Dualcast+1","Self Repair+1","Glacier"],"relics":["Cracked Core","Ancient Tea Set","Frozen Egg 2","Anchor","Blue Candle"],"potions_floor_usage":[3,16,16],"damage_taken":[{"damage":4,"enemies":"Jaw Worm","floor":1,"turns":3},{"damage":3,"enemies":"Small Slimes","floor":3,"turns":4},{"damage":9,"enemies":"2 Louse","floor":7,"turns":2},{"damage":9,"enemies":"3 Sentries","floor":11,"turns":6},{"damage":38,"enemies":"Gremlin Nob","floor":13,"turns":4},{"damage":0,"enemies":"Looter","floor":14,"turns":3},{"damage":70,"enemies":"Hexaghost","floor":16,"turns":16}],"seed_played":"6158870474131425616","potions_obtained":[{"floor":1,"key":"SkillPotion"},{"floor":13,"key":"GamblersBrew"},{"floor":14,"key":"Strength Potion"}],"is_trial":false,"path_per_floor":["M","?","M","$","?","R","M","R","T","R","E","R","E","M","R"],"character_chosen":"DEFECT","items_purchased":[],"campfire_rested":1,"item_purchase_floors":[],"current_hp_per_floor":[71,64,61,61,61,61,59,59,59,59,60,60,32,42,64,0],"gold":146,"neow_bonus":"","is_prod":false,"is_daily":false,"chose_seed":false,"campfire_upgraded":4,"win_rate":0,"timestamp":1532911067,"path_taken":["M","?","M","$","?","R","M","R","T","R","E","R","E","M","R","BOSS"],"build_version":"2018-07-26","purchased_purges":1,"victory":false,"max_hp_per_floor":[75,75,75,75,75,75,75,75,75,75,75,75,75,75,75,75],"card_choices":[{"not_picked":["Aggregate","Chaos","Hologram"],"picked":"SKIP","floor":1},{"not_picked":["Aggregate","Chaos","Hologram"],"picked":"SKIP","floor":1},{"not_picked":["Reprogram","Sweeping Beam"],"picked":"Self Repair","floor":3},{"not_picked":["Redo","Sweeping Beam","Stack"],"picked":"SKIP","floor":7},{"not_picked":["Cold Snap","Barrage","Stack"],"picked":"SKIP","floor":11},{"not_picked":["Stack","Sweeping Beam"],"picked":"Glacier","floor":13},{"not_picked":["Sweeping Beam","Compile Driver","Static Discharge+1"],"picked":"SKIP","floor":14}],"player_experience":339903,"relics_obtained":[{"floor":9,"key":"Frozen Egg 2"},{"floor":11,"key":"Anchor"},{"floor":13,"key":"Blue Candle"}],"event_choices":[{"event_name":"Scrap Ooze","player_choice":"success","floor":2,"damage_taken":7},{"event_name":"Liars Game","player_choice":"disagreed","floor":5,"damage_taken":0}],"is_beta":false,"boss_relics":[],"items_purged_floors":[4],"is_endless":false,"potions_floor_spawned":[1,13,14],"killed_by":"Hexaghost","ascension_level":2}