{"gold_per_floor":[115,131,143,158,172,172,200,213,213,227,237,237,262,280,280,376,376,392,412,28,28,38,38,72,72,95,95,114,129,129,44,44,44],"floor_reached":33,"playtime":2658,"items_purged":[],"score":283,"play_id":"3b91ecb7-df52-43f4-bf67-c8a8bad66efd","local_time":"20180802152623","is_ascension_mode":false,"campfire_choices":[{"floor":6,"key":"REST"},{"floor":12,"key":"REST"},{"floor":15,"key":"REST"},{"floor":23,"key":"REST"},{"floor":25,"key":"REST"},{"floor":32,"key":"REST"}],"neow_cost":"NONE","seed_source_timestamp":345362854251458,"circlet_count":0,"master_deck":["Strike_R","Strike_R","Strike_R","Strike_R","Strike_R","Defend_R","Defend_R","Defend_R","Defend_R","Bash","Dropkick","Cleave","Inflame","Disarm","Armaments","Feel No Pain","Metallicize","Armaments","Perfected Strike","Juggernaut","Uppercut","Limit Break","True Grit+1","Cleave","Panacea","Spot Weakness","Disarm","Flex+1","Fire Breathing","Spot Weakness+1","Rampage"],"relics":["Burning Blood","Potion Belt","Boot","Blue Candle","Omamori","Velvet Choker","Mango","Dream Catcher","Bag of Preparation","Darkstone Periapt"],"potions_floor_usage":[4,8,16,18,19,24,33,33],"damage_taken":[{"damage":6,"enemies":"Jaw Worm","floor":1,"turns":3},{"damage":4,"enemies":"2 Louse","floor":2,"turns":3},{"damage":1,"enemies":"Cultist","floor":3,"turns":3},{"damage":14,"enemies":"Exordium Thugs","floor":4,"turns":4},{"damage":11,"enemies":"Looter","floor":5,"turns":3},{"damage":37,"enemies":"Lagavulin","floor":7,"turns":8},{"damage":5,"enemies":"Exordium Wildlife","floor":8,"turns":3},{"damage":0,"enemies":"Large Slime","floor":10,"turns":5},{"damage":6,"enemies":"2 Fungi Beasts","floor":11,"turns":4},{"damage":25,"enemies":"Gremlin Nob","floor":13,"turns":5},{"damage":2,"enemies":"Exordium Wildlife","floor":14,"turns":4},{"damage":31,"enemies":"Slime Boss","floor":16,"turns":10},{"damage":20,"enemies":"Shell Parasite","floor":18,"turns":5},{"damage":0,"enemies":"Chosen","floor":19,"turns":6},{"damage":17,"enemies":"Snecko","floor":22,"turns":6},{"damage":54,"enemies":"Book of Stabbing","floor":24,"turns":7},{"damage":26,"enemies":"Chosen and Byrds","floor":28,"turns":8},{"damage":24,"enemies":"Sentry and Sphere","floor":29,"turns":4},{"damage":75,"enemies":"Automaton","floor":33,"turns":6}],"seed_played":"-5012694406931128662","potions_obtained":[{"floor":3,"key":"Block Potion"},{"floor":4,"key":"Swift Potion"},{"floor":7,"key":"LiquidBronze"},{"floor":14,"key":"SteroidPotion"},{"floor":16,"key":"Block Potion"},{"floor":19,"key":"Poison Potion"},{"floor":28,"key":"SteroidPotion"},{"floor":29,"key":"SteroidPotion"}],"is_trial":false,"path_per_floor":["M","M","M","M","M","R","E","M","T","M","M","R","E","M","R","B",null,"M","M","$","?","M","R","E","R","T","$","M","M","$","?","R"],"character_chosen":"IRONCLAD","items_purchased":["Mango","Panacea"],"campfire_rested":6,"item_purchase_floors":[20,20],"current_hp_per_floor":[80,80,80,72,67,80,49,50,50,56,56,80,61,65,80,55,80,66,72,86,86,75,94,46,74,74,74,54,36,36,36,64,0],"gold":44,"neow_bonus":"RANDOM_COMMON_RELIC","is_prod":false,"is_daily":false,"chose_seed":false,"campfire_upgraded":0,"win_rate":0,"timestamp":1533216383,"path_taken":["M","M","M","M","M","R","E","M","T","M","M","R","E","M","R","BOSS","M","M","$","?","M","R","E","R","T","$","M","?","?","?","R","BOSS"],"build_version":"2018-07-26","purchased_purges":0,"victory":false,"max_hp_per_floor":[80,80,80,80,80,80,80,80,80,80,80,80,80,80,80,80,80,80,80,94,94,94,94,94,94,94,94,94,94,94,94,94,94],"card_choices":[{"not_picked":["True Grit","Wild Strike"],"picked":"Dropkick","floor":1},{"not_picked":["Twin Strike","Clash"],"picked":"Cleave","floor":2},{"not_picked":["Dual Wield","Blood for Blood"],"picked":"Inflame","floor":3},{"not_picked":["Power Through","Heavy Blade"],"picked":"Disarm","floor":4},{"not_picked":["Pommel Strike","Body Slam"],"picked":"Armaments","floor":5},{"not_picked":["Body Slam","Warcry"],"picked":"Feel No Pain","floor":7},{"not_picked":["Wild Strike","Anger"],"picked":"Metallicize","floor":8},{"not_picked":["Clash","Combust"],"picked":"Armaments","floor":10},{"not_picked":["Uppercut","Thunderclap"],"picked":"Perfected Strike","floor":11},{"not_picked":["Warcry","Evolve"],"picked":"Juggernaut","floor":13},{"not_picked":["Warcry","Anger"],"picked":"Uppercut","floor":14},{"not_picked":["Offering","Fiend Fire"],"picked":"Limit Break","floor":16},{"not_picked":["Reckless Charge","Warcry"],"picked":"True Grit+1","floor":18},{"not_picked":["Anger+1","True Grit+1"],"picked":"Cleave","floor":19},{"not_picked":["Feel No Pain","Carnage+1"],"picked":"Spot Weakness","floor":22},{"not_picked":["Seeing Red","Wild Strike+1"],"picked":"Disarm","floor":24},{"not_picked":["Evolve","Uppercut+1"],"picked":"Flex+1","floor":25},{"not_picked":["Cleave+1","Disarm"],"picked":"Fire Breathing","floor":28},{"not_picked":["Clothesline","Havoc"],"picked":"Spot Weakness+1","floor":29},{"not_picked":["Thunderclap","Twin Strike+1"],"picked":"Rampage","floor":32}],"player_experience":123974,"relics_obtained":[{"floor":7,"key":"Boot"},{"floor":9,"key":"Blue Candle"},{"floor":13,"key":"Omamori"},{"floor":24,"key":"Dream Catcher"},{"floor":26,"key":"Bag of Preparation"}],"event_choices":[{"event_name":"Drug Dealer","player_choice":"Ignored","floor":21,"damage_taken":0},{"event_name":"Addict","player_choice":"Obtained Relic","floor":31,"damage_taken":0}],"is_beta":false,"boss_relics":[{"not_picked":["Fusion Hammer","Orrery"],"picked":"Velvet Choker"}],"items_purged_floors":[],"is_endless":false,"potions_floor_spawned":[3,4,7,14,16,19,28,29],"killed_by":"Automaton","ascension_level":0}