{"gold_per_floor":[115,130,305,318,26,54,54,71,71,89,100,50,50,78,78,178,178,161,161,111,124,136,136],"floor_reached":23,"playtime":758,"items_purged":[],"score":233,"play_id":"e438e9b0-3799-4a6b-86bc-b2f4e8018c1c","local_time":"20180712175417","is_ascension_mode":true,"campfire_choices":[{"floor":15,"key":"REST"}],"neow_cost":"","seed_source_timestamp":42906784744409,"circlet_count":0,"master_deck":["Strike_B","Defend_B","Defend_B","Defend_B","Defend_B","Zap","Dualcast","Cold Snap","Chill","Melter","Defragment","Static Discharge","Storm","White Noise","Core Surge","Rebound+1","Reboot+1","Reboot+1","Leap"],"relics":["Cracked Core","Cables","Oddly Smooth Stone","Kunai","Pear","Gremlin Horn","Question Card","Astrolabe"],"potions_floor_usage":[14,16,18,22,23,23,23,23],"damage_taken":[{"damage":2,"enemies":"2 Louse","floor":1,"turns":3},{"damage":0,"enemies":"Cultist","floor":2,"turns":3},{"damage":0,"enemies":"Small Slimes","floor":4,"turns":4},{"damage":32,"enemies":"Lagavulin","floor":6,"turns":7},{"damage":5,"enemies":"Blue Slaver","floor":8,"turns":3},{"damage":3,"enemies":"Lots of Slimes","floor":10,"turns":5},{"damage":5,"enemies":"3 Louse","floor":11,"turns":4},{"damage":16,"enemies":"Gremlin Nob","floor":14,"turns":5},{"damage":10,"enemies":"The Guardian","floor":16,"turns":6},{"damage":19,"enemies":"2 Thieves","floor":18,"turns":4},{"damage":5,"enemies":"Spheric Guardian","floor":21,"turns":4},{"damage":46,"enemies":"Slaver and Parasite","floor":22,"turns":4},{"damage":25,"enemies":"Book of Stabbing","floor":23,"turns":5}],"seed_played":"2747084448724600759","potions_obtained":[{"floor":4,"key":"Poison Potion"},{"floor":6,"key":"EntropicBrew"},{"floor":8,"key":"FocusPotion"},{"floor":11,"key":"EssenceOfSteel"},{"floor":14,"key":"SkillPotion"},{"floor":16,"key":"SpeedPotion"},{"floor":18,"key":"Energy Potion"}],"is_trial":false,"path_per_floor":["M","M","?","M","$","E","?","M","T","M","M","?","?","E","R","B",null,"M","?","?","M","M"],"character_chosen":"DEFECT","items_purchased":["Cables","Melter"],"campfire_rested":1,"item_purchase_floors":[5,5],"current_hp_per_floor":[73,73,73,73,73,41,41,36,46,43,38,38,20,4,29,19,85,73,73,73,68,22,0],"gold":136,"neow_bonus":"","is_prod":false,"is_daily":false,"chose_seed":false,"campfire_upgraded":0,"win_rate":0,"timestamp":1531410857,"path_taken":["M","M","?","M","$","E","?","M","T","?","M","?","?","E","R","BOSS","M","?","?","?","M","E"],"build_version":"2018-07-11","purchased_purges":0,"victory":false,"max_hp_per_floor":[75,75,75,75,75,75,75,75,85,85,85,85,85,85,85,85,85,85,85,85,85,85,85],"card_choices":[{"not_picked":["Ball Lightning","Force Field"],"picked":"Cold Snap","floor":1},{"not_picked":["Cold Snap","Beam Cell"],"picked":"Chill","floor":2},{"not_picked":["Barrage","Rip and Tear","Rebound"],"picked":"SKIP","floor":4},{"not_picked":["Rip and Tear","Ball Lightning"],"picked":"Defragment","floor":6},{"not_picked":["Compile Driver","Steam"],"picked":"Static Discharge","floor":8},{"not_picked":["Chill","Redo"],"picked":"Storm","floor":10},{"not_picked":["Hello World","Skim"],"picked":"White Noise","floor":11},{"not_picked":["Go for the Eyes","Streamline","Rebound"],"picked":"SKIP","floor":14},{"not_picked":["Reboot","Amplify","Multi-Cast"],"picked":"Core Surge","floor":16},{"not_picked":["Gash","Ball Lightning","Chaos","Go for the Eyes"],"picked":"SKIP","floor":18},{"not_picked":["Rebound","Steam","Hello World"],"picked":"Leap","floor":21},{"not_picked":["Aggregate+1","Recycle+1","Redo","Loop"],"picked":"SKIP","floor":22}],"player_experience":53220,"relics_obtained":[{"floor":6,"key":"Oddly Smooth Stone"},{"floor":9,"key":"Pear"},{"floor":14,"key":"Question Card"}],"event_choices":[{"event_name":"Liars Game","player_choice":"agreed","floor":3,"damage_taken":0},{"event_name":"Big Fish","player_choice":"Box","floor":7,"damage_taken":0},{"event_name":"The Cleric","player_choice":"Card Removal","floor":12,"damage_taken":0},{"event_name":"Scrap Ooze","player_choice":"success","floor":13,"damage_taken":18},{"event_name":"Back to Basics","player_choice":"Elegance","floor":19,"damage_taken":0},{"event_name":"The Joust","player_choice":"Bet on Murderer","floor":20,"damage_taken":0}],"boss_relics":[{"not_picked":["Runic Pyramid","Coffee Dripper"],"picked":"Astrolabe"}],"items_purged_floors":[],"is_endless":false,"potions_floor_spawned":[4,6,8,11,14,16,18],"killed_by":"Book of Stabbing","ascension_level":3}