{"gold_per_floor":[110,122,136,136,146,181,181,210,260,37,37,67,142,170,170,271,271,282,357,369,382,400,400,426,426,453,453,471,491,491,507,507,602,602,619,619,634,644,644,644,644,655,655,0,0,0,0,17,17,17],"floor_reached":51,"playtime":2736,"items_purged":["Blizzard"],"score":826,"play_id":"a574a3ec-6d52-49bd-93eb-f557ab54bddc","local_time":"20190412234717","is_ascension_mode":true,"campfire_choices":[{"data":"Zap","floor":7,"key":"SMITH"},{"data":"Static Discharge","floor":11,"key":"SMITH"},{"data":"Conserve Battery","floor":15,"key":"SMITH"},{"floor":23,"key":"REST"},{"floor":25,"key":"REST"},{"data":"Echo Form","floor":27,"key":"SMITH"},{"data":"Defragment","floor":30,"key":"SMITH"},{"floor":32,"key":"REST"},{"data":"Go for the Eyes","floor":40,"key":"SMITH"},{"floor":46,"key":"RECALL"},{"floor":49,"key":"REST"}],"neow_cost":"NONE","seed_source_timestamp":179399200464900,"circlet_count":0,"master_deck":["Zap+1","Dualcast+1","Thunder Strike+1","Glacier+1","Self Repair+1","Tempest+1","Ball Lightning+1","Echo Form+1","Thunder Strike+1","Static Discharge+1","Conserve Battery+1","Hologram+1","Biased Cognition+1","Go for the Eyes+1","Redo+1","Ball Lightning+1","Conserve Battery+1","Electrodynamics+1","Auto Shields+1","Defragment+1","Fission+1","Cold Snap+1","Cold Snap+1","Doom and Gloom+1","Rebound+1","Gash+1","Multi-Cast+1","Streamline+1","Self Repair+1","Lockon+1","Defragment+1","Master of Strategy+1","Leap+1","FTL+1","Enlightenment+1","Ball Lightning+1"],"relics":["Cracked Core","Darkstone Periapt","Bird Faced Urn","Pen Nib","Regal Pillow","DataDisk","Kunai","Sundial","Philosopher\u0027s Stone","Omamori","Bag of Preparation","Pandora\u0027s Box","Lantern","Orichalcum","Nunchaku","Mark of the Bloom"],"potions_floor_usage":[8,8,14,33,48,50,50,50],"damage_taken":[{"damage":1,"enemies":"Cultist","floor":1,"turns":4},{"damage":4,"enemies":"Jaw Worm","floor":2,"turns":3},{"damage":0,"enemies":"2 Louse","floor":3,"turns":3},{"damage":9,"enemies":"Red Slaver","floor":5,"turns":4},{"damage":19,"enemies":"Lagavulin","floor":6,"turns":6},{"damage":10,"enemies":"3 Sentries","floor":8,"turns":3},{"damage":21,"enemies":"Gremlin Nob","floor":12,"turns":4},{"damage":4,"enemies":"Lagavulin","floor":14,"turns":5},{"damage":22,"enemies":"Hexaghost","floor":16,"turns":4},{"damage":9,"enemies":"Shell Parasite","floor":18,"turns":5},{"damage":20,"enemies":"2 Thieves","floor":20,"turns":3},{"damage":20,"enemies":"Centurion and Healer","floor":21,"turns":5},{"damage":26,"enemies":"Snake Plant","floor":22,"turns":4},{"damage":40,"enemies":"Book of Stabbing","floor":24,"turns":4},{"damage":48,"enemies":"Shelled Parasite and Fungi","floor":28,"turns":3},{"damage":16,"enemies":"Centurion and Healer","floor":29,"turns":4},{"damage":10,"enemies":"Snecko","floor":31,"turns":3},{"damage":20,"enemies":"Champ","floor":33,"turns":6},{"damage":22,"enemies":"3 Darklings","floor":35,"turns":3},{"damage":0,"enemies":"Orb Walker","floor":37,"turns":4},{"damage":14,"enemies":"4 Shapes","floor":38,"turns":2},{"damage":0,"enemies":"Sphere and 2 Shapes","floor":42,"turns":3},{"damage":12,"enemies":"Spire Growth","floor":48,"turns":5},{"damage":39,"enemies":"Time Eater","floor":50,"turns":11}],"seed_played":"-983134944448222646","potions_obtained":[{"floor":3,"key":"Explosive Potion"},{"floor":6,"key":"Explosive Potion"},{"floor":12,"key":"Fruit Juice"},{"floor":16,"key":"PowerPotion"},{"floor":18,"key":"Fire Potion"},{"floor":20,"key":"Dexterity Potion"},{"floor":22,"key":"PowerPotion"},{"floor":33,"key":"Strength Potion"},{"floor":35,"key":"SkillPotion"},{"floor":48,"key":"Ancient Potion"}],"is_trial":false,"path_per_floor":["M","M","M","T","M","E","R","E","T","$","R","E","?","E","R","B",null,"M","?","M","M","M","R","E","R","T","R","M","M","R","M","R","B",null,"M","?","M","M","?","R","?","M","T","$","?","R","$","M","R","B",null],"character_chosen":"DEFECT","items_purchased":["DataDisk","Static Discharge","FTL","Orichalcum","Nunchaku","Enlightenment"],"campfire_rested":4,"item_purchase_floors":[10,10,44,44,44,44],"current_hp_per_floor":[74,70,75,75,73,61,61,60,60,60,60,59,48,62,62,53,80,80,72,54,47,32,71,39,78,78,78,34,46,46,47,80,64,80,69,69,80,66,66,66,66,80,80,80,80,80,80,68,68,29],"gold":17,"neow_bonus":"ONE_RANDOM_RARE_CARD","is_prod":false,"is_daily":false,"chose_seed":false,"campfire_upgraded":6,"win_rate":0,"timestamp":1555127237,"path_taken":["M","M","M","?","M","E","R","E","T","$","R","E","?","E","R","BOSS","M","?","?","M","M","R","E","R","T","R","M","M","R","M","R","BOSS","M","?","?","M","?","R","?","M","T","$","?","R","?","M","R","BOSS"],"build_version":"2019-01-23","purchased_purges":1,"victory":true,"max_hp_per_floor":[75,75,75,75,75,75,75,75,75,75,75,75,75,80,80,80,80,80,80,80,80,80,80,80,80,80,80,80,80,80,80,80,80,80,80,80,80,80,80,80,80,80,80,80,80,80,80,80,80,80],"card_choices":[{"not_picked":["Beam Cell","Steam"],"picked":"Glacier","floor":1},{"not_picked":["Blizzard","Streamline"],"picked":"Self Repair","floor":2},{"not_picked":["Sweeping Beam","Streamline"],"picked":"Tempest","floor":3},{"not_picked":["Rebound","Redo"],"picked":"Ball Lightning","floor":5},{"not_picked":["Auto Shields","Redo"],"picked":"Echo Form","floor":6},{"not_picked":["Go for the Eyes","Coolheaded"],"picked":"Thunder Strike","floor":8},{"not_picked":["Compile Driver","Barrage"],"picked":"Conserve Battery","floor":12},{"not_picked":["Self Repair","Aggregate"],"picked":"Hologram","floor":14},{"not_picked":["Meteor Strike","Amplify"],"picked":"Biased Cognition","floor":16},{"not_picked":["Coolheaded","Darkness"],"picked":"Go for the Eyes","floor":18},{"not_picked":["Gash+1","Compile Driver+1"],"picked":"Redo","floor":20},{"not_picked":["Conserve Battery","Double Energy"],"picked":"Ball Lightning","floor":21},{"not_picked":["Static Discharge","Stack"],"picked":"Conserve Battery","floor":22},{"not_picked":["Go for the Eyes+1","Chaos"],"picked":"Electrodynamics","floor":24},{"not_picked":["Turbo","Go for the Eyes"],"picked":"Auto Shields","floor":28},{"not_picked":["Storm","Cold Snap"],"picked":"Defragment","floor":29},{"not_picked":["Sweeping Beam","Coolheaded+1","Reprogram"],"picked":"SKIP","floor":31},{"not_picked":["All For One","Multi-Cast"],"picked":"Fission","floor":33},{"not_picked":["Loop","Rebound"],"picked":"Self Repair+1","floor":35},{"not_picked":["Rebound+1","Compile Driver+1"],"picked":"Lockon","floor":37},{"not_picked":["Coolheaded+1","Storm+1"],"picked":"Defragment+1","floor":38},{"not_picked":["Jack Of All Trades","Chrysalis"],"picked":"Master of Strategy","floor":39},{"not_picked":["Cold Snap+1","Heatsinks"],"picked":"Leap+1","floor":42},{"not_picked":["Beam Cell","Sweeping Beam+1"],"picked":"Ball Lightning+1","floor":48}],"player_experience":324397,"relics_obtained":[{"floor":4,"key":"Darkstone Periapt"},{"floor":6,"key":"Bird Faced Urn"},{"floor":8,"key":"Pen Nib"},{"floor":9,"key":"Regal Pillow"},{"floor":12,"key":"Kunai"},{"floor":14,"key":"Sundial"},{"floor":24,"key":"Omamori"},{"floor":26,"key":"Bag of Preparation"},{"floor":43,"key":"Lantern"}],"event_choices":[{"damage_healed":0,"gold_gain":75,"player_choice":"Gather Gold","damage_taken":11,"max_hp_gain":0,"max_hp_loss":0,"event_name":"World of Goop","floor":13,"gold_loss":0},{"damage_healed":0,"gold_gain":75,"player_choice":"Touch","damage_taken":8,"max_hp_gain":0,"max_hp_loss":0,"event_name":"FaceTrader","floor":19,"gold_loss":0},{"damage_healed":0,"gold_gain":0,"player_choice":"Upgraded","damage_taken":0,"max_hp_gain":0,"max_hp_loss":0,"event_name":"Upgrade Shrine","floor":36,"gold_loss":0,"cards_upgraded":["Fission"]},{"damage_healed":0,"gold_gain":0,"player_choice":"Memory 1","damage_taken":0,"max_hp_gain":0,"max_hp_loss":0,"event_name":"SensoryStone","floor":39,"gold_loss":0},{"damage_healed":0,"gold_gain":0,"player_choice":"Ignored","damage_taken":0,"max_hp_gain":0,"max_hp_loss":0,"event_name":"Tomb of Lord Red Mask","floor":41,"gold_loss":0},{"damage_healed":0,"gold_gain":0,"player_choice":"Upgrade","damage_taken":0,"relics_obtained":["Mark of the Bloom"],"max_hp_gain":0,"max_hp_loss":0,"event_name":"MindBloom","floor":45,"gold_loss":0,"cards_upgraded":["Dualcast","Thunder Strike","Glacier","Self Repair","Tempest","Ball Lightning","Thunder Strike","Hologram","Biased Cognition","Redo","Ball Lightning","Conserve Battery","Electrodynamics","Auto Shields","Cold Snap","Cold Snap","Doom and Gloom","Rebound","Gash","Multi-Cast","Streamline","Lockon","Master of Strategy","FTL","Enlightenment"]}],"is_beta":false,"boss_relics":[{"not_picked":["Sozu","Coffee Dripper"],"picked":"Philosopher\u0027s Stone"},{"not_picked":["FrozenCore","Fusion Hammer"],"picked":"Pandora\u0027s Box"}],"items_purged_floors":[44],"is_endless":false,"potions_floor_spawned":[3,6,12,16,18,20,22,29,33,35,48],"ascension_level":4}