{"gold_per_floor":[110,124,124,141,141,141,170,170,170,235,245,345,345,361,361,456,456,467,9,27,53,53,53,53,63,88,88],"floor_reached":27,"playtime":1637,"items_purged":[],"score":232,"play_id":"d7dea778-9260-48f8-a864-33cc644e2910","local_time":"20190318160819","is_ascension_mode":true,"campfire_choices":[{"data":"Noxious Fumes","floor":6,"key":"SMITH"},{"data":"Infinite Blades","floor":8,"key":"SMITH"},{"floor":13,"key":"REST"},{"floor":15,"key":"REST"},{"data":"Envenom","floor":24,"key":"SMITH"}],"neow_cost":"NONE","seed_source_timestamp":457510391354923,"circlet_count":0,"master_deck":["Defend_G","Defend_G","Defend_G","Strike_G","Strike_G","Survivor","Neutralize","Outmaneuver","Flying Knee","Dagger Spray","Infinite Blades+1","Neutralize","Noxious Fumes+1","Choke","Dagger Throw","Accuracy","Blade Dance","Envenom+1","Dash+1","Bullet Time+1","Unload+1","Footwork","Sadistic Nature","Catalyst","Footwork","Prepared","Tools of the Trade","Blur","Deadly Poison","Bouncing Flask+1"],"relics":["Ring of the Snake","Anchor","Ornamental Fan","Darkstone Periapt","Orichalcum","Happy Flower","Astrolabe","Bag of Marbles","Red Mask","Regal Pillow"],"potions_floor_usage":[10,16,21,27,27,27],"damage_taken":[{"damage":2,"enemies":"Jaw Worm","floor":1,"turns":4},{"damage":2,"enemies":"Cultist","floor":2,"turns":4},{"damage":0,"enemies":"2 Louse","floor":4,"turns":3},{"damage":16,"enemies":"Lagavulin","floor":7,"turns":8},{"damage":14,"enemies":"Lagavulin Event","floor":10,"turns":5},{"damage":12,"enemies":"Large Slime","floor":11,"turns":5},{"damage":3,"enemies":"2 Fungi Beasts","floor":14,"turns":3},{"damage":25,"enemies":"Hexaghost","floor":16,"turns":8},{"damage":0,"enemies":"Chosen","floor":18,"turns":4},{"damage":17,"enemies":"2 Thieves","floor":20,"turns":4},{"damage":24,"enemies":"Masked Bandits","floor":21,"turns":4},{"damage":28,"enemies":"Centurion and Healer","floor":25,"turns":5},{"damage":24,"enemies":"Shelled Parasite and Fungi","floor":27,"turns":4}],"seed_played":"6869601574725480804","potions_obtained":[{"floor":2,"key":"SteroidPotion"},{"floor":11,"key":"GamblersBrew"},{"floor":14,"key":"SteroidPotion"},{"floor":20,"key":"Explosive Potion"},{"floor":21,"key":"Poison Potion"},{"floor":25,"key":"SkillPotion"}],"is_trial":false,"path_per_floor":["M","M","?","M","?","R","E","R","T","?","M","?","R","M","R","B",null,"M","$","M","?","?","?","R","M","T","M"],"character_chosen":"THE_SILENT","items_purchased":["Sadistic Nature","Catalyst","Bag of Marbles","Footwork"],"campfire_rested":2,"item_purchase_floors":[19,19,19,19],"current_hp_per_floor":[68,66,66,66,63,63,47,47,47,33,21,21,42,39,60,35,70,70,70,53,29,29,52,52,24,24,0],"gold":88,"neow_bonus":"RANDOM_COMMON_RELIC","is_prod":false,"is_daily":false,"chose_seed":false,"campfire_upgraded":3,"win_rate":0,"timestamp":1552950499,"path_taken":["M","M","?","?","?","R","E","R","T","?","M","?","R","M","R","BOSS","M","$","M","?","?","?","R","M","T","M"],"build_version":"2019-01-23","purchased_purges":0,"victory":false,"max_hp_per_floor":[70,70,70,70,70,70,70,70,70,70,70,70,70,70,70,70,70,70,70,70,70,70,70,70,70,70,70],"card_choices":[{"not_picked":["Quick Slash","Blade Dance"],"picked":"Outmaneuver","floor":1},{"not_picked":["Riddle With Holes","Acrobatics"],"picked":"Flying Knee","floor":2},{"not_picked":["Flechettes","Sucker Punch"],"picked":"Noxious Fumes","floor":4},{"not_picked":["Grand Finale","Reflex"],"picked":"Choke","floor":7},{"not_picked":["All Out Attack","Sucker Punch"],"picked":"Dagger Throw","floor":10},{"not_picked":["Finisher","Tactician"],"picked":"Accuracy","floor":11},{"not_picked":["Deflect","Dash"],"picked":"Blade Dance","floor":14},{"not_picked":["Adrenaline","Wraith Form v2"],"picked":"Envenom","floor":16},{"not_picked":["Deadly Poison","Deflect"],"picked":"Footwork","floor":18},{"not_picked":["Cloak And Dagger","Expertise"],"picked":"Prepared","floor":20},{"not_picked":["Quick Slash","Prepared"],"picked":"Tools of the Trade","floor":21},{"not_picked":["Dodge and Roll+1","Deadly Poison"],"picked":"Bouncing Flask+1","floor":25}],"player_experience":288287,"relics_obtained":[{"floor":7,"key":"Darkstone Periapt"},{"floor":9,"key":"Orichalcum"},{"floor":10,"key":"Happy Flower"},{"floor":21,"key":"Red Mask"},{"floor":26,"key":"Regal Pillow"}],"event_choices":[{"damage_healed":0,"gold_gain":0,"player_choice":"3 cards matched","damage_taken":0,"max_hp_gain":0,"max_hp_loss":0,"event_name":"Match and Keep!","floor":3,"gold_loss":0,"cards_obtained":["Dagger Spray","Infinite Blades","Neutralize"]},{"damage_healed":0,"gold_gain":0,"player_choice":"Success","damage_taken":3,"relics_obtained":["Ornamental Fan"],"max_hp_gain":0,"max_hp_loss":0,"event_name":"Scrap Ooze","floor":5,"gold_loss":0},{"damage_healed":0,"gold_gain":0,"player_choice":"Searched \u00272\u0027 times","damage_taken":0,"max_hp_gain":0,"max_hp_loss":0,"event_name":"Dead Adventurer","floor":10,"gold_loss":0},{"damage_healed":0,"gold_gain":100,"player_choice":"Pray","damage_taken":0,"max_hp_gain":0,"max_hp_loss":0,"event_name":"Golden Shrine","floor":12,"gold_loss":0},{"damage_healed":0,"gold_gain":0,"player_choice":"Fought Bandits","damage_taken":0,"max_hp_gain":0,"max_hp_loss":0,"event_name":"Masked Bandits","floor":21,"gold_loss":0},{"damage_healed":0,"gold_gain":0,"cards_transformed":["Defend_G","Strike_G"],"player_choice":"Became Test Subject","damage_taken":0,"max_hp_gain":0,"max_hp_loss":0,"event_name":"Drug Dealer","floor":22,"gold_loss":0,"cards_obtained":["Blur","Deadly Poison"]},{"damage_healed":23,"gold_gain":0,"player_choice":"Heal","damage_taken":0,"max_hp_gain":0,"max_hp_loss":0,"event_name":"The Library","floor":23,"gold_loss":0}],"is_beta":false,"boss_relics":[{"not_picked":["Tiny House","Philosopher\u0027s Stone"],"picked":"Astrolabe"}],"items_purged_floors":[],"is_endless":false,"potions_floor_spawned":[2,11,14,20,21,25],"killed_by":"Shelled Parasite and Fungi","ascension_level":2}