{"gold_per_floor":[161,161,173,183,183,183,216,216,216,232,252,252,252,287,287,410,410,429,429,412,239,252,252,296,296,320,520,534,534],"floor_reached":29,"playtime":1197,"items_purged":["Strike_G+1"],"score":253,"play_id":"208164f8-8e3a-4739-aaf4-3f8999e1960a","local_time":"20190326155834","is_ascension_mode":false,"campfire_choices":[{"floor":6,"key":"RECALL"},{"floor":8,"key":"REST"},{"floor":15,"key":"REST"},{"floor":23,"key":"REST"},{"floor":25,"key":"REST"}],"neow_cost":"NONE","seed_source_timestamp":225772911093700,"circlet_count":0,"master_deck":["Defend_G","Defend_G","Defend_G","Defend_G","Defend_G","Strike_G","Strike_G","Strike_G","Strike_G","Survivor","Neutralize","Quick Slash","Cloak And Dagger","Reflex","Backstab","Acrobatics","After Image+1","Dagger Throw","Adrenaline","Prepared+1","Reflex","All Out Attack","Prepared","Underhanded Strike","Choke","Cloak And Dagger+1","Well Laid Plans"],"relics":["Tiny House","NlothsMask","Tingsha","Golden Idol","Happy Flower","Lizard Tail","WingedGreaves"],"potions_floor_usage":[7,14,16,16,22],"damage_taken":[{"damage":5,"enemies":"Small Slimes","floor":1,"turns":4},{"damage":6,"enemies":"Cultist","floor":3,"turns":4},{"damage":0,"enemies":"2 Louse","floor":4,"turns":3},{"damage":39,"enemies":"3 Sentries","floor":7,"turns":10},{"damage":7,"enemies":"Large Slime","floor":10,"turns":7},{"damage":8,"enemies":"Blue Slaver","floor":11,"turns":3},{"damage":16,"enemies":"Lagavulin","floor":14,"turns":8},{"damage":28,"enemies":"Slime Boss","floor":16,"turns":9},{"damage":6,"enemies":"Chosen","floor":18,"turns":5},{"damage":11,"enemies":"2 Thieves","floor":20,"turns":4},{"damage":42,"enemies":"Cultist and Chosen","floor":22,"turns":8},{"damage":69,"enemies":"Book of Stabbing","floor":24,"turns":9},{"damage":7,"enemies":"Sentry and Sphere","floor":28,"turns":5},{"damage":17,"enemies":"Snake Plant","floor":29,"turns":3}],"seed_played":"4534696007878701110","potions_obtained":[{"floor":0,"key":"GhostInAJar"},{"floor":4,"key":"LiquidBronze"},{"floor":10,"key":"EssenceOfSteel"},{"floor":14,"key":"Fire Potion"},{"floor":18,"key":"SkillPotion"}],"is_trial":false,"path_per_floor":["M","?","M","M","?","R","E","R","T","M","M","?","?","E","R","B",null,"M","?","M","$","M","R","E","R","T","?","M","M"],"character_chosen":"THE_SILENT","items_purchased":["Prepared","Underhanded Strike"],"campfire_rested":4,"item_purchase_floors":[21,21],"current_hp_per_floor":[70,70,64,64,64,64,25,47,47,40,32,32,32,16,36,8,69,63,63,52,52,10,30,2,22,22,22,15,0],"gold":534,"neow_bonus":"BOSS_RELIC","is_prod":false,"is_daily":false,"chose_seed":false,"campfire_upgraded":0,"win_rate":0,"timestamp":1553587114,"path_taken":["M","?","M","M","?","R","E","R","T","M","?","?","?","E","R","BOSS","M","?","M","$","M","R","E","R","T","?","?","M"],"build_version":"2019-01-23","purchased_purges":1,"victory":false,"max_hp_per_floor":[75,75,75,75,75,75,75,75,75,75,75,69,69,69,69,69,69,69,69,69,69,69,69,69,69,69,69,69,69],"card_choices":[{"not_picked":["Dodge and Roll","Sucker Punch"],"picked":"Quick Slash","floor":0},{"not_picked":["Dagger Spray","Quick Slash"],"picked":"Cloak And Dagger","floor":1},{"not_picked":["Sucker Punch","PiercingWail"],"picked":"Reflex","floor":3},{"not_picked":["Flying Knee","Blade Dance"],"picked":"Backstab","floor":4},{"not_picked":["Slice","Poisoned Stab"],"picked":"Acrobatics","floor":7},{"not_picked":["Distraction","Terror","Masterful Stab"],"picked":"SKIP","floor":10},{"not_picked":["Outmaneuver","Dodge and Roll"],"picked":"After Image","floor":11},{"not_picked":["Slice","Underhanded Strike"],"picked":"Dagger Throw","floor":14},{"not_picked":["Glass Knife","Venomology"],"picked":"Adrenaline","floor":16},{"not_picked":["Slice","Quick Slash+1"],"picked":"Prepared+1","floor":18},{"not_picked":["Flying Knee","Bane"],"picked":"All Out Attack","floor":20},{"not_picked":["Slice+1","Calculated Gamble"],"picked":"Choke","floor":22},{"not_picked":["Venomology","Slice"],"picked":"Cloak And Dagger+1","floor":24},{"not_picked":["Deadly Poison","Sucker Punch"],"picked":"Well Laid Plans","floor":28}],"player_experience":432110,"relics_obtained":[{"floor":7,"key":"Tingsha"},{"floor":14,"key":"Happy Flower"},{"floor":24,"key":"WingedGreaves"}],"event_choices":[{"damage_healed":0,"gold_gain":0,"player_choice":"Ignored","damage_taken":0,"max_hp_gain":0,"max_hp_loss":0,"event_name":"Liars Game","floor":2,"gold_loss":0},{"damage_healed":0,"gold_gain":0,"player_choice":"Trade","damage_taken":0,"relics_obtained":["NlothsMask"],"max_hp_gain":0,"max_hp_loss":0,"event_name":"FaceTrader","floor":5,"gold_loss":0},{"damage_healed":0,"gold_gain":0,"player_choice":"Lose Max HP","damage_taken":0,"relics_obtained":["Golden Idol"],"max_hp_gain":0,"max_hp_loss":6,"event_name":"Golden Idol","floor":12,"gold_loss":0},{"damage_healed":0,"gold_gain":0,"player_choice":"Grow","damage_taken":0,"max_hp_gain":0,"max_hp_loss":0,"event_name":"Living Wall","floor":13,"gold_loss":0,"cards_upgraded":["After Image"]},{"damage_healed":0,"gold_gain":0,"player_choice":"Read","damage_taken":0,"max_hp_gain":0,"max_hp_loss":0,"event_name":"The Library","floor":19,"gold_loss":0,"cards_obtained":["Reflex"]},{"damage_healed":0,"gold_gain":250,"player_choice":"Bet on Owner","damage_taken":0,"max_hp_gain":0,"max_hp_loss":0,"event_name":"The Joust","floor":27,"gold_loss":50}],"is_beta":false,"boss_relics":[{"not_picked":["Runic Pyramid","Black Star"],"picked":"Lizard Tail"}],"items_purged_floors":[21],"is_endless":false,"potions_floor_spawned":[4,10,14,18],"killed_by":"Snake Plant","ascension_level":0}