{"gold_per_floor":[11,24,36,36,50,81,81,93,93,93,93,93,107,107,107,181,181,193,118,118,128,140,140,16,36,60,60,60,12,12,12],"floor_reached":31,"playtime":814,"items_purged":["Defend_B"],"score":411,"play_id":"d489c798-3b86-4528-87fe-1e851f32b32a","local_time":"20190316202631","is_ascension_mode":true,"campfire_choices":[{"data":"Defragment","floor":7,"key":"SMITH"},{"data":"Zap","floor":10,"key":"SMITH"},{"data":"Dualcast","floor":12,"key":"SMITH"},{"floor":15,"key":"REST"},{"data":"Double Energy","floor":23,"key":"SMITH"},{"data":"Heatsinks","floor":30,"key":"SMITH"}],"neow_cost":"NO_GOLD","seed_source_timestamp":0,"circlet_count":0,"master_deck":["AscendersBane","Defend_B","Zap+1","Dualcast+1","Defragment+1","Genetic Algorithm","Core Surge","Ball Lightning","Biased Cognition","FTL","Undo","Reprogram","Reboot","Conserve Battery","Seek","Double Energy+1","Defragment","Coolheaded","Coolheaded+1","Heatsinks+1","Echo Form","Turbo","Skim","Loop","Stack","Ghostly","Ghostly","Ghostly","Hologram"],"relics":["Cracked Core","Ancient Tea Set","Potion Belt","Orrery","DataDisk"],"potions_floor_usage":[22,31,31],"damage_taken":[{"damage":0,"enemies":"Cultist","floor":1,"turns":3},{"damage":7,"enemies":"Small Slimes","floor":2,"turns":3},{"damage":3,"enemies":"2 Louse","floor":3,"turns":3},{"damage":8,"enemies":"Exordium Wildlife","floor":5,"turns":4},{"damage":25,"enemies":"Lagavulin","floor":6,"turns":7},{"damage":5,"enemies":"2 Fungi Beasts","floor":8,"turns":2},{"damage":6,"enemies":"3 Louse","floor":13,"turns":3},{"damage":6,"enemies":"The Guardian","floor":16,"turns":8},{"damage":13,"enemies":"Chosen","floor":18,"turns":5},{"damage":17,"enemies":"3 Byrds","floor":21,"turns":5},{"damage":0,"enemies":"Centurion and Healer","floor":22,"turns":6},{"damage":0,"enemies":"3 Cultists","floor":25,"turns":5},{"damage":33,"enemies":"Slavers","floor":31,"turns":3}],"seed_played":"3200709747481156225","potions_obtained":[{"floor":5,"key":"Energy Potion"},{"floor":6,"key":"SteroidPotion"},{"floor":13,"key":"Explosive Potion"},{"floor":22,"key":"Weak Potion"}],"is_trial":false,"path_per_floor":["M","M","M","$","M","E","R","M","T","R","?","R","M","?","R","B",null,"M","?","?","M","M","R","$","M","T","?","?","$","R","E"],"character_chosen":"DEFECT","items_purchased":["Turbo","Hologram"],"campfire_rested":1,"item_purchase_floors":[24,29],"current_hp_per_floor":[64,57,54,54,46,21,21,16,16,16,16,16,10,10,31,25,60,47,47,47,30,30,30,30,30,30,30,30,30,30,0],"gold":12,"neow_bonus":"REMOVE_TWO","is_prod":false,"is_daily":false,"chose_seed":true,"campfire_upgraded":5,"win_rate":0,"timestamp":1552739191,"path_taken":["M","?","M","?","M","E","R","M","T","R","?","R","M","?","R","BOSS","M","?","?","M","M","R","$","M","T","?","?","$","R","E"],"build_version":"2019-01-23","purchased_purges":1,"victory":false,"max_hp_per_floor":[71,71,71,71,71,71,71,71,71,71,71,71,71,71,71,71,71,71,71,71,71,71,71,71,71,71,71,35,35,35,35],"card_choices":[{"not_picked":["Conserve Battery","Turbo"],"picked":"Defragment","floor":1},{"not_picked":["Rebound","Sweeping Beam"],"picked":"Genetic Algorithm","floor":2},{"not_picked":["Streamline","Compile Driver"],"picked":"Core Surge","floor":3},{"not_picked":["Redo","Sunder"],"picked":"Ball Lightning","floor":5},{"not_picked":["Go for the Eyes","Streamline"],"picked":"Biased Cognition","floor":6},{"not_picked":["Go for the Eyes","Fusion"],"picked":"FTL","floor":8},{"not_picked":["Blizzard","White Noise"],"picked":"Undo","floor":13},{"not_picked":["Fission","Hyperbeam"],"picked":"Reboot","floor":16},{"not_picked":["Doom and Gloom","Force Field"],"picked":"Conserve Battery","floor":17},{"not_picked":["Undo","Hologram"],"picked":"Seek","floor":17},{"not_picked":["Beam Cell","Coolheaded"],"picked":"Double Energy","floor":17},{"not_picked":["Ball Lightning","Darkness"],"picked":"Defragment","floor":17},{"not_picked":["Cold Snap","Gash"],"picked":"Coolheaded","floor":17},{"not_picked":["Sunder+1","Compile Driver"],"picked":"Coolheaded+1","floor":18},{"not_picked":["Gash+1","Hologram"],"picked":"Heatsinks","floor":21},{"not_picked":["Redo","Turbo"],"picked":"Echo Form","floor":22},{"not_picked":["Hologram","Turbo"],"picked":"Skim","floor":25}],"player_experience":1204686,"relics_obtained":[{"floor":6,"key":"Ancient Tea Set"},{"floor":9,"key":"Potion Belt"},{"floor":26,"key":"DataDisk"}],"event_choices":[{"damage_healed":0,"gold_gain":0,"player_choice":"Ignored","damage_taken":0,"max_hp_gain":0,"max_hp_loss":0,"event_name":"Liars Game","floor":11,"gold_loss":0},{"damage_healed":0,"gold_gain":0,"cards_transformed":["Strike_B"],"player_choice":"Change","damage_taken":0,"max_hp_gain":0,"max_hp_loss":0,"event_name":"Living Wall","floor":14,"gold_loss":0,"cards_obtained":["Reprogram"]},{"cards_removed":["Strike_B"],"damage_healed":0,"gold_gain":0,"player_choice":"Gave Gold","damage_taken":0,"max_hp_gain":0,"max_hp_loss":0,"event_name":"Beggar","floor":19,"gold_loss":75},{"damage_healed":0,"gold_gain":0,"player_choice":"Ignored","damage_taken":0,"max_hp_gain":0,"max_hp_loss":0,"event_name":"The Mausoleum","floor":20,"gold_loss":0},{"damage_healed":0,"gold_gain":0,"cards_transformed":["Defend_B","Defend_B"],"player_choice":"Became Test Subject","damage_taken":0,"max_hp_gain":0,"max_hp_loss":0,"event_name":"Drug Dealer","floor":27,"gold_loss":0,"cards_obtained":["Loop","Stack"]},{"damage_healed":0,"gold_gain":0,"player_choice":"Became a Ghost","damage_taken":0,"max_hp_gain":0,"max_hp_loss":36,"event_name":"Ghosts","floor":28,"gold_loss":0,"cards_obtained":["Ghostly","Ghostly","Ghostly"]}],"is_beta":false,"boss_relics":[{"not_picked":["Tiny House","Lizard Tail"],"picked":"Orrery"}],"items_purged_floors":[24],"is_endless":false,"potions_floor_spawned":[5,6,8,13,22],"killed_by":"Slavers","ascension_level":15}