{"gold_per_floor":[115,95,112,85,97,130,130,130,130,155,168,184,184,195,195,296,296,313,326,326,205,233,258,358,373,396,396,140,153,168,168,168,265,265,277,291,291,310,45,45,45,65,65,83,83,93,23,37,37,37,37,37,37,63,63],"floor_reached":55,"playtime":3211,"items_purged":[],"score":751,"play_id":"c1294c46-25fc-4d3a-980b-2e2087b395b2","local_time":"20190302142800","is_ascension_mode":false,"campfire_choices":[{"data":"1","floor":15,"key":"LIFT"},{"data":"2","floor":27,"key":"LIFT"},{"data":"3","floor":32,"key":"LIFT"},{"floor":40,"key":"RECALL"},{"floor":49,"key":"REST"},{"data":"Double Tap","floor":52,"key":"SMITH"}],"neow_cost":"NONE","seed_source_timestamp":1193554969996112,"circlet_count":0,"master_deck":["Defend_R","Defend_R","Defend_R","Defend_R","Bash","Iron Wave","Cleave","Iron Wave","Flex","Iron Wave","Twin Strike","Iron Wave","Flex","Blood for Blood","Rampage","Shrug It Off","Bite","Bite","Bite","Bite","Bite","Cleave","Iron Wave","Armaments","Anger+1","Pommel Strike+1","Whirlwind+1","Perfected Strike+1","Feed+1","Inflame+1","Double Tap+1","Perfected Strike+1","Perfected Strike+1","Shrug It Off+1","Pommel Strike+1","Pummel+1","Shockwave+1","Inflame","Rampage+1","Pommel Strike+1"],"relics":["Burning Blood","Girya","Pen Nib","Happy Flower","Ornamental Fan","Red Skull","Mark of Pain","Red Mask","Bag of Preparation","Nunchaku","Molten Egg 2","Bottled Flame","White Beast Statue","Kunai","Thread and Needle","Blood Vial"],"potions_floor_usage":[18,23,24,24,33,48,50,50,50,55],"damage_taken":[{"damage":6,"enemies":"Jaw Worm","floor":1,"turns":3},{"damage":1,"enemies":"Cultist","floor":3,"turns":3},{"damage":1,"enemies":"2 Louse","floor":5,"turns":3},{"damage":46,"enemies":"Lagavulin","floor":6,"turns":6},{"damage":10,"enemies":"Gremlin Nob","floor":10,"turns":4},{"damage":0,"enemies":"2 Fungi Beasts","floor":11,"turns":2},{"damage":3,"enemies":"Red Slaver","floor":12,"turns":3},{"damage":0,"enemies":"Gremlin Gang","floor":14,"turns":3},{"damage":15,"enemies":"Hexaghost","floor":16,"turns":7},{"damage":18,"enemies":"2 Thieves","floor":18,"turns":5},{"damage":11,"enemies":"Shell Parasite","floor":19,"turns":6},{"damage":38,"enemies":"Masked Bandits","floor":22,"turns":6},{"damage":32,"enemies":"Slavers","floor":23,"turns":6},{"damage":0,"enemies":"Colosseum Slavers","floor":24,"turns":3},{"damage":0,"enemies":"Colosseum Nobs","floor":24,"turns":2},{"damage":30,"enemies":"Snecko","floor":25,"turns":7},{"damage":16,"enemies":"Snake Plant","floor":29,"turns":4},{"damage":13,"enemies":"3 Cultists","floor":30,"turns":5},{"damage":52,"enemies":"Automaton","floor":33,"turns":7},{"damage":15,"enemies":"3 Shapes","floor":35,"turns":3},{"damage":2,"enemies":"Orb Walker","floor":36,"turns":2},{"damage":23,"enemies":"Spire Growth","floor":38,"turns":3},{"damage":0,"enemies":"Transient","floor":42,"turns":5},{"damage":0,"enemies":"3 Darklings","floor":44,"turns":3},{"damage":12,"enemies":"Maw","floor":46,"turns":6},{"damage":22,"enemies":"Writhing Mass","floor":48,"turns":4},{"damage":38,"enemies":"Donu and Deca","floor":50,"turns":6},{"damage":54,"enemies":"Shield and Spear","floor":54,"turns":4},{"damage":31,"enemies":"The Heart","floor":55,"turns":2}],"seed_played":"5601072471008243515","potions_obtained":[{"floor":2,"key":"SneckoOil"},{"floor":5,"key":"GamblersBrew"},{"floor":6,"key":"Explosive Potion"},{"floor":11,"key":"SteroidPotion"},{"floor":12,"key":"FairyPotion"},{"floor":18,"key":"SkillPotion"},{"floor":23,"key":"SteroidPotion"},{"floor":25,"key":"Energy Potion"},{"floor":30,"key":"SkillPotion"},{"floor":33,"key":"EssenceOfSteel"},{"floor":35,"key":"SkillPotion"},{"floor":48,"key":"Regen Potion"},{"floor":54,"key":"Block Potion"}],"is_trial":false,"path_per_floor":["M","?","M","$","M","E","?","?","T","E","M","M","?","M","R","B",null,"M","M","?","$","?","E","?","M","T","R","$","M","M","?","R","B",null,"M","M","?","M","$","R","?","M","T","M","?","M","$","M","R","B",null,"R","$","E","B"],"character_chosen":"IRONCLAD","items_purchased":["Flex","Cleave","Dual Wield","Bottled Flame","Pommel Strike+1","Kunai","Inflame"],"campfire_rested":1,"item_purchase_floors":[4,21,21,28,39,39,47],"current_hp_per_floor":[80,80,80,80,80,40,33,33,33,29,35,38,38,44,44,35,80,73,68,56,56,28,11,43,27,27,27,27,26,49,49,49,13,56,47,55,55,41,41,41,41,53,53,56,56,52,52,44,56,30,56,56,56,14,0],"gold":63,"neow_bonus":"THREE_CARDS","is_prod":false,"is_daily":false,"chose_seed":false,"campfire_upgraded":1,"win_rate":0,"timestamp":1551558480,"path_taken":["M","?","M","$","?","E","?","?","T","E","M","?","?","M","R","BOSS","M","?","?","$","?","E","?","M","T","R","?","?","M","?","R","BOSS","M","M","?","?","$","R","?","?","T","?","?","M","?","M","R","BOSS","R","$","E","BOSS"],"build_version":"2019-01-23","purchased_purges":0,"victory":false,"max_hp_per_floor":[80,80,80,80,80,80,80,80,80,80,80,80,80,80,80,80,80,80,80,56,56,56,56,56,56,56,56,56,56,56,56,56,56,56,56,56,56,56,56,56,56,56,56,56,56,56,56,56,56,56,56,56,56,56,56],"card_choices":[{"not_picked":["Flex","Anger"],"picked":"Iron Wave","floor":0},{"not_picked":["Warcry","Evolve"],"picked":"Cleave","floor":1},{"not_picked":["Feel No Pain","Bloodletting"],"picked":"Iron Wave","floor":3},{"not_picked":["Pommel Strike","Heavy Blade"],"picked":"Iron Wave","floor":5},{"not_picked":["Dark Embrace","Clothesline"],"picked":"Twin Strike","floor":6},{"not_picked":["Shockwave","Thunderclap"],"picked":"Iron Wave","floor":10},{"not_picked":["Burning Pact","Disarm"],"picked":"Uppercut","floor":11},{"not_picked":["Shrug It Off","Anger"],"picked":"Flex","floor":12},{"not_picked":["Rupture","Combust"],"picked":"Blood for Blood","floor":14},{"not_picked":["Immolate","Bludgeon"],"picked":"Reaper","floor":16},{"not_picked":["Combust","Iron Wave"],"picked":"Rampage","floor":18},{"not_picked":["Sword Boomerang","Wild Strike"],"picked":"Shrug It Off","floor":19},{"not_picked":["Warcry+1","Body Slam"],"picked":"Iron Wave","floor":22},{"not_picked":["Thunderclap","Power Through"],"picked":"Armaments","floor":23},{"not_picked":["Wild Strike","Shrug It Off+1"],"picked":"Anger","floor":24},{"not_picked":["Iron Wave+1","Armaments"],"picked":"Pommel Strike+1","floor":25},{"not_picked":["Reckless Charge+1","Havoc"],"picked":"Whirlwind+1","floor":29},{"not_picked":["Armaments+1","Barricade"],"picked":"Perfected Strike+1","floor":30},{"not_picked":["Demon Form","Immolate+1"],"picked":"Double Tap","floor":33},{"not_picked":["Body Slam+1","Shrug It Off+1"],"picked":"Perfected Strike+1","floor":35},{"not_picked":["Clash+1","Shrug It Off+1"],"picked":"Perfected Strike+1","floor":36},{"not_picked":["Corruption+1","Clothesline+1"],"picked":"Shrug It Off+1","floor":38},{"not_picked":["Carnage+1","Shrug It Off"],"picked":"Pummel+1","floor":42},{"not_picked":["Power Through+1","Armaments+1"],"picked":"Battle Trance+1","floor":44},{"not_picked":["Rampage+1","Sword Boomerang+1"],"picked":"Shockwave+1","floor":46},{"not_picked":["Thunderclap+1","Burning Pact+1"],"picked":"Rampage+1","floor":48},{"not_picked":["Barricade","Sever Soul+1"],"picked":"Pommel Strike+1","floor":54}],"player_experience":116993,"relics_obtained":[{"floor":6,"key":"Girya"},{"floor":9,"key":"Ornamental Fan"},{"floor":10,"key":"Red Skull"},{"floor":22,"key":"Red Mask"},{"floor":23,"key":"Bag of Preparation"},{"floor":24,"key":"Nunchaku"},{"floor":24,"key":"Molten Egg 2"},{"floor":43,"key":"Thread and Needle"},{"floor":54,"key":"Blood Vial"}],"event_choices":[{"damage_healed":0,"gold_gain":0,"player_choice":"Bought 1 Potion","damage_taken":0,"max_hp_gain":0,"max_hp_loss":0,"event_name":"The Woman in Blue","floor":2,"gold_loss":0},{"damage_healed":0,"gold_gain":0,"player_choice":"Success","damage_taken":7,"relics_obtained":["Pen Nib"],"max_hp_gain":0,"max_hp_loss":0,"event_name":"Scrap Ooze","floor":7,"gold_loss":0},{"damage_healed":0,"gold_gain":0,"player_choice":"Gave Potion","damage_taken":0,"relics_obtained":["Happy Flower"],"max_hp_gain":0,"max_hp_loss":0,"event_name":"WeMeetAgain","floor":8,"gold_loss":0},{"cards_removed":["Uppercut"],"damage_healed":0,"gold_gain":0,"player_choice":"Purged","damage_taken":0,"max_hp_gain":0,"max_hp_loss":0,"event_name":"Purifier","floor":13,"gold_loss":0},{"damage_healed":0,"gold_gain":0,"player_choice":"Became a vampire","damage_taken":0,"max_hp_gain":0,"max_hp_loss":24,"event_name":"Vampires","floor":20,"gold_loss":0,"cards_obtained":["Bite","Bite","Bite","Bite","Bite"]},{"damage_healed":0,"gold_gain":0,"player_choice":"Fought Bandits","damage_taken":0,"max_hp_gain":0,"max_hp_loss":0,"event_name":"Masked Bandits","floor":22,"gold_loss":0},{"damage_healed":0,"gold_gain":0,"player_choice":"Fight","damage_taken":0,"max_hp_gain":0,"max_hp_loss":0,"event_name":"Colosseum","floor":24,"gold_loss":0},{"damage_healed":0,"gold_gain":0,"player_choice":"Fought Nobs","damage_taken":0,"max_hp_gain":0,"max_hp_loss":0,"event_name":"Colosseum","floor":24,"gold_loss":0},{"damage_healed":0,"gold_gain":0,"cards_transformed":["Reaper","Dual Wield"],"player_choice":"Became Test Subject","damage_taken":0,"max_hp_gain":0,"max_hp_loss":0,"event_name":"Drug Dealer","floor":31,"gold_loss":0,"cards_obtained":["Feed","Inflame"]},{"damage_healed":0,"gold_gain":0,"player_choice":"Ignored","damage_taken":0,"max_hp_gain":0,"max_hp_loss":0,"event_name":"SecretPortal","floor":37,"gold_loss":0},{"damage_healed":0,"gold_gain":0,"player_choice":"Forge","damage_taken":0,"max_hp_gain":0,"max_hp_loss":0,"event_name":"Accursed Blacksmith","floor":41,"gold_loss":0,"cards_upgraded":["Inflame"]},{"cards_removed":["Battle Trance"],"damage_healed":0,"gold_gain":0,"player_choice":"Removed Skill","damage_taken":0,"max_hp_gain":0,"max_hp_loss":0,"event_name":"Falling","floor":45,"gold_loss":0}],"is_beta":false,"boss_relics":[{"not_picked":["Ectoplasm","Coffee Dripper"],"picked":"Mark of Pain"},{"not_picked":["Lizard Tail","Snecko Eye"],"picked":"White Beast Statue"}],"items_purged_floors":[],"is_endless":false,"potions_floor_spawned":[5,6,11,12,14,18,23,24,25,30,33,35,36,38,42,44,46,48,54],"killed_by":"The Heart","ascension_level":0}