{"gold_per_floor":[116,116,266,266,284,316,330,89,144,144,65,65,90,107,107,183,183,195,195,39,39],"floor_reached":21,"playtime":520,"items_purged":["Doubt"],"score":420,"play_id":"e28acd34-0b3e-4512-a037-a5aa2d49e8fc","local_time":"20190322061832","is_ascension_mode":true,"campfire_choices":[{"data":"Static Discharge","floor":10.0,"key":"SMITH"},{"data":"Hologram","floor":12.0,"key":"SMITH"},{"floor":15.0,"key":"REST"}],"neow_cost":"NONE","seed_source_timestamp":0,"circlet_count":0,"master_deck":["AscendersBane","Strike_B","Strike_B","Strike_B","Strike_B","Defend_B","Defend_B","Defend_B","Defend_B","Zap","Dualcast","Static Discharge+1","Hologram+1","Gash","Rebound","Electrodynamics","Capacitor","Gash","Gash","All For One","Scrape","Good Instincts","Steam"],"special_seed":0,"relics":["Cracked Core","NeowsBlessing","Centennial Puzzle","Pen Nib","Strawberry","Bag of Marbles","Inserter"],"potions_floor_usage":[16,18],"damage_taken":[{"damage":0.0,"enemies":"Small Slimes","floor":1.0,"turns":1.0},{"damage":0.0,"enemies":"Jaw Worm","floor":5.0,"turns":1.0},{"damage":0.0,"enemies":"Gremlin Nob","floor":6.0,"turns":1.0},{"damage":5.0,"enemies":"2 Louse","floor":7.0,"turns":2.0},{"damage":40.0,"enemies":"Lagavulin","floor":13.0,"turns":6.0},{"damage":5.0,"enemies":"Gremlin Gang","floor":14.0,"turns":2.0},{"damage":25,"enemies":"Hexaghost","floor":16,"turns":5},{"damage":40,"enemies":"2 Thieves","floor":18,"turns":4},{"damage":8,"enemies":"Colosseum Slavers","floor":19,"turns":2},{"damage":33,"enemies":"Chosen","floor":21,"turns":3}],"seed_played":"5689508010955865489","potions_obtained":[{"floor":1.0,"key":"Regen Potion"},{"floor":14.0,"key":"AttackPotion"},{"floor":16,"key":"Block Potion"}],"is_trial":false,"path_per_floor":["M","?","?","?","M","E","M","$","T","R","$","R","E","M","R","B",null,"M","?","$","M"],"character_chosen":"DEFECT","items_purchased":["Electrodynamics","Capacitor","Good Instincts","Steam"],"campfire_rested":1,"item_purchase_floors":[8,11,20,20],"current_hp_per_floor":[64,64,64,64,64,64,59,59,66,66,66,66,26,21,44,19,63,23,15,15,0],"gold":39,"neow_bonus":"THREE_ENEMY_KILL","is_prod":false,"is_daily":false,"chose_seed":false,"campfire_upgraded":2,"win_rate":0,"timestamp":1553249912,"path_taken":["M","?","?","?","?","E","M","$","T","R","$","R","E","M","R","BOSS","M","?","$","M"],"build_version":"2019-01-23","purchased_purges":1,"victory":false,"max_hp_per_floor":[71,71,71,71,71,71,71,71,78,78,78,78,78,78,78,78,78,78,78,78,78],"card_choices":[{"not_picked":["Barrage","Conserve Battery"],"picked":"Static Discharge","floor":1.0},{"not_picked":["Blizzard","Redo"],"picked":"Hologram","floor":5.0},{"not_picked":["Redo","Go for the Eyes"],"picked":"Gash","floor":6.0},{"not_picked":["Meteor Strike","Turbo"],"picked":"Rebound","floor":7.0},{"not_picked":["Scrape","Heatsinks"],"picked":"Gash","floor":13.0},{"not_picked":["Rebound","Hello World"],"picked":"Gash","floor":14.0},{"not_picked":["Electrodynamics","Amplify"],"picked":"All For One","floor":16},{"not_picked":["Redo","Coolheaded"],"picked":"Scrape","floor":18}],"player_experience":876403,"relics_obtained":[{"floor":6.0,"key":"Pen Nib"},{"floor":9.0,"key":"Strawberry"},{"floor":13.0,"key":"Bag of Marbles"}],"event_choices":[{"damage_healed":0.0,"max_hp_gain":0.0,"max_hp_loss":0.0,"gold_gain":0.0,"event_name":"Scrap Ooze","player_choice":"Fled","floor":2.0,"gold_loss":0.0,"damage_taken":0.0},{"damage_healed":0.0,"max_hp_gain":0.0,"max_hp_loss":0.0,"gold_gain":150.0,"event_name":"Liars Game","player_choice":"AGREE","floor":3.0,"gold_loss":0.0,"damage_taken":0.0,"cards_obtained":["Doubt"]},{"damage_healed":0.0,"max_hp_gain":0.0,"max_hp_loss":0.0,"gold_gain":0.0,"event_name":"WeMeetAgain","player_choice":"Gave Potion","floor":4.0,"gold_loss":0.0,"damage_taken":0.0,"relics_obtained":["Centennial Puzzle"]},{"damage_healed":0,"gold_gain":0,"player_choice":"Fight","damage_taken":0,"max_hp_gain":0,"max_hp_loss":0,"event_name":"Colosseum","floor":19,"gold_loss":0},{"damage_healed":0,"gold_gain":0,"player_choice":"Fled From Nobs","damage_taken":0,"max_hp_gain":0,"max_hp_loss":0,"event_name":"Colosseum","floor":19,"gold_loss":0}],"is_beta":false,"boss_relics":[{"not_picked":["Black Star","Empty Cage"],"picked":"Inserter"}],"items_purged_floors":[8],"is_endless":false,"potions_floor_spawned":[1,14,16,19],"killed_by":"Chosen","ascension_level":20}