{"gold_per_floor":[109,127,139,152,168,168,198,198,274,289,289,289,301,332,344,356],"floor_reached":16,"playtime":711,"items_purged":[],"score":171,"play_id":"3a9a395f-763d-4ac8-916b-596d468b933f","local_time":"20190409205213","is_ascension_mode":true,"campfire_choices":[{"floor":6,"key":"REST"},{"data":"Catalyst","floor":8,"key":"SMITH"},{"data":"Glass Knife","floor":11,"key":"SMITH"},{"floor":15,"key":"REST"}],"neow_cost":"NONE","seed_source_timestamp":2376246162537371,"circlet_count":0,"master_deck":["AscendersBane","Defend_G","Defend_G","Defend_G","Defend_G","Defend_G","Strike_G","Strike_G","Strike_G","Strike_G","Strike_G","Survivor","Neutralize+1","Deadly Poison","Catalyst+1","Predator","Glass Knife+1","Tactician","Bane","Catalyst","Dodge and Roll"],"relics":["Ring of the Snake","PreservedInsect","Letter Opener","Turnip","MawBank"],"potions_floor_usage":[13,14,16,16,16],"damage_taken":[{"damage":0,"enemies":"Small Slimes","floor":1,"turns":5},{"damage":0,"enemies":"Cultist","floor":2,"turns":3},{"damage":4,"enemies":"Jaw Worm","floor":3,"turns":4},{"damage":4,"enemies":"Exordium Thugs","floor":4,"turns":4},{"damage":7,"enemies":"Large Slime","floor":5,"turns":5},{"damage":25,"enemies":"3 Sentries","floor":7,"turns":6},{"damage":8,"enemies":"Blue Slaver","floor":10,"turns":4},{"damage":0,"enemies":"Gremlin Gang","floor":13,"turns":3},{"damage":15,"enemies":"Lagavulin","floor":14,"turns":3},{"damage":51,"enemies":"Slime Boss","floor":16,"turns":8}],"seed_played":"-2867191381040608427","potions_obtained":[{"floor":1,"key":"FairyPotion"},{"floor":3,"key":"EssenceOfSteel"},{"floor":4,"key":"GamblersBrew"},{"floor":7,"key":"AttackPotion"},{"floor":13,"key":"AttackPotion"},{"floor":14,"key":"AttackPotion"}],"is_trial":false,"path_per_floor":["M","M","M","M","M","R","E","R","T","M","R","?","M","E","R","B"],"character_chosen":"THE_SILENT","items_purchased":[],"campfire_rested":2,"item_purchase_floors":[],"current_hp_per_floor":[63,63,59,55,48,69,44,44,44,36,36,36,36,21,42,0],"gold":356,"neow_bonus":"UPGRADE_CARD","is_prod":false,"is_daily":false,"chose_seed":false,"campfire_upgraded":2,"win_rate":0,"timestamp":1554868333,"path_taken":["M","M","M","M","M","R","E","R","T","M","R","?","?","E","R","BOSS"],"build_version":"2019-01-23","purchased_purges":0,"victory":false,"max_hp_per_floor":[70,70,70,70,70,70,70,70,70,70,70,70,70,70,70,70],"card_choices":[{"not_picked":["Setup","Acrobatics"],"picked":"Deadly Poison","floor":1},{"not_picked":["Bane","Prepared"],"picked":"Catalyst","floor":2},{"not_picked":["Dodge and Roll","Blade Dance"],"picked":"Predator","floor":3},{"not_picked":["Choke","Blade Dance"],"picked":"Glass Knife","floor":4},{"not_picked":["Prepared","Blur"],"picked":"Infinite Blades","floor":5},{"not_picked":["Expertise","Poisoned Stab"],"picked":"Tactician","floor":7},{"not_picked":["Calculated Gamble","Flechettes"],"picked":"Bane","floor":10},{"not_picked":["Cloak And Dagger","Backflip"],"picked":"Catalyst","floor":13},{"not_picked":["Predator","Storm of Steel"],"picked":"Dodge and Roll","floor":14}],"player_experience":527380,"relics_obtained":[{"floor":7,"key":"PreservedInsect"},{"floor":9,"key":"Letter Opener"},{"floor":14,"key":"MawBank"}],"event_choices":[{"cards_removed":["Infinite Blades"],"damage_healed":0,"gold_gain":0,"player_choice":"Gave Card","damage_taken":0,"relics_obtained":["Turnip"],"max_hp_gain":0,"max_hp_loss":0,"event_name":"WeMeetAgain","floor":12,"gold_loss":0}],"is_beta":false,"boss_relics":[],"items_purged_floors":[],"is_endless":false,"potions_floor_spawned":[1,3,4,7,13,14],"killed_by":"Slime Boss","ascension_level":10}