{"gold_per_floor":[109,126,126,126,141,141,66,66,66,93,111,111,121,132,132,209,209,181,63,63,34,48,48,48,63,113,113,113,113,24,38,38,112,112,122,142,142,53,71,105,105,105,131,131,77,111,35,80,80,80,80,80,80,24,49,49],"floor_reached":57,"playtime":2283,"items_purged":["Strike_B"],"score":2662,"play_id":"01145d6d-9ab1-4be8-aa91-919005389fac","local_time":"20190508005205","is_ascension_mode":true,"campfire_choices":[{"data":"Zap","floor":6.0,"key":"SMITH"},{"data":"Dualcast","floor":8.0,"key":"SMITH"},{"data":"Consume","floor":15.0,"key":"SMITH"},{"data":"Heatsinks","floor":23.0,"key":"SMITH"},{"data":"Turbo","floor":27.0,"key":"SMITH"},{"data":"Seek","floor":29.0,"key":"SMITH"},{"data":"Hologram","floor":32.0,"key":"SMITH"},{"data":"White Noise","floor":41.0,"key":"SMITH"},{"floor":49.0,"key":"RECALL"},{"data":"White Noise","floor":53.0,"key":"SMITH"}],"neow_cost":"PERCENT_DAMAGE","seed_source_timestamp":1126984292446763,"circlet_count":0,"master_deck":["AscendersBane","Zap+1","Dualcast+1","Glacier+1","Tempest","Heatsinks+1","Self Repair+1","White Noise+1","Seek+1","Consume+1","Conserve Battery+1","Thunder Strike","Hologram+1","Static Discharge+1","Turbo+1","Heatsinks+1","Coolheaded+1","Electrodynamics+1","Cold Snap","Core Surge","Machine Learning+1","White Noise+1","Storm+1","Capacitor+1","Panacea","Hologram","Storm+1","Loop+1"],"special_seed":0,"relics":["Cracked Core","Ginger","Singing Bowl","Frozen Egg 2","Coffee Dripper","War Paint","Pandora\u0027s Box","Bottled Lightning","Bird Faced Urn","Du-Vu Doll","Strawberry"],"potions_floor_usage":[56],"damage_taken":[{"damage":11.0,"enemies":"Small Slimes","floor":1.0,"turns":4.0},{"damage":3.0,"enemies":"2 Louse","floor":2.0,"turns":2.0},{"damage":0.0,"enemies":"Cultist","floor":5.0,"turns":3.0},{"damage":33.0,"enemies":"3 Sentries","floor":10.0,"turns":14.0},{"damage":1.0,"enemies":"Looter","floor":11.0,"turns":3.0},{"damage":8.0,"enemies":"Lots of Slimes","floor":13.0,"turns":5.0},{"damage":2.0,"enemies":"Exordium Wildlife","floor":14.0,"turns":2.0},{"damage":21.0,"enemies":"Hexaghost","floor":16.0,"turns":8.0},{"damage":21.0,"enemies":"2 Thieves","floor":18.0,"turns":4.0},{"damage":13.0,"enemies":"3 Byrds","floor":22.0,"turns":4.0},{"damage":19.0,"enemies":"Shelled Parasite and Fungi","floor":25.0,"turns":6.0},{"damage":19.0,"enemies":"Centurion and Healer","floor":31.0,"turns":7.0},{"damage":5.0,"enemies":"Champ","floor":33.0,"turns":7.0},{"damage":10.0,"enemies":"Orb Walker","floor":35.0,"turns":3.0},{"damage":0.0,"enemies":"3 Shapes","floor":36.0,"turns":2.0},{"damage":27.0,"enemies":"Transient","floor":39.0,"turns":6.0},{"damage":1.0,"enemies":"Giant Head","floor":40.0,"turns":4.0},{"damage":4.0,"enemies":"Nemesis","floor":46.0,"turns":7.0},{"damage":0.0,"enemies":"2 Orb Walkers","floor":48.0,"turns":1.0},{"damage":19.0,"enemies":"Donu and Deca","floor":50.0,"turns":6.0},{"damage":14.0,"enemies":"Time Eater","floor":51.0,"turns":4.0},{"damage":18.0,"enemies":"Shield and Spear","floor":55.0,"turns":2.0},{"damage":107,"enemies":"The Heart","floor":56,"turns":8}],"seed_played":"-7081667573589807524","potions_obtained":[{"floor":1.0,"key":"PowerPotion"},{"floor":11.0,"key":"SkillPotion"},{"floor":13.0,"key":"EssenceOfSteel"},{"floor":16.0,"key":"SteroidPotion"},{"floor":39.0,"key":"Block Potion"},{"floor":46.0,"key":"Fruit Juice"},{"floor":55.0,"key":"Poison Potion"}],"is_trial":false,"path_per_floor":["M","M","?","?","M","R","$","R","T","E","M","?","M","M","R","B",null,"M","$","?","$","M","R","?","M","T","R","?","R","$","M","R","B",null,"M","M","?","$","M","E","R","?","T","?","$","E","$","?","R","B","B",null,"R","$","E","B",null],"character_chosen":"DEFECT","items_purchased":["Heatsinks","Static Discharge+1","Turbo","Heatsinks+1","Storm+1","SkillPotion","Storm+1","PowerPotion"],"campfire_rested":0,"item_purchase_floors":[7,19,21,30,38,45,47,54],"current_hp_per_floor":[35,32,55,55,55,55,55,55,55,22,31,31,33,31,31,20,58,47,47,47,47,56,56,56,59,59,59,59,59,59,50,50,55,70,72,77,77,77,60,79,79,79,79,73,73,88,88,90,90,83,90,90,90,90,97,26],"gold":49,"neow_bonus":"REMOVE_TWO","is_prod":false,"is_daily":false,"chose_seed":false,"campfire_upgraded":9,"win_rate":0,"timestamp":1557247925,"path_taken":["M","M","?","?","?","R","$","R","T","E","M","?","M","?","R","BOSS","M","?","?","?","?","R","?","M","T","R","?","R","$","M","R","BOSS","M","M","?","$","M","E","R","?","T","?","?","E","$","?","R","BOSS","BOSS","R","$","E","BOSS"],"build_version":"2019-01-23","purchased_purges":1,"victory":true,"max_hp_per_floor":[71,71,71,71,71,71,71,71,71,71,71,71,71,71,71,71,71,71,71,71,71,73,73,73,75,75,75,75,75,75,75,75,75,75,77,77,77,77,77,79,79,79,79,83,83,88,88,90,90,90,90,90,90,90,97,97],"card_choices":[{"not_picked":["Compile Driver","Gash"],"picked":"Glacier","floor":1.0},{"not_picked":["Redo","Fusion"],"picked":"Tempest","floor":2.0},{"not_picked":["Hologram","Stack"],"picked":"Compile Driver","floor":5.0},{"not_picked":["Go for the Eyes","Consume"],"picked":"Self Repair","floor":10.0},{"not_picked":["Tempest","Leap"],"picked":"White Noise","floor":11.0},{"not_picked":["Lockon","Undo"],"picked":"Consume","floor":13.0},{"not_picked":["Reinforced Body","Self Repair+1"],"picked":"Conserve Battery","floor":14.0},{"not_picked":["Reboot","Machine Learning+1"],"picked":"Thunder Strike","floor":16.0},{"not_picked":["Doom and Gloom","Barrage"],"picked":"Hologram","floor":18.0},{"not_picked":["Conserve Battery","Static Discharge+1","Hello World+1"],"picked":"Singing Bowl","floor":22.0},{"not_picked":["Thunder Strike","Gash","Compile Driver"],"picked":"Singing Bowl","floor":25.0},{"not_picked":["Compile Driver","Redo"],"picked":"Coolheaded+1","floor":31.0},{"not_picked":["Creative AI+1","Hyperbeam"],"picked":"Electrodynamics+1","floor":33.0},{"not_picked":["Redo","Static Discharge+1","Conserve Battery"],"picked":"Singing Bowl","floor":35.0},{"not_picked":["Go for the Eyes","Cold Snap"],"picked":"White Noise","floor":36.0},{"not_picked":["Hologram+1","Undo"],"picked":"Capacitor+1","floor":39.0},{"not_picked":["Auto Shields","Lockon+1","Sunder"],"picked":"Singing Bowl","floor":40.0},{"not_picked":["Dark Shackles","Flash of Steel","Thinking Ahead"],"picked":"Singing Bowl","floor":44.0},{"not_picked":["Transmutation","Flash of Steel","Good Instincts"],"picked":"Singing Bowl","floor":44.0},{"not_picked":["Transmutation","Deep Breath"],"picked":"Panacea","floor":44.0},{"not_picked":["Redo","Cold Snap+1"],"picked":"Hologram","floor":46.0},{"not_picked":["Reinforced Body","Compile Driver+1","Rainbow"],"picked":"Singing Bowl","floor":48.0},{"not_picked":["Double Energy","Redo+1"],"picked":"Loop+1","floor":55.0}],"player_experience":1590479,"relics_obtained":[{"floor":9.0,"key":"Singing Bowl"},{"floor":10.0,"key":"Frozen Egg 2"},{"floor":26.0,"key":"War Paint"},{"floor":40.0,"key":"Bottled Lightning"},{"floor":46.0,"key":"Bird Faced Urn"},{"floor":48.0,"key":"Du-Vu Doll"},{"floor":55.0,"key":"Strawberry"}],"event_choices":[{"damage_healed":23.0,"max_hp_gain":0.0,"max_hp_loss":0.0,"gold_gain":0.0,"event_name":"Big Fish","player_choice":"Banana","floor":3.0,"gold_loss":0.0,"damage_taken":0.0},{"damage_healed":0.0,"max_hp_gain":0.0,"max_hp_loss":0.0,"gold_gain":0.0,"event_name":"WeMeetAgain","player_choice":"Gave Potion","floor":4.0,"gold_loss":0.0,"damage_taken":0.0,"relics_obtained":["Ginger"]},{"damage_healed":0.0,"max_hp_gain":0.0,"max_hp_loss":0.0,"gold_gain":0.0,"cards_transformed":["Strike_B"],"event_name":"Transmorgrifier","player_choice":"Transformed","floor":12.0,"gold_loss":0.0,"damage_taken":0.0,"cards_obtained":["Seek"]},{"cards_removed":["Defend_B"],"damage_healed":0.0,"max_hp_gain":0.0,"max_hp_loss":0.0,"gold_gain":0.0,"event_name":"Back to Basics","player_choice":"Elegance","floor":20.0,"gold_loss":0.0,"damage_taken":0.0},{"damage_healed":0.0,"max_hp_gain":0.0,"max_hp_loss":0.0,"gold_gain":0.0,"event_name":"Cursed Tome","player_choice":"Ignored","floor":24.0,"gold_loss":0.0,"damage_taken":0.0},{"damage_healed":0.0,"max_hp_gain":0.0,"max_hp_loss":0.0,"gold_gain":0.0,"event_name":"Vampires","player_choice":"Ignored","floor":28.0,"gold_loss":0.0,"damage_taken":0.0},{"cards_removed":["Compile Driver"],"damage_healed":0.0,"max_hp_gain":0.0,"max_hp_loss":0.0,"gold_gain":0.0,"event_name":"Falling","player_choice":"Removed Attack","floor":37.0,"gold_loss":0.0,"damage_taken":0.0},{"damage_healed":0.0,"max_hp_gain":0.0,"max_hp_loss":0.0,"gold_gain":0.0,"event_name":"Tomb of Lord Red Mask","player_choice":"Ignored","floor":42.0,"gold_loss":0.0,"damage_taken":0.0},{"damage_healed":0.0,"max_hp_gain":0.0,"max_hp_loss":0.0,"gold_gain":0.0,"event_name":"SensoryStone","player_choice":"Memory 3","floor":44.0,"gold_loss":0.0,"damage_taken":10.0},{"damage_healed":0.0,"max_hp_gain":0.0,"max_hp_loss":0.0,"gold_gain":0.0,"event_name":"Mysterious Sphere","player_choice":"Fight","floor":48.0,"gold_loss":0.0,"damage_taken":0.0}],"is_beta":false,"boss_relics":[{"not_picked":["Snecko Eye","Velvet Choker"],"picked":"Coffee Dripper"},{"not_picked":["Sozu","Empty Cage"],"picked":"Pandora\u0027s Box"}],"items_purged_floors":[19],"is_endless":false,"potions_floor_spawned":[1,11,13,16,18,31,35,39,46,55],"ascension_level":20}