{"gold_per_floor":[110,129,129,49,49,76,76,88,88,117,135,135,67,86,86,184,184,197,208,208,307,307,307,307],"floor_reached":24,"playtime":984,"items_purged":[],"score":255,"play_id":"e9d234f7-4bc7-4d67-8a79-6bf2f32b35f8","local_time":"20190320165532","is_ascension_mode":true,"campfire_choices":[{"data":"Bouncing Flask","floor":7,"key":"SMITH"},{"floor":12,"key":"REST"},{"floor":15,"key":"REST"},{"data":"Catalyst","floor":23,"key":"SMITH"}],"neow_cost":"NONE","seed_source_timestamp":633790850478249,"circlet_count":0,"master_deck":["Defend_G","Defend_G","Defend_G","Defend_G","Defend_G","Strike_G","Strike_G","Strike_G","Strike_G","Survivor","Neutralize","Corpse Explosion","Cloak And Dagger","Noxious Fumes","Catalyst+1","Poisoned Stab","Bouncing Flask+1","Catalyst","Envenom","Bane","Escape Plan","Poisoned Stab","Unload","Flying Knee+1","Bane+1"],"relics":["Ring of the Serpent","Ice Cream","Potion Belt","Meat on the Bone"],"potions_floor_usage":[10,10,16,24],"damage_taken":[{"damage":5,"enemies":"Cultist","floor":1,"turns":4},{"damage":0,"enemies":"Small Slimes","floor":2,"turns":4},{"damage":19,"enemies":"Lagavulin","floor":6,"turns":6},{"damage":3,"enemies":"Jaw Worm","floor":8,"turns":3},{"damage":33,"enemies":"3 Sentries","floor":10,"turns":6},{"damage":12,"enemies":"3 Louse","floor":11,"turns":2},{"damage":7,"enemies":"Exordium Wildlife","floor":14,"turns":4},{"damage":14,"enemies":"The Guardian","floor":16,"turns":6},{"damage":35,"enemies":"2 Thieves","floor":18,"turns":4},{"damage":0,"enemies":"Spheric Guardian","floor":19,"turns":2},{"damage":49,"enemies":"Book of Stabbing","floor":24,"turns":4}],"seed_played":"-6976435332944316584","potions_obtained":[{"floor":1,"key":"SkillPotion"},{"floor":6,"key":"EssenceOfSteel"},{"floor":10,"key":"Dexterity Potion"},{"floor":18,"key":"EssenceOfSteel"}],"is_trial":false,"path_per_floor":["M","M","?","$","?","E","R","M","T","E","M","R","$","M","R","B",null,"M","M","?","?","?","R","E"],"character_chosen":"THE_SILENT","items_purchased":["Catalyst","Poisoned Stab","Escape Plan"],"campfire_rested":2,"item_purchase_floors":[4,4,13],"current_hp_per_floor":[65,65,70,70,70,51,51,48,48,15,3,24,24,17,38,24,59,24,24,24,24,47,47,0],"gold":307,"neow_bonus":"ONE_RANDOM_RARE_CARD","is_prod":false,"is_daily":false,"chose_seed":false,"campfire_upgraded":2,"win_rate":0,"timestamp":1553126132,"path_taken":["M","M","?","?","?","E","R","M","T","E","M","R","$","?","R","BOSS","M","M","?","?","?","R","E"],"build_version":"2019-01-23","purchased_purges":0,"victory":false,"max_hp_per_floor":[70,70,70,70,70,70,70,70,70,70,70,70,70,70,70,70,70,70,70,70,70,70,70,70],"card_choices":[{"not_picked":["All Out Attack","Dodge and Roll"],"picked":"Cloak And Dagger","floor":1},{"not_picked":["Cloak And Dagger","Skewer"],"picked":"Noxious Fumes","floor":2},{"not_picked":["Dagger Throw","PiercingWail"],"picked":"Bouncing Flask","floor":6},{"not_picked":["Dodge and Roll","Finisher"],"picked":"Catalyst","floor":8},{"not_picked":["Calculated Gamble","Accuracy"],"picked":"Envenom","floor":10},{"not_picked":["Dagger Throw","Sucker Punch"],"picked":"Bane","floor":11},{"not_picked":["Prepared","PiercingWail"],"picked":"Poisoned Stab","floor":14},{"not_picked":["Wraith Form v2","Phantasmal Killer"],"picked":"Unload","floor":16},{"not_picked":["Deflect","Prepared"],"picked":"Flying Knee+1","floor":18},{"not_picked":["Terror+1","PiercingWail+1"],"picked":"Bane+1","floor":19}],"player_experience":351508,"relics_obtained":[{"floor":6,"key":"Ice Cream"},{"floor":10,"key":"Potion Belt"}],"event_choices":[{"damage_healed":5,"gold_gain":0,"player_choice":"Full Heal","damage_taken":0,"max_hp_gain":0,"max_hp_loss":0,"event_name":"Wheel of Change","floor":3,"gold_loss":0},{"cards_removed":["Strike_G"],"damage_healed":0,"gold_gain":0,"player_choice":"Purged","damage_taken":0,"max_hp_gain":0,"max_hp_loss":0,"event_name":"Purifier","floor":5,"gold_loss":0},{"damage_healed":0,"gold_gain":0,"player_choice":"Opened","damage_taken":0,"relics_obtained":["Meat on the Bone"],"max_hp_gain":0,"max_hp_loss":0,"event_name":"The Mausoleum","floor":20,"gold_loss":0},{"damage_healed":0,"gold_gain":99,"player_choice":"Stole From Cult","damage_taken":0,"max_hp_gain":0,"max_hp_loss":0,"event_name":"Nest","floor":21,"gold_loss":0},{"damage_healed":23,"gold_gain":0,"player_choice":"Heal","damage_taken":0,"max_hp_gain":0,"max_hp_loss":0,"event_name":"The Library","floor":22,"gold_loss":0}],"is_beta":false,"boss_relics":[{"not_picked":["Snecko Eye","WristBlade"],"picked":"Ring of the Serpent"}],"items_purged_floors":[],"is_endless":false,"potions_floor_spawned":[1,6,10,18],"killed_by":"Book of Stabbing","ascension_level":5}