{"gold_per_floor":[17,27,39,57,70,70,86,114,137,166,229,256,272,107,107,209,209,229,229,229,258,275,289,323,335,361,373,404,404,418,452,452,551,551,562,575,575,46,63,90,90,101,127,160,180,198,198,217,217,217],"floor_reached":51,"playtime":2643,"items_purged":["Strike_R","Strike_R+1"],"score":895,"play_id":"9bd75b51-8b59-46c0-a24a-26c1ffa42244","local_time":"20190508041226","is_ascension_mode":false,"campfire_choices":[{"data":"Armaments","floor":6,"key":"SMITH"},{"data":"Demon Form","floor":15,"key":"SMITH"},{"data":"Shockwave","floor":29,"key":"SMITH"},{"data":"Uppercut","floor":32,"key":"SMITH"},{"data":"Immolate","floor":41,"key":"SMITH"},{"data":"Demon Form","floor":47,"key":"SMITH"},{"data":"Juggernaut","floor":49,"key":"SMITH"}],"neow_cost":"NO_GOLD","seed_source_timestamp":341894623059100,"circlet_count":0,"master_deck":["Strike_R+1","Strike_R+1","Defend_R+1","Defend_R+1","Defend_R+1","Bash","Feed","Headbutt","Feel No Pain","Combust","Clothesline+1","Armaments+1","Exhume","Pummel+1","Demon Form+1","Power Through","True Grit","Metallicize","Juggernaut+1","Whirlwind+1","Inflame","Demon Form+1","Iron Wave+1","Uppercut+1","Shockwave+1","Headbutt","Intimidate+1","Spot Weakness","Shrug It Off+1","Cleave+1","Immolate+1","Corruption+1","Shrug It Off","Pain","Metallicize+1","Pommel Strike+1","Feel No Pain"],"relics":["Burning Blood","Vajra","Smiling Mask","The Courier","Pen Nib","Whetstone","Bronze Scales","Sozu","Red Mask","Ancient Tea Set","Orichalcum","Anchor","Boot","Cursed Key","Lantern","OrangePellets","Molten Egg 2","Unceasing Top","Centennial Puzzle","Dodecahedron"],"potions_floor_usage":[8,10],"damage_taken":[{"damage":2,"enemies":"2 Louse","floor":1,"turns":3},{"damage":5,"enemies":"Jaw Worm","floor":2,"turns":4},{"damage":2,"enemies":"Small Slimes","floor":3,"turns":3},{"damage":6,"enemies":"2 Fungi Beasts","floor":4,"turns":6},{"damage":26,"enemies":"Exordium Thugs","floor":5,"turns":6},{"damage":10,"enemies":"Lots of Slimes","floor":7,"turns":2},{"damage":18,"enemies":"Lagavulin","floor":8,"turns":7},{"damage":10,"enemies":"Gremlin Nob","floor":10,"turns":4},{"damage":43,"enemies":"Lagavulin Event","floor":11,"turns":7},{"damage":13,"enemies":"3 Sentries","floor":12,"turns":16},{"damage":2,"enemies":"Large Slime","floor":13,"turns":5},{"damage":3,"enemies":"Hexaghost","floor":16,"turns":7},{"damage":15,"enemies":"Shell Parasite","floor":18,"turns":8},{"damage":2,"enemies":"Masked Bandits","floor":21,"turns":2},{"damage":2,"enemies":"Chosen","floor":22,"turns":5},{"damage":3,"enemies":"Snecko","floor":23,"turns":3},{"damage":14,"enemies":"Book of Stabbing","floor":24,"turns":5},{"damage":6,"enemies":"Sentry and Sphere","floor":25,"turns":4},{"damage":10,"enemies":"Shelled Parasite and Fungi","floor":27,"turns":8},{"damage":18,"enemies":"Slavers","floor":28,"turns":8},{"damage":3,"enemies":"Snake Plant","floor":30,"turns":3},{"damage":12,"enemies":"Gremlin Leader","floor":31,"turns":6},{"damage":31,"enemies":"Champ","floor":33,"turns":9},{"damage":0,"enemies":"Orb Walker","floor":35,"turns":2},{"damage":6,"enemies":"3 Darklings","floor":36,"turns":5},{"damage":12,"enemies":"Sphere and 2 Shapes","floor":39,"turns":3},{"damage":31,"enemies":"Nemesis","floor":40,"turns":5},{"damage":0,"enemies":"4 Shapes","floor":42,"turns":4},{"damage":12,"enemies":"Reptomancer","floor":44,"turns":5},{"damage":11,"enemies":"Maw","floor":45,"turns":7},{"damage":1,"enemies":"Spire Growth","floor":46,"turns":5},{"damage":14,"enemies":"Transient","floor":48,"turns":5},{"damage":38,"enemies":"Donu and Deca","floor":50,"turns":6}],"seed_played":"-7096021537731053649","potions_obtained":[{"floor":4,"key":"SteroidPotion"},{"floor":7,"key":"SteroidPotion"},{"floor":8,"key":"FairyPotion"},{"floor":12,"key":"SteroidPotion"},{"floor":16,"key":"EssenceOfSteel"}],"is_trial":false,"path_per_floor":["M","M","M","M","M","R","M","E","T","E","?","E","M","$","R","B",null,"M","?","?","?","M","M","E","M","T","M","E","R","M","E","R","B",null,"M","M","?","$","M","E","R","M","T","E","M","M","R","M","R","B",null],"character_chosen":"IRONCLAD","items_purchased":["Bronze Scales","Lantern","OrangePellets","Molten Egg 2"],"campfire_rested":0,"item_purchase_floors":[14,38,38,38],"current_hp_per_floor":[83,86,89,92,75,75,74,66,66,62,28,25,37,37,37,44,121,115,115,115,119,123,124,116,120,120,116,104,104,110,104,104,83,135,135,135,135,135,129,104,104,113,113,107,105,110,110,102,102,70],"gold":217,"neow_bonus":"THREE_RARE_CARDS","is_prod":false,"is_daily":false,"chose_seed":false,"campfire_upgraded":7,"win_rate":1,"timestamp":1557313946,"path_taken":["M","M","M","M","M","R","M","E","T","E","?","E","M","$","R","BOSS","M","?","?","?","M","M","E","M","T","?","E","R","M","E","R","BOSS","M","?","?","$","?","E","R","M","T","E","M","?","R","M","R","BOSS"],"build_version":"2019-01-23","purchased_purges":2,"victory":true,"max_hp_per_floor":[83,86,89,92,95,95,98,102,102,102,105,109,117,117,117,121,121,124,124,124,124,124,124,124,128,128,128,128,128,131,131,131,135,135,135,135,135,135,135,135,135,138,138,138,141,141,141,141,141,141],"card_choices":[{"not_picked":["Double Tap","Brutality"],"picked":"Feed","floor":0},{"not_picked":["Warcry","Hemokinesis"],"picked":"Headbutt","floor":1},{"not_picked":["Reckless Charge","Clash"],"picked":"Feel No Pain","floor":2},{"not_picked":["Sever Soul","Warcry"],"picked":"Combust","floor":3},{"not_picked":["Entrench","Warcry"],"picked":"Clothesline","floor":4},{"not_picked":["Wild Strike","Rampage"],"picked":"Armaments","floor":5},{"not_picked":["Iron Wave","Dropkick"],"picked":"Exhume","floor":7},{"not_picked":["Body Slam","Heavy Blade"],"picked":"Pummel","floor":8},{"not_picked":["Fire Breathing","Clash"],"picked":"Demon Form","floor":10},{"not_picked":["Seeing Red","Sever Soul"],"picked":"Power Through","floor":11},{"not_picked":["Sever Soul","Body Slam"],"picked":"True Grit","floor":12},{"not_picked":["Wild Strike","Havoc"],"picked":"Metallicize","floor":13},{"not_picked":["Demon Form","Brutality"],"picked":"Juggernaut","floor":16},{"not_picked":["Blood for Blood","Sword Boomerang"],"picked":"Whirlwind+1","floor":18},{"not_picked":["Inflame+1","Rampage"],"picked":"Iron Wave+1","floor":21},{"not_picked":["Pummel","Rampage"],"picked":"Uppercut","floor":22},{"not_picked":["Seeing Red","Dual Wield","Havoc"],"picked":"SKIP","floor":23},{"not_picked":["Sword Boomerang","Fiend Fire"],"picked":"Shockwave","floor":24},{"not_picked":["Clothesline","Pommel Strike+1"],"picked":"Headbutt","floor":25},{"not_picked":["Burning Pact","Barricade"],"picked":"Intimidate+1","floor":27},{"not_picked":["Bloodletting","True Grit+1"],"picked":"Spot Weakness","floor":28},{"not_picked":["Perfected Strike","True Grit+1"],"picked":"Shrug It Off+1","floor":30},{"not_picked":["Wild Strike","Sword Boomerang+1"],"picked":"Cleave+1","floor":31},{"not_picked":["Offering","Exhume"],"picked":"Immolate","floor":33},{"not_picked":["Power Through","True Grit+1"],"picked":"Corruption+1","floor":35},{"not_picked":["Intimidate+1","Bloodletting"],"picked":"Shrug It Off","floor":36},{"not_picked":["Rupture+1","Entrench+1","Twin Strike+1"],"picked":"SKIP","floor":39},{"not_picked":["Searing Blow+1","Clash+1","Rampage+1"],"picked":"SKIP","floor":40},{"not_picked":["True Grit","Wild Strike+1","Flex"],"picked":"SKIP","floor":42},{"not_picked":["True Grit","Sword Boomerang+1","Flex"],"picked":"SKIP","floor":44},{"not_picked":["Sentinel+1","Feel No Pain"],"picked":"Metallicize+1","floor":45},{"not_picked":["Body Slam+1","Searing Blow+1"],"picked":"Pommel Strike+1","floor":46},{"not_picked":["Clash+1","Dark Embrace"],"picked":"Feel No Pain","floor":48}],"player_experience":756078,"relics_obtained":[{"floor":8,"key":"Vajra"},{"floor":9,"key":"Smiling Mask"},{"floor":10,"key":"The Courier"},{"floor":11,"key":"Pen Nib"},{"floor":12,"key":"Whetstone"},{"floor":21,"key":"Red Mask"},{"floor":24,"key":"Ancient Tea Set"},{"floor":26,"key":"Orichalcum"},{"floor":28,"key":"Anchor"},{"floor":31,"key":"Boot"},{"floor":40,"key":"Unceasing Top"},{"floor":43,"key":"Centennial Puzzle"},{"floor":44,"key":"Dodecahedron"}],"event_choices":[{"damage_healed":0,"gold_gain":30,"player_choice":"Searched \u00272\u0027 times","damage_taken":0,"max_hp_gain":0,"max_hp_loss":0,"event_name":"Dead Adventurer","floor":11,"gold_loss":0},{"damage_healed":0,"gold_gain":0,"cards_transformed":["Strike_R","Defend_R"],"player_choice":"Became Test Subject","damage_taken":0,"max_hp_gain":0,"max_hp_loss":0,"event_name":"Drug Dealer","floor":19,"gold_loss":0,"cards_obtained":["Inflame","Demon Form"]},{"damage_healed":0,"gold_gain":0,"player_choice":"Simplicity","damage_taken":0,"max_hp_gain":0,"max_hp_loss":0,"event_name":"Back to Basics","floor":20,"gold_loss":0,"cards_upgraded":["Strike_R","Strike_R","Strike_R","Defend_R","Defend_R","Defend_R"]},{"damage_healed":0,"gold_gain":0,"player_choice":"Fought Bandits","damage_taken":0,"max_hp_gain":0,"max_hp_loss":0,"event_name":"Masked Bandits","floor":21,"gold_loss":0},{"damage_healed":0,"gold_gain":0,"player_choice":"Ignored","damage_taken":0,"max_hp_gain":0,"max_hp_loss":0,"event_name":"NoteForYourself","floor":37,"gold_loss":0}],"is_beta":false,"boss_relics":[{"not_picked":["Orrery","Black Star"],"picked":"Sozu"},{"not_picked":["Eternal Feather","Runic Pyramid"],"picked":"Cursed Key"}],"items_purged_floors":[14,38],"is_endless":false,"potions_floor_spawned":[4,7,8,12,16,24,25,27,28,30,31,35,39,44,46],"ascension_level":0}