{"gold_per_floor":[110,110,126,126,145,145,145,145,145,172,184,184,219,231,231,231],"floor_reached":16,"playtime":1080,"items_purged":[],"score":160,"play_id":"9de26d08-f605-4214-9676-fab527c0555a","local_time":"20190428090812","is_ascension_mode":false,"campfire_choices":[{"data":"Searing Blow","floor":6.0,"key":"SMITH"},{"data":"Searing Blow+1","floor":8.0,"key":"SMITH"},{"floor":15,"key":"REST"}],"neow_cost":"NONE","seed_source_timestamp":0,"circlet_count":0,"master_deck":["Strike_R","Strike_R","Strike_R","Strike_R","Defend_R","Defend_R","Defend_R","Defend_R","Bash","Searing Blow+3","Sword Boomerang","Pummel","Clothesline","Entrench","Uppercut","Body Slam","Rage"],"special_seed":0,"relics":["Burning Blood","Self Forming Clay","Mummified Hand","Magic Flower"],"potions_floor_usage":[16,16,16],"damage_taken":[{"damage":11.0,"enemies":"2 Louse","floor":1.0,"turns":4.0},{"damage":12.0,"enemies":"Small Slimes","floor":3.0,"turns":4.0},{"damage":1.0,"enemies":"Cultist","floor":5.0,"turns":3.0},{"damage":27.0,"enemies":"3 Sentries","floor":10.0,"turns":8.0},{"damage":0.0,"enemies":"3 Louse","floor":11.0,"turns":3.0},{"damage":29,"enemies":"Lagavulin","floor":13,"turns":7},{"damage":15,"enemies":"Gremlin Gang","floor":14,"turns":6}],"seed_played":"-8756886831939388500","potions_obtained":[{"floor":5.0,"key":"Weak Potion"},{"floor":10.0,"key":"FearPotion"},{"floor":11.0,"key":"Fire Potion"}],"is_trial":false,"path_per_floor":["M","?","M","?","M","R","?","R","T","E","M","?","E","M","R","B"],"character_chosen":"IRONCLAD","items_purchased":[],"campfire_rested":1,"item_purchase_floors":[],"current_hp_per_floor":[75,80,74,74,79,79,79,79,79,58,64,64,41,35,60,0],"gold":231,"neow_bonus":"THREE_CARDS","is_prod":false,"is_daily":false,"chose_seed":false,"campfire_upgraded":2,"win_rate":0.0,"timestamp":1556456892,"path_taken":["M","?","M","?","M","R","?","R","T","E","?","?","E","M","R","BOSS"],"build_version":"2019-01-23","purchased_purges":0,"victory":false,"max_hp_per_floor":[80,85,85,85,85,85,85,85,85,85,85,85,85,85,85,85],"card_choices":[{"not_picked":["Dual Wield","Anger"],"picked":"Searing Blow","floor":0.0},{"not_picked":["True Grit","Hemokinesis"],"picked":"Sword Boomerang","floor":1.0},{"not_picked":["Reckless Charge","Headbutt"],"picked":"Pummel","floor":3.0},{"not_picked":["Pommel Strike","Power Through"],"picked":"Clothesline","floor":5.0},{"not_picked":["Flex","Clothesline"],"picked":"Entrench","floor":10.0},{"not_picked":["Dark Embrace","Body Slam"],"picked":"Uppercut","floor":11.0},{"not_picked":["Flex","Warcry"],"picked":"Body Slam","floor":13},{"not_picked":["Shockwave","Shrug It Off"],"picked":"Rage","floor":14}],"player_experience":11296,"relics_obtained":[{"floor":9.0,"key":"Self Forming Clay"},{"floor":10.0,"key":"Mummified Hand"},{"floor":13,"key":"Magic Flower"}],"event_choices":[{"damage_healed":0.0,"max_hp_gain":5.0,"max_hp_loss":0.0,"gold_gain":0.0,"event_name":"Big Fish","player_choice":"Donut","floor":2.0,"gold_loss":0.0,"damage_taken":0.0},{"damage_healed":0.0,"max_hp_gain":0.0,"max_hp_loss":0.0,"gold_gain":0.0,"event_name":"Liars Game","player_choice":"Ignored","floor":4.0,"gold_loss":0.0,"damage_taken":0.0},{"cards_removed":["Strike_R"],"damage_healed":0.0,"max_hp_gain":0.0,"max_hp_loss":0.0,"gold_gain":0.0,"event_name":"Purifier","player_choice":"Purged","floor":7.0,"gold_loss":0.0,"damage_taken":0.0},{"damage_healed":0.0,"max_hp_gain":0.0,"max_hp_loss":0.0,"gold_gain":0.0,"event_name":"Upgrade Shrine","player_choice":"Upgraded","floor":12.0,"gold_loss":0.0,"damage_taken":0.0,"cards_upgraded":["Searing Blow"]}],"is_beta":false,"boss_relics":[],"items_purged_floors":[],"is_endless":false,"potions_floor_spawned":[5,10,11],"killed_by":"The Guardian","ascension_level":0}