{"gold_per_floor":[116,19,32,32,50,50,80,90,117,117,127,140,156,156,156,254,254,272,289,61,73,73],"floor_reached":22,"playtime":1138,"items_purged":[],"score":190,"play_id":"2ac4b116-11f8-4a23-8f82-fca2a7dd425e","local_time":"20190427214250","is_ascension_mode":false,"campfire_choices":[{"data":"Static Discharge","floor":6,"key":"SMITH"},{"floor":10,"key":"REST"},{"floor":15,"key":"REST"}],"neow_cost":"NONE","seed_source_timestamp":1477730003917000,"circlet_count":0,"master_deck":["Strike_B","Strike_B","Strike_B","Defend_B","Defend_B","Defend_B","Defend_B","Zap","Ball Lightning","Static Discharge+1","Redo","Streamline+1","Multi-Cast","Ball Lightning+1","Aggregate","Conserve Battery","Consume","Redo","Darkness","Electrodynamics","Defragment","Sweeping Beam+1","Thunder Strike","Loop","Ball Lightning"],"relics":["Cracked Core","Ancient Tea Set","Vajra","Whetstone","Inserter"],"potions_floor_usage":[12,16,22,22,22],"damage_taken":[{"damage":5,"enemies":"Small Slimes","floor":1,"turns":4},{"damage":0,"enemies":"Cultist","floor":3,"turns":3},{"damage":0,"enemies":"2 Louse","floor":5,"turns":2},{"damage":30,"enemies":"Gremlin Nob","floor":7,"turns":3},{"damage":18,"enemies":"Lots of Slimes","floor":8,"turns":3},{"damage":15,"enemies":"Exordium Thugs","floor":11,"turns":3},{"damage":6,"enemies":"Large Slime","floor":12,"turns":3},{"damage":8,"enemies":"2 Fungi Beasts","floor":13,"turns":2},{"damage":26,"enemies":"Hexaghost","floor":16,"turns":8},{"damage":10,"enemies":"Chosen","floor":18,"turns":4},{"damage":33,"enemies":"2 Thieves","floor":19,"turns":3},{"damage":18,"enemies":"Snecko","floor":21,"turns":4},{"damage":19,"enemies":"Centurion and Healer","floor":22,"turns":4}],"seed_played":"-3688496318076402981","potions_obtained":[{"floor":1,"key":"Energy Potion"},{"floor":12,"key":"FearPotion"},{"floor":13,"key":"Energy Potion"},{"floor":16,"key":"FearPotion"},{"floor":18,"key":"SteroidPotion"}],"is_trial":false,"path_per_floor":["M","$","M","?","M","R","E","M","T","R","M","M","M","?","R","B",null,"M","M","$","M","M"],"character_chosen":"DEFECT","items_purchased":["Static Discharge","Redo","Thunder Strike","Loop"],"campfire_rested":2,"item_purchase_floors":[2,2,20,20],"current_hp_per_floor":[70,70,70,70,70,70,40,22,22,44,29,23,15,15,37,11,75,65,32,32,14,0],"gold":73,"neow_bonus":"RANDOM_COMMON_RELIC","is_prod":false,"is_daily":false,"chose_seed":false,"campfire_upgraded":1,"win_rate":0.0,"timestamp":1556415770,"path_taken":["M","$","M","?","M","R","E","M","T","R","M","M","?","?","R","BOSS","M","?","$","M","M"],"build_version":"2019-01-23","purchased_purges":0,"victory":false,"max_hp_per_floor":[75,75,75,75,75,75,75,75,75,75,75,75,75,75,75,75,75,75,75,75,75,75],"card_choices":[{"not_picked":["White Noise","Chill"],"picked":"Ball Lightning","floor":1},{"not_picked":["Coolheaded","Beam Cell"],"picked":"Streamline","floor":3},{"not_picked":["Streamline","Gash"],"picked":"Multi-Cast","floor":5},{"not_picked":["Beam Cell","Go for the Eyes"],"picked":"Ball Lightning","floor":7},{"not_picked":["Scrape","Barrage"],"picked":"Aggregate","floor":8},{"not_picked":["Compile Driver","FTL"],"picked":"Conserve Battery","floor":11},{"not_picked":["Storm","Sweeping Beam"],"picked":"Consume","floor":12},{"not_picked":["FTL","Gash"],"picked":"Redo","floor":13},{"not_picked":["Machine Learning","Biased Cognition"],"picked":"Electrodynamics","floor":16},{"not_picked":["Redo","Sweeping Beam+1"],"picked":"Defragment","floor":18},{"not_picked":["Steam+1","Cold Snap+1"],"picked":"Sweeping Beam+1","floor":19},{"not_picked":["Doom and Gloom+1","Go for the Eyes"],"picked":"Ball Lightning","floor":21}],"player_experience":10158,"relics_obtained":[{"floor":7,"key":"Vajra"},{"floor":9,"key":"Whetstone"}],"event_choices":[{"cards_removed":["Dualcast"],"damage_healed":0,"gold_gain":0,"player_choice":"Purged","damage_taken":0,"max_hp_gain":0,"max_hp_loss":0,"event_name":"Purifier","floor":4,"gold_loss":0},{"damage_healed":0,"gold_gain":0,"cards_transformed":["Strike_B"],"player_choice":"Transformed","damage_taken":0,"max_hp_gain":0,"max_hp_loss":0,"event_name":"Transmorgrifier","floor":14,"gold_loss":0,"cards_obtained":["Darkness"]}],"is_beta":false,"boss_relics":[{"not_picked":["Velvet Choker","Calling Bell"],"picked":"Inserter"}],"items_purged_floors":[],"is_endless":false,"potions_floor_spawned":[1,12,13,16,18,19],"killed_by":"Centurion and Healer","ascension_level":0}