{"gold_per_floor":[147,72,145,45,62,62,72,72,72,101,116,146,21,39,39,135,135,150,65,75,88,88],"floor_reached":22,"playtime":742,"items_purged":["Strike_B","Defend_B","Strike_B"],"score":274,"play_id":"6907fd61-569d-419c-a99c-4176334ac18b","local_time":"20180715211522","is_ascension_mode":true,"campfire_choices":[{"data":"Zap","floor":6,"key":"SMITH"},{"floor":15,"key":"REST"}],"neow_cost":"NONE","seed_source_timestamp":42472943041184,"circlet_count":0,"master_deck":["Strike_B","Strike_B","Defend_B","Defend_B","Defend_B+1","Zap+1","Dualcast","Coolheaded","Scrape","FTL","Streamline","All For One","Gash","Self Repair"],"relics":["Tiny House","Ornamental Fan","DataDisk","Shuriken","Blood Vial","White Beast Statue","Question Card"],"potions_floor_usage":[10,10,16,18,22],"damage_taken":[{"damage":0,"enemies":"Cultist","floor":1,"turns":4},{"damage":9,"enemies":"2 Louse","floor":5,"turns":3},{"damage":7,"enemies":"Jaw Worm","floor":7,"turns":3},{"damage":32,"enemies":"Lagavulin","floor":10,"turns":4},{"damage":10,"enemies":"Exordium Wildlife","floor":11,"turns":4},{"damage":18,"enemies":"Gremlin Nob","floor":12,"turns":4},{"damage":0,"enemies":"Looter","floor":14,"turns":3},{"damage":30,"enemies":"The Guardian","floor":16,"turns":8},{"damage":35,"enemies":"2 Thieves","floor":18,"turns":4},{"damage":0,"enemies":"Spheric Guardian","floor":20,"turns":3},{"damage":22,"enemies":"3 Cultists","floor":21,"turns":6},{"damage":15,"enemies":"Snecko","floor":22,"turns":2}],"seed_played":"8786755545199323165","potions_obtained":[{"floor":0,"key":"Strength Potion"},{"floor":5,"key":"SteroidPotion"},{"floor":8,"key":"Regen Potion"},{"floor":8,"key":"Energy Potion"},{"floor":14,"key":"PowerPotion"},{"floor":18,"key":"Dexterity Potion"},{"floor":20,"key":"Dexterity Potion"},{"floor":21,"key":"SpeedPotion"}],"is_trial":false,"path_per_floor":["M","$","T","$","M","R","M","?","T","E","M","E","$","M","R","B",null,"M","?","M","M"],"character_chosen":"DEFECT","items_purchased":[],"campfire_rested":1,"item_purchase_floors":[],"current_hp_per_floor":[73,73,73,73,64,64,57,57,57,37,27,9,9,11,35,7,62,29,29,31,11,0],"gold":88,"neow_bonus":"BOSS_RELIC","is_prod":false,"is_daily":false,"chose_seed":false,"campfire_upgraded":1,"win_rate":0,"timestamp":1531660522,"path_taken":["M","$","?","$","M","R","M","?","T","E","M","E","$","M","R","BOSS","M","?","?","M","M"],"build_version":"2018-07-12","purchased_purges":3,"victory":false,"max_hp_per_floor":[80,80,80,80,80,80,80,80,80,80,80,80,80,80,80,80,80,80,80,80,80,80],"card_choices":[{"not_picked":["Barrage","Cold Snap"],"picked":"Coolheaded","floor":0},{"not_picked":["Rebound","Redo"],"picked":"Scrape","floor":1},{"not_picked":["Scrape","Redo","Loop"],"picked":"SKIP","floor":5},{"not_picked":["Cold Snap","Force Field","Ball Lightning"],"picked":"SKIP","floor":7},{"not_picked":["Turbo","Loop","Lockon"],"picked":"SKIP","floor":10},{"not_picked":["Lockon","Compile Driver"],"picked":"FTL","floor":11},{"not_picked":["Barrage","Double Energy"],"picked":"Streamline","floor":12},{"not_picked":["Self Repair","Chill","Multi-Cast"],"picked":"SKIP","floor":14},{"not_picked":["Rainbow","Electrodynamics"],"picked":"All For One","floor":16},{"not_picked":["Cold Snap","Melter"],"picked":"Gash","floor":18},{"not_picked":["Go for the Eyes+1","Coolheaded+1","Compile Driver","Defragment"],"picked":"SKIP","floor":20},{"not_picked":["Barrage","Cold Snap+1","Chaos"],"picked":"Self Repair","floor":21}],"player_experience":294779,"relics_obtained":[{"floor":3,"key":"Ornamental Fan"},{"floor":9,"key":"DataDisk"},{"floor":10,"key":"Shuriken"},{"floor":12,"key":"Blood Vial"}],"event_choices":[{"event_name":"The Lab","player_choice":"Got Potions","floor":8,"damage_taken":0},{"event_name":"Addict","player_choice":"Obtained Relic","floor":19,"damage_taken":0}],"boss_relics":[{"not_picked":["Inserter","Ectoplasm"],"picked":"White Beast Statue"}],"items_purged_floors":[2,4,13],"is_endless":false,"potions_floor_spawned":[5,14,18,20,21],"killed_by":"Snecko","ascension_level":8}