{"gold_per_floor":[118,129,129,78,89,115,115,115,115,115,133,233,294,307,307,307],"floor_reached":16,"playtime":1016,"items_purged":[],"score":116,"play_id":"c0bc1080-c8f7-4223-81ed-063f9e51fe00","local_time":"20190503140527","is_ascension_mode":true,"campfire_choices":[{"floor":7,"key":"REST"},{"floor":10,"key":"RECALL"},{"floor":15,"key":"REST"}],"neow_cost":"NONE","seed_source_timestamp":670842563136800,"circlet_count":0,"master_deck":["Defend_G","Defend_G","Strike_G","Strike_G","Strike_G","Strike_G","Strike_G","Survivor","Neutralize","Leg Sweep","Leg Sweep","Tactician","Deadly Poison","Deadly Poison","Choke","Well Laid Plans","Crippling Poison"],"relics":["Ring of the Snake","Bottled Flame","Tiny Chest"],"potions_floor_usage":[13,14,16,16,16],"damage_taken":[{"damage":0,"enemies":"Small Slimes","floor":1,"turns":4},{"damage":0,"enemies":"Cultist","floor":2,"turns":5},{"damage":0,"enemies":"2 Louse","floor":5,"turns":4},{"damage":24,"enemies":"Lagavulin","floor":6,"turns":6},{"damage":28,"enemies":"Large Slime","floor":11,"turns":7},{"damage":20,"enemies":"Gremlin Nob","floor":13,"turns":5},{"damage":11,"enemies":"Lots of Slimes","floor":14,"turns":4},{"damage":47,"enemies":"Slime Boss","floor":16,"turns":8}],"seed_played":"-5712829115539556936","potions_obtained":[{"floor":1,"key":"SkillPotion"},{"floor":2,"key":"Regen Potion"},{"floor":5,"key":"PowerPotion"},{"floor":13,"key":"GhostInAJar"},{"floor":14,"key":"Ancient Potion"}],"is_trial":false,"path_per_floor":["M","M","?","$","M","E","R","?","T","R","M","?","E","M","R","B"],"character_chosen":"THE_SILENT","items_purchased":["Deadly Poison"],"campfire_rested":2,"item_purchase_floors":[4],"current_hp_per_floor":[70,70,70,70,70,46,67,67,67,67,39,39,33,22,43,0],"gold":307,"neow_bonus":"REMOVE_CARD","is_prod":false,"is_daily":false,"chose_seed":false,"campfire_upgraded":0,"win_rate":0,"timestamp":1556906727,"path_taken":["M","M","?","?","M","E","R","?","T","R","M","?","E","M","R","BOSS"],"build_version":"2019-01-23","purchased_purges":0,"victory":false,"max_hp_per_floor":[70,70,70,70,70,70,70,70,70,70,70,70,70,70,70,70],"card_choices":[{"not_picked":["Deflect","Calculated Gamble"],"picked":"Leg Sweep","floor":1},{"not_picked":["Cloak And Dagger","PiercingWail"],"picked":"Leg Sweep","floor":2},{"not_picked":["Finisher","Blur"],"picked":"Deadly Poison","floor":5},{"not_picked":["Riddle With Holes","Setup","Backflip"],"picked":"SKIP","floor":6},{"not_picked":["Flying Knee","Blade Dance","Riddle With Holes"],"picked":"SKIP","floor":11},{"not_picked":["Tactician","Prepared"],"picked":"Well Laid Plans","floor":13},{"not_picked":["Riddle With Holes","Outmaneuver"],"picked":"Crippling Poison","floor":14}],"player_experience":78608,"relics_obtained":[{"floor":6,"key":"Bottled Flame"},{"floor":13,"key":"Tiny Chest"}],"event_choices":[{"damage_healed":0,"gold_gain":0,"cards_transformed":["Defend_G"],"player_choice":"Transformed","damage_taken":0,"max_hp_gain":0,"max_hp_loss":0,"event_name":"Transmorgrifier","floor":3,"gold_loss":0,"cards_obtained":["Tactician"]},{"damage_healed":0,"gold_gain":0,"cards_transformed":["Defend_G"],"player_choice":"Change","damage_taken":0,"max_hp_gain":0,"max_hp_loss":0,"event_name":"Living Wall","floor":8,"gold_loss":0,"cards_obtained":["Choke"]},{"damage_healed":0,"gold_gain":100,"player_choice":"Pray","damage_taken":0,"max_hp_gain":0,"max_hp_loss":0,"event_name":"Golden Shrine","floor":12,"gold_loss":0}],"is_beta":false,"boss_relics":[],"items_purged_floors":[],"is_endless":false,"potions_floor_spawned":[1,2,5,13,14],"killed_by":"Slime Boss","ascension_level":1}