{"gold_per_floor":[131,143,175,206,228,240,268,315,380,419,450,462,474,512,524,634,646,669,701,713,743,755],"floor_reached":22,"playtime":1532,"items_purged":[],"score":284,"play_id":"bde3715a-cf79-4ae8-82e1-371c29b35288","local_time":"20190205004215","is_ascension_mode":true,"campfire_choices":[{"data":"Rupture","floor":6,"key":"SMITH"},{"floor":13,"key":"REST"},{"floor":15,"key":"REST"}],"neow_cost":"NONE","seed_source_timestamp":995067121238000,"circlet_count":0,"master_deck":["Strike_R","Strike_R","Strike_R","Strike_R","Defend_R","Defend_R","Defend_R","Defend_R","Bash","Heavy Blade","Headbutt","Pummel","Rupture+1","Clothesline","Impervious+1","Sentinel+1","Inflame","Iron Wave","Brutality","Bloodletting+1","Armaments+1","Cleave+1"],"relics":["Burning Blood","MawBank","Toxic Egg 2","Pen Nib","The Courier","Vajra","Runic Cube","GremlinMask"],"potions_floor_usage":[8,16],"damage_taken":[{"damage":6,"enemies":"Cultist","floor":1,"turns":3},{"damage":12,"enemies":"Jaw Worm","floor":3,"turns":5},{"damage":6,"enemies":"Small Slimes","floor":4,"turns":3},{"damage":11,"enemies":"Blue Slaver","floor":5,"turns":4},{"damage":7,"enemies":"3 Louse","floor":7,"turns":3},{"damage":33,"enemies":"3 Sentries","floor":8,"turns":10},{"damage":14,"enemies":"Gremlin Nob","floor":10,"turns":4},{"damage":6,"enemies":"Exordium Wildlife","floor":11,"turns":3},{"damage":17,"enemies":"Lagavulin","floor":14,"turns":6},{"damage":0,"enemies":"Slime Boss","floor":16,"turns":8},{"damage":42,"enemies":"3 Byrds","floor":18,"turns":6},{"damage":4,"enemies":"Spheric Guardian","floor":19,"turns":3},{"damage":27,"enemies":"Centurion and Healer","floor":21,"turns":6},{"damage":34,"enemies":"Snecko","floor":22,"turns":5}],"seed_played":"-2197059337527494160","potions_obtained":[{"floor":1,"key":"Fire Potion"},{"floor":4,"key":"Ancient Potion"},{"floor":11,"key":"GamblersBrew"},{"floor":14,"key":"Poison Potion"},{"floor":16,"key":"Strength Potion"},{"floor":21,"key":"FearPotion"}],"is_trial":false,"path_per_floor":["M","$","M","M","M","R","M","E","T","E","M","?","R","E","R","B",null,"M","M","?","M","M"],"character_chosen":"IRONCLAD","items_purchased":[],"campfire_rested":2,"item_purchase_floors":[],"current_hp_per_floor":[80,80,74,74,69,69,68,41,41,33,33,33,57,46,70,76,80,44,46,46,25,0],"gold":755,"neow_bonus":"RANDOM_COMMON_RELIC","is_prod":false,"is_daily":false,"chose_seed":false,"campfire_upgraded":1,"win_rate":0,"timestamp":1549345335,"path_taken":["M","?","M","M","M","R","M","E","T","E","M","?","R","E","R","BOSS","M","?","?","M","M"],"build_version":"2019-01-23","purchased_purges":0,"victory":false,"max_hp_per_floor":[80,80,80,80,80,80,80,80,80,80,80,80,80,80,80,80,80,80,80,80,80,80],"card_choices":[{"not_picked":["Infernal Blade","Shockwave"],"picked":"Heavy Blade","floor":1},{"not_picked":["Body Slam","Clash"],"picked":"Headbutt","floor":3},{"not_picked":["True Grit","Pommel Strike"],"picked":"Pummel","floor":4},{"not_picked":["Evolve","Iron Wave"],"picked":"Rupture","floor":5},{"not_picked":["Shockwave","Sword Boomerang"],"picked":"Clothesline","floor":7},{"not_picked":["Headbutt","Perfected Strike"],"picked":"Impervious","floor":8},{"not_picked":["Anger","Thunderclap"],"picked":"Sentinel+1","floor":10},{"not_picked":["Anger","Shrug It Off+1"],"picked":"Inflame","floor":11},{"not_picked":["True Grit+1","Sever Soul"],"picked":"Iron Wave","floor":14},{"not_picked":["Barricade","Double Tap+1"],"picked":"Brutality","floor":16},{"not_picked":["Combust","Disarm+1"],"picked":"Bloodletting+1","floor":18},{"not_picked":["Havoc+1","Entrench+1"],"picked":"Armaments+1","floor":19},{"not_picked":["Headbutt+1","Carnage"],"picked":"Cleave+1","floor":21}],"player_experience":192976,"relics_obtained":[{"floor":8,"key":"Toxic Egg 2"},{"floor":9,"key":"Pen Nib"},{"floor":10,"key":"The Courier"},{"floor":14,"key":"Vajra"}],"event_choices":[{"cards_removed":["Strike_R"],"damage_healed":0,"gold_gain":0,"player_choice":"Card Removal","damage_taken":0,"max_hp_gain":0,"max_hp_loss":0,"event_name":"Wheel of Change","floor":12,"gold_loss":0},{"damage_healed":0,"gold_gain":0,"player_choice":"Trade","damage_taken":0,"relics_obtained":["GremlinMask"],"max_hp_gain":0,"max_hp_loss":0,"event_name":"FaceTrader","floor":20,"gold_loss":0}],"is_beta":false,"boss_relics":[{"not_picked":["Empty Cage","Orrery"],"picked":"Runic Cube"}],"items_purged_floors":[],"is_endless":false,"potions_floor_spawned":[1,4,11,14,16,18,21],"killed_by":"Snecko","ascension_level":2}