{"path_per_floor":["M","M","M","M","$","R","?","E","T","$","M","M","R","?","R","B",null,"M","?","?","M","M","E","R","?","T","R","M","?","$","M","R"],"character_chosen":"THE_SILENT","items_purchased":["Prepared","Fire Potion","Thinking Ahead"],"gold_per_floor":[116,132,147,166,91,91,91,121,121,16,34,44,44,99,99,198,198,217,132,132,149,168,197,197,197,197,197,215,215,6,26,26],"floor_reached":33,"campfire_rested":2,"playtime":2949,"current_hp_per_floor":[69,69,69,65,65,65,70,47,47,47,45,44,44,17,39,29,75,72,72,72,71,22,5,27,27,27,27,26,26,26,28,28],"items_purged":["Defend_G"],"gold":26,"play_id":"94622671-2da3-47fb-818b-ce302e911852","is_prod":false,"is_daily":false,"campfire_rituals":0,"campfire_upgraded":4,"is_hardmode":false,"path_taken":["M","M","M","M","$","R","?","E","T","$","M","M","R","?","R","BOSS","M","?","?","?","M","E","R","?","T","R","?","?","$","M","R","BOSS"],"build_version":"2018-01-18-PROD4","purchased_purges":1,"victory":false,"master_deck":["Defend_G","Defend_G","Defend_G","Defend_G","Survivor","Neutralize","Blade Dance","Choke","Backflip","Escape Plan","Finisher","Prepared","Prepared","Finisher","Doppelganger","Dagger Throw","Escape Plan","Acrobatics","Unload","Bite_G","Bite_G","Bite_G","Bite_G","Bite_G","Thinking Ahead"],"max_hp_per_floor":[70,70,70,70,70,70,75,75,75,75,75,75,75,75,75,75,75,75,75,75,75,75,75,75,75,75,75,75,52,52,52,52],"relics":["Ring of the Snake","Matryoshka","Bronze Scales","Torii","Snake Skull","Lizard Tail","Nloth\u0027s Gift","Toolbox","Vajra","Anchor"],"campfire_meditates":0,"card_choices":[{"not_picked":["Infinite Blades","Deadly Poison"],"picked":"Blade Dance"},{"not_picked":["Bane","Skewer"],"picked":"Choke"},{"not_picked":["Dodge and Roll","Predator"],"picked":"Backflip"},{"not_picked":["Bane","Choke"],"picked":"Escape Plan"},{"not_picked":["Burst","Dagger Spray"],"picked":"Finisher"},{"not_picked":["Dagger Throw","Distraction"],"picked":"Prepared"},{"not_picked":["Deadly Poison","Wraith Form"],"picked":"Finisher"},{"not_picked":["Unload","Bullet Time"],"picked":"Doppelganger"},{"not_picked":["Deflect","Footwork"],"picked":"Dagger Throw"},{"not_picked":["Terror","Backflip"],"picked":"Escape Plan"},{"not_picked":["Dodge and Roll","Predator"],"picked":"Acrobatics"},{"not_picked":["Bullet Time","Backstab"],"picked":"Unload"}],"player_experience":76765,"potions_floor_usage":[8,12,14,16,23,33],"damage_taken":[{"damage":1,"enemies":"Cultist","floor":1,"turns":4},{"damage":0,"enemies":"Jaw Worm","floor":2,"turns":2},{"damage":0,"enemies":"2 Louse","floor":3,"turns":3},{"damage":4,"enemies":"Looter","floor":4,"turns":4},{"damage":23,"enemies":"Lagavulin","floor":8,"turns":9},{"damage":2,"enemies":"Lots of Slimes","floor":11,"turns":4},{"damage":1,"enemies":"Exordium Thugs","floor":12,"turns":2},{"damage":27,"enemies":"Lagavulin Event","floor":14,"turns":4},{"damage":10,"enemies":"The Guardian","floor":16,"turns":11},{"damage":3,"enemies":"Shell Parasite","floor":18,"turns":3},{"damage":1,"enemies":"Spheric Guardian","floor":21,"turns":3},{"damage":49,"enemies":"Snecko","floor":22,"turns":6},{"damage":62,"enemies":"Gremlin Leader","floor":23,"turns":5},{"damage":1,"enemies":"Slaver and Parasite","floor":28,"turns":4},{"damage":8,"enemies":"3 Cultists","floor":31,"turns":4},{"damage":45,"enemies":"Champ","floor":33,"turns":10}],"event_choices":[{"event_name":"Big Fish","player_choice":"Donut","floor":7,"damage_taken":0},{"event_name":"Dead Adventurer","player_choice":"Searched \u00271\u0027 times","floor":14,"damage_taken":0},{"event_name":"Addict","player_choice":"Obtained Relic","floor":19,"damage_taken":0},{"event_name":"N\u0027loth","player_choice":"Traded a Orichalcum","floor":20,"damage_taken":0},{"event_name":"Back to Basics","player_choice":"Elegance","floor":25,"damage_taken":0},{"event_name":"Vampires","player_choice":"Became a vampire","floor":29,"damage_taken":0}],"boss_relics":[{"not_picked":["Cursed Key","Calling Bell"],"picked":"Lizard Tail"}],"potions_floor_spawned":[3,4,12,14,21,31],"seed_played":"5869341521161446485","killed_by":"Champ","is_trial":false}