{"path_per_floor":["M","M","M","M","?","R","E","?","T","?","M","R","$","E","R"],"character_chosen":"THE_SILENT","items_purchased":["Dagger Throw","Blood Vial"],"gold_per_floor":[110,130,147,163,163,163,192,192,219,219,236,236,37,62,62,62],"floor_reached":16,"campfire_rested":2,"playtime":1323,"current_hp_per_floor":[70,70,63,56,56,56,14,14,14,14,10,31,31,6,27,0],"items_purged":[],"gold":62,"score":127,"play_id":"9de71bc8-b1fc-447d-b92d-9201d79f6fa0","local_time":"20180514115238","is_prod":false,"is_daily":false,"chose_seed":false,"is_ascension_mode":true,"campfire_upgraded":1,"timestamp":1526269958,"path_taken":["M","M","M","M","?","R","E","?","T","?","M","R","?","E","R","BOSS"],"build_version":"2018-05-10","seed_source_timestamp":191922811550,"purchased_purges":0,"victory":false,"master_deck":["Defend_G","Defend_G","Defend_G","Defend_G","Defend_G","Strike_G","Strike_G","Strike_G","Strike_G","Survivor+1","Neutralize","Predator","Underhanded Strike","Poisoned Stab","Endless Agony","Prepared","Panacea","Well Laid Plans","Blade Dance","Blur","Dagger Throw","Distraction"],"max_hp_per_floor":[70,70,70,70,70,70,70,70,70,70,70,70,70,70,70,70],"relics":["Ring of the Snake","Prayer Wheel","Happy Flower","Blood Vial","Singing Bowl"],"card_choices":[{"not_picked":["Bane","Expertise"],"picked":"Underhanded Strike","floor":1},{"not_picked":["Infinite Blades","Deflect"],"picked":"Concentrate","floor":2},{"not_picked":["Outmaneuver","Deadly Poison"],"picked":"Poisoned Stab","floor":3},{"not_picked":["Crippling Poison","Dodge and Roll"],"picked":"Endless Agony","floor":4},{"not_picked":["Infinite Blades","Distraction"],"picked":"Prepared","floor":7},{"not_picked":["Accuracy","Deadly Poison"],"picked":"Well Laid Plans","floor":9},{"not_picked":["Choke","Dodge and Roll"],"picked":"Blur","floor":11},{"not_picked":["Glass Knife","Well Laid Plans"],"picked":"Distraction","floor":14}],"player_experience":169624,"potions_floor_usage":[7,16],"damage_taken":[{"damage":0,"enemies":"2 Louse","floor":1,"turns":2},{"damage":0,"enemies":"Cultist","floor":2,"turns":3},{"damage":7,"enemies":"Jaw Worm","floor":3,"turns":4},{"damage":7,"enemies":"3 Louse","floor":4,"turns":3},{"damage":42,"enemies":"Lagavulin","floor":7,"turns":7},{"damage":4,"enemies":"Exordium Thugs","floor":11,"turns":4},{"damage":27,"enemies":"3 Sentries","floor":14,"turns":10},{"damage":31,"enemies":"Hexaghost","floor":16,"turns":12}],"event_choices":[{"event_name":"Upgrade Shrine","player_choice":"Upgraded","floor":5,"damage_taken":0},{"event_name":"Match and Keep!","player_choice":"1 cards matched","floor":8,"damage_taken":0},{"event_name":"Living Wall","player_choice":"Change","floor":10,"damage_taken":0}],"boss_relics":[],"potions_floor_spawned":[4,7],"seed_played":"-5759550634625168069","killed_by":"Hexaghost","ascension_level":3,"is_trial":false}