{"path_per_floor":["M","?","M","?","M","R","M","R","T","M","?","$","E","T","R","B",null,"M","?","M","M","M","E","M","R","T","$","?","M","E","M","R","B",null,"M","?","M","?","M","E","?","M","T","M","$","M","R","M","R","B"],"character_chosen":"IRONCLAD","items_purchased":["Bag of Preparation","Apotheosis","Bottled Flame","Toxic Egg"],"gold_per_floor":[119,119,137,137,149,149,160,160,160,171,171,20,59,59,59,184,184,197,197,212,227,252,290,311,311,365,106,106,119,163,182,182,307,307,330,663,674,674,685,720,720,735,735,750,245,264,264,277,277,277],"floor_reached":51,"campfire_rested":1,"playtime":5823,"current_hp_per_floor":[80,80,80,80,83,83,83,83,83,82,60,60,53,53,53,13,95,95,95,91,95,99,95,101,101,101,101,101,105,111,111,111,78,111,80,80,67,67,53,17,17,25,25,29,29,33,33,43,78,77],"items_purged":["Strike_R","Strike_R"],"gold":277,"play_id":"e97a3acc-d308-4e1d-90fd-8dc3390dbb10","is_prod":false,"is_daily":false,"campfire_rituals":0,"campfire_upgraded":6,"is_hardmode":false,"path_taken":["M","?","M","?","M","R","M","R","T","M","?","?","E","?","R","BOSS","M","?","M","M","M","E","M","R","T","$","?","M","E","M","R","BOSS","M","?","?","?","?","E","?","M","T","?","$","M","R","M","R","BOSS"],"build_version":"2018-01-11-PROD2","purchased_purges":2,"victory":true,"master_deck":["Strike_R","Strike_R","Defend_R","Defend_R","Defend_R","Defend_R","Bash","Feed","True Grit","Feel No Pain","Headbutt","Body Slam","Fiend Fire","Infernal Blade","Battle Trance","Shrug It Off","Battle Trance","Apotheosis","Headbutt","Warcry","Battle Trance","Dark Embrace","Flex","Hemokinesis","Burning Pact","Pommel Strike","Power Through","Dual Wield","Feel No Pain","Body Slam","Pommel Strike"],"max_hp_per_floor":[80,80,80,80,83,83,87,87,87,91,91,91,95,95,95,95,95,95,95,95,95,99,103,103,103,103,103,103,107,111,111,111,111,111,111,111,111,111,111,111,111,115,115,115,115,115,115,119,119,119],"relics":["Burning Blood","Charon\u0027s Ashes","Bag of Preparation","Matryoshka","Happy Flower","Omamori","Velvet Choker","Ginger","Oddly Smooth Stone","Orichalcum","Ancient Tea Set","White Beast Statue","Blue Candle","Sundial","Bottled Flame","Toxic Egg"],"campfire_meditates":0,"card_choices":[{"not_picked":["Power Through","Heavy Blade"],"picked":"Combust"},{"not_picked":["Pommel Strike","Wild Strike"],"picked":"Feed"},{"not_picked":["Headbutt","Corruption"],"picked":"True Grit"},{"not_picked":["Metallicize","Wild Strike"],"picked":"Feel No Pain"},{"not_picked":["Shrug It Off","Heavy Blade"],"picked":"Headbutt"},{"not_picked":["Flex","Perfected Strike"],"picked":"Body Slam"},{"not_picked":["Bludgeon","Double Tap"],"picked":"Fiend Fire"},{"not_picked":["Heavy Blade","Thunderclap"],"picked":"Infernal Blade"},{"not_picked":["Flex","Cleave"],"picked":"Battle Trance"},{"not_picked":["Warcry","Cleave"],"picked":"Shrug It Off"},{"not_picked":["Clash","Armaments"],"picked":"Battle Trance"},{"not_picked":["Reaper","Corruption"],"picked":"Headbutt"},{"not_picked":["Anger","Fiend Fire"],"picked":"Warcry"},{"not_picked":["Flex","True Grit"],"picked":"Battle Trance"},{"not_picked":["Offering","Fiend Fire"],"picked":"Dark Embrace"},{"not_picked":["Fire Breathing","Battle Trance"],"picked":"Flex"},{"not_picked":["Power Through","Battle Trance"],"picked":"Hemokinesis"},{"not_picked":["Blood for Blood","Armaments"],"picked":"Burning Pact"},{"not_picked":["Perfected Strike","Uppercut"],"picked":"Pommel Strike"},{"not_picked":["Perfected Strike","Twin Strike"],"picked":"Dual Wield"},{"not_picked":["Iron Wave","Pommel Strike"],"picked":"Feel No Pain"},{"not_picked":["Iron Wave","Clothesline"],"picked":"Body Slam"},{"not_picked":["Dual Wield","Inflame"],"picked":"Pommel Strike"}],"player_experience":44073,"potions_floor_usage":[50,50],"damage_taken":[{"damage":3.0,"enemies":"Small Slimes","floor":1.0,"turns":3.0},{"damage":5.0,"enemies":"Blue Slaver","floor":3.0,"turns":3.0},{"damage":1.0,"enemies":"Cultist","floor":5.0,"turns":3.0},{"damage":10.0,"enemies":"Looter","floor":7.0,"turns":4.0},{"damage":11.0,"enemies":"Red Slaver","floor":10.0,"turns":4.0},{"damage":17.0,"enemies":"3 Sentries","floor":13.0,"turns":7.0},{"damage":46.0,"enemies":"Slime Boss","floor":16.0,"turns":13.0},{"damage":5.0,"enemies":"Spheric Guardian","floor":18.0,"turns":3.0},{"damage":10.0,"enemies":"Shell Parasite","floor":20.0,"turns":2.0},{"damage":0.0,"enemies":"Chosen and Byrds","floor":21.0,"turns":2.0},{"damage":0.0,"enemies":"Snecko","floor":22.0,"turns":4.0},{"damage":14.0,"enemies":"Slavers","floor":23.0,"turns":7.0},{"damage":0.0,"enemies":"Snake Plant","floor":24.0,"turns":1.0},{"damage":6.0,"enemies":"3 Cultists","floor":29.0,"turns":4.0},{"damage":0.0,"enemies":"Book of Stabbing","floor":30.0,"turns":4.0},{"damage":0.0,"enemies":"Sentry and Sphere","floor":31.0,"turns":2.0},{"damage":39.0,"enemies":"Collector","floor":33.0,"turns":6.0},{"damage":37.0,"enemies":"3 Shapes","floor":35.0,"turns":4.0},{"damage":19.0,"enemies":"3 Darklings","floor":37.0,"turns":10.0},{"damage":20.0,"enemies":"Sphere and 2 Shapes","floor":39.0,"turns":2.0},{"damage":54.0,"enemies":"2 Orb Walkers","floor":40.0,"turns":5.0},{"damage":2,"enemies":"4 Shapes","floor":42,"turns":2},{"damage":2,"enemies":"3 Darklings","floor":44,"turns":3},{"damage":2,"enemies":"Sphere and 2 Shapes","floor":46,"turns":2},{"damage":0,"enemies":"4 Shapes","floor":48,"turns":4},{"damage":7,"enemies":"Awakened One","floor":50,"turns":13}],"event_choices":[{"event_name":"The Lab","player_choice":"Got Potions","floor":2.0,"damage_taken":0.0},{"event_name":"Bonfire Elementals","player_choice":"UNCOMMON","floor":4.0,"damage_taken":0.0},{"event_name":"Golden Idol","player_choice":"Take Damage","floor":11.0,"damage_taken":0.0},{"event_name":"Back to Basics","player_choice":"Elegance","floor":19.0,"damage_taken":0.0},{"event_name":"Upgrade Shrine","player_choice":"Upgraded","floor":28.0,"damage_taken":0.0},{"event_name":"The Moai Head","player_choice":"Gave Idol","floor":36.0,"damage_taken":0.0},{"event_name":"Tomb of Lord Red Mask","player_choice":"Ignored","floor":38.0,"damage_taken":0.0},{"event_name":"Match and Keep!","player_choice":"1 cards matched","floor":41.0,"damage_taken":0.0}],"boss_relics":[],"potions_floor_spawned":[1,3,10,21,23,33,35,37,39,40,42,44,46,48],"seed_played":"-5060423951198725206","is_trial":false}