{"gold_per_floor":[110,90,101,118,137,137,154,171,171,171,189,206,237,247,247,347,347,362,362,148,162,182,182,192,192,192,138,138,166,166,178,178,178],"floor_reached":33,"playtime":1652,"items_purged":[],"score":323,"play_id":"ddb9c131-bd32-49f3-b17a-10f6daa1c8bc","local_time":"20190429200719","is_ascension_mode":false,"campfire_choices":[{"data":"Biased Cognition","floor":6,"key":"SMITH"},{"floor":15,"key":"REST"},{"floor":23,"key":"REST"},{"data":"Buffer","floor":25,"key":"SMITH"},{"floor":30,"key":"REST"},{"floor":32,"key":"REST"}],"neow_cost":"NONE","seed_source_timestamp":1644286974677500,"circlet_count":0,"master_deck":["Strike_B","Strike_B","Strike_B","Strike_B","Defend_B","Defend_B","Defend_B","Defend_B","Zap","Dualcast","Storm+1","Melter","Biased Cognition+1","Ball Lightning","Redo","Gash","Lockon","Chaos","Go for the Eyes","Rebound","Buffer+1","Conserve Battery+1","Creative AI","Sweeping Beam+1","Undo","Loop","Stack","Reprogram+1","Sunder"],"relics":["Cracked Core","NeowsBlessing","Meat on the Bone","Shuriken","Philosopher\u0027s Stone","Nilry\u0027s Codex","Happy Flower","PreservedInsect","Juzu Bracelet"],"potions_floor_usage":[4,5,5,12,12,13,22,29],"damage_taken":[{"damage":0,"enemies":"2 Louse","floor":1,"turns":1},{"damage":0,"enemies":"Cultist","floor":3,"turns":1},{"damage":0,"enemies":"Small Slimes","floor":4,"turns":1},{"damage":16,"enemies":"Exordium Thugs","floor":5,"turns":3},{"damage":8,"enemies":"Exordium Wildlife","floor":7,"turns":3},{"damage":0,"enemies":"3 Louse","floor":8,"turns":2},{"damage":0,"enemies":"Exordium Thugs","floor":11,"turns":2},{"damage":29,"enemies":"Gremlin Gang","floor":12,"turns":4},{"damage":35,"enemies":"3 Sentries","floor":13,"turns":5},{"damage":0,"enemies":"Exordium Wildlife","floor":14,"turns":3},{"damage":0,"enemies":"Slime Boss","floor":16,"turns":6},{"damage":8,"enemies":"Chosen","floor":18,"turns":3},{"damage":5,"enemies":"Shell Parasite","floor":21,"turns":4},{"damage":14,"enemies":"3 Cultists","floor":22,"turns":4},{"damage":12,"enemies":"Snake Plant","floor":24,"turns":4},{"damage":46,"enemies":"Slavers","floor":29,"turns":4},{"damage":28,"enemies":"Cultist and Chosen","floor":31,"turns":6},{"damage":59,"enemies":"Collector","floor":33,"turns":5}],"seed_played":"7796987022305265353","potions_obtained":[{"floor":1,"key":"Energy Potion"},{"floor":2,"key":"Explosive Potion"},{"floor":3,"key":"Fruit Juice"},{"floor":5,"key":"Fire Potion"},{"floor":8,"key":"Weak Potion"},{"floor":12,"key":"FearPotion"},{"floor":21,"key":"AttackPotion"},{"floor":22,"key":"Swift Potion"}],"is_trial":false,"path_per_floor":["M","?","M","M","M","R","M","M","T","?","M","M","E","M","R","B",null,"M","?","$","M","M","R","M","R","T","$","?","E","R","M","R","B"],"character_chosen":"DEFECT","items_purchased":["Happy Flower","Creative AI","Stack"],"campfire_rested":4,"item_purchase_floors":[20,20,27],"current_hp_per_floor":[75,75,75,80,64,64,56,56,56,56,56,39,16,28,52,52,80,72,56,56,51,49,73,61,61,61,61,61,27,51,35,59,0],"gold":178,"neow_bonus":"THREE_ENEMY_KILL","is_prod":false,"is_daily":false,"chose_seed":false,"campfire_upgraded":2,"win_rate":0.0,"timestamp":1556582839,"path_taken":["M","?","M","?","M","R","M","M","T","?","M","M","E","M","R","BOSS","M","?","$","M","M","R","M","R","T","$","?","E","R","M","R","BOSS"],"build_version":"2019-01-23","purchased_purges":0,"victory":false,"max_hp_per_floor":[75,75,75,80,80,80,80,80,80,80,80,80,80,80,80,80,80,80,80,80,80,80,80,80,80,80,80,80,80,80,80,80,80],"card_choices":[{"not_picked":["Go for the Eyes","Stack"],"picked":"Storm","floor":1},{"not_picked":["Chill","Chaos"],"picked":"Melter","floor":3},{"not_picked":["Hologram","Cold Snap"],"picked":"Biased Cognition","floor":4},{"not_picked":["Turbo","Steam"],"picked":"Ball Lightning","floor":5},{"not_picked":["Undo","Go for the Eyes"],"picked":"Redo","floor":7},{"not_picked":["Rebound","Steam"],"picked":"Gash","floor":8},{"not_picked":["Turbo","BootSequence"],"picked":"Lockon","floor":11},{"not_picked":["Chill","Cold Snap"],"picked":"Chaos","floor":12},{"not_picked":["Compile Driver","Seek"],"picked":"Go for the Eyes","floor":13},{"not_picked":["Redo","Chaos"],"picked":"Rebound","floor":14},{"not_picked":["Biased Cognition","All For One"],"picked":"Buffer","floor":16},{"not_picked":["Turbo","Sweeping Beam"],"picked":"Conserve Battery+1","floor":18},{"not_picked":["BootSequence+1","Stack+1"],"picked":"Sweeping Beam+1","floor":21},{"not_picked":["Darkness","Coolheaded"],"picked":"Undo","floor":22},{"not_picked":["Redo+1","Doom and Gloom"],"picked":"Loop","floor":24},{"not_picked":["Cold Snap","Blizzard+1"],"picked":"Reprogram+1","floor":29},{"not_picked":["Scrape","Gash"],"picked":"Sunder","floor":31}],"player_experience":33769,"relics_obtained":[{"floor":9,"key":"Meat on the Bone"},{"floor":13,"key":"Shuriken"},{"floor":19,"key":"Nilry\u0027s Codex"},{"floor":26,"key":"PreservedInsect"},{"floor":29,"key":"Juzu Bracelet"}],"event_choices":[{"damage_healed":0,"gold_gain":0,"player_choice":"Bought 1 Potion","damage_taken":0,"max_hp_gain":0,"max_hp_loss":0,"event_name":"The Woman in Blue","floor":2,"gold_loss":0},{"damage_healed":0,"gold_gain":0,"player_choice":"Grow","damage_taken":0,"max_hp_gain":0,"max_hp_loss":0,"event_name":"Living Wall","floor":10,"gold_loss":0,"cards_upgraded":["Storm"]},{"damage_healed":0,"gold_gain":0,"player_choice":"Obtained Book","damage_taken":16,"max_hp_gain":0,"max_hp_loss":0,"event_name":"Cursed Tome","floor":19,"gold_loss":0},{"damage_healed":0,"gold_gain":0,"player_choice":"Ignored","damage_taken":0,"max_hp_gain":0,"max_hp_loss":0,"event_name":"The Mausoleum","floor":28,"gold_loss":0}],"is_beta":false,"boss_relics":[{"not_picked":["Cursed Key","Empty Cage"],"picked":"Philosopher\u0027s Stone"}],"items_purged_floors":[],"is_endless":false,"potions_floor_spawned":[1,3,5,8,12,21,22],"killed_by":"Collector","ascension_level":0}