{"gold_per_floor":[118,43,43,54,54,54,98,98,150,191,214,91,116,130,130,254,254,268,283,283,283,35,69,69,69,69,84,104,123,154,154],"floor_reached":31,"playtime":927,"items_purged":["Strike_B","Regret"],"score":328,"play_id":"63291340-e2ec-4b65-8633-f1047b5a0ad7","local_time":"20180714192442","is_ascension_mode":true,"campfire_choices":[{"data":"Sweeping Beam","floor":6,"key":"SMITH"},{"floor":8,"key":"REST"},{"floor":15,"key":"REST"},{"floor":24,"key":"REST"}],"neow_cost":"","seed_source_timestamp":220962660199675,"circlet_count":0,"master_deck":["Strike_B+1","Strike_B+1","Strike_B+1","Defend_B+1","Defend_B+1","Defend_B+1","Defend_B+1","Zap","Dualcast","Storm","Sweeping Beam+1","Defragment","Buffer","Leap","Doom and Gloom","Core Surge","Conserve Battery+1","Chaos+1","Loop"],"relics":["Cracked Core","Anchor","Golden Idol","Centennial Puzzle","Whetstone","Oddly Smooth Stone","Nuclear Battery","Mercury Hourglass","Ice Cream","Unceasing Top","Darkstone Periapt"],"potions_floor_usage":[13,14,16,28,30,31],"damage_taken":[{"damage":1,"enemies":"Cultist","floor":1,"turns":3},{"damage":2,"enemies":"Small Slimes","floor":4,"turns":3},{"damage":31,"enemies":"3 Sentries","floor":7,"turns":6},{"damage":29,"enemies":"Gremlin Nob","floor":10,"turns":4},{"damage":0,"enemies":"Jaw Worm","floor":11,"turns":3},{"damage":0,"enemies":"Lots of Slimes","floor":13,"turns":1},{"damage":0,"enemies":"Large Slime","floor":14,"turns":4},{"damage":26,"enemies":"The Guardian","floor":16,"turns":9},{"damage":33,"enemies":"3 Byrds","floor":18,"turns":4},{"damage":14,"enemies":"Shell Parasite","floor":19,"turns":5},{"damage":20,"enemies":"Slavers","floor":23,"turns":5},{"damage":10,"enemies":"Snecko","floor":27,"turns":5},{"damage":0,"enemies":"Slaver and Parasite","floor":28,"turns":6},{"damage":2,"enemies":"Sentry and Sphere","floor":29,"turns":5},{"damage":41,"enemies":"Gremlin Leader","floor":30,"turns":6},{"damage":8,"enemies":"Snecko","floor":31,"turns":4}],"seed_played":"-94338633496894069","potions_obtained":[{"floor":10,"key":"Swift Potion"},{"floor":13,"key":"Poison Potion"},{"floor":14,"key":"LiquidBronze"},{"floor":23,"key":"Block Potion"},{"floor":29,"key":"SneckoOil"},{"floor":30,"key":"Strength Potion"}],"is_trial":false,"path_per_floor":["M","$","?","M","?","R","E","R","T","E","M","$","M","M","R","B",null,"M","M","?","?","$","E","R","$","T","M","M","M","E"],"character_chosen":"DEFECT","items_purchased":["Leap","Mercury Hourglass"],"campfire_rested":3,"item_purchase_floors":[12,22],"current_hp_per_floor":[74,74,74,72,54,54,23,45,45,16,16,16,16,16,38,12,75,42,28,53,53,53,33,55,55,55,45,45,43,2,0],"gold":154,"neow_bonus":"","is_prod":false,"is_daily":false,"chose_seed":false,"campfire_upgraded":1,"win_rate":0,"timestamp":1531589082,"path_taken":["M","?","?","?","?","R","E","R","T","E","M","$","M","?","R","BOSS","M","M","?","?","$","E","R","?","T","M","M","M","E","?"],"build_version":"2018-07-13","purchased_purges":2,"victory":false,"max_hp_per_floor":[75,75,75,75,75,75,75,75,75,75,75,75,75,75,75,75,75,75,75,75,75,75,75,75,75,75,75,75,75,75,75],"card_choices":[{"not_picked":["Cold Snap","Reinforced Body"],"picked":"Storm","floor":1},{"not_picked":["Redo","Steam"],"picked":"Sweeping Beam","floor":4},{"not_picked":["Turbo","Melter"],"picked":"Defragment","floor":7},{"not_picked":["Recycle","Beam Cell","Steam"],"picked":"SKIP","floor":10},{"not_picked":["Gash","Barrage"],"picked":"Buffer","floor":11},{"not_picked":["Redo","Turbo","Stack"],"picked":"SKIP","floor":13},{"not_picked":["Barrage","Compile Driver"],"picked":"Doom and Gloom","floor":14},{"not_picked":["Reboot","Thunder Strike"],"picked":"Core Surge","floor":16},{"not_picked":["Cold Snap","Compile Driver"],"picked":"Conserve Battery+1","floor":18},{"not_picked":["Stack","Scrape+1","Beam Cell"],"picked":"SKIP","floor":19},{"not_picked":["Thunder Strike","Hologram","Rebound"],"picked":"SKIP","floor":23},{"not_picked":["Compile Driver","Force Field+1","Hologram"],"picked":"SKIP","floor":27},{"not_picked":["Conserve Battery+1","Reprogram","Stack"],"picked":"SKIP","floor":28},{"not_picked":["Stack","Storm"],"picked":"Chaos+1","floor":29},{"not_picked":["Blizzard","Cold Snap"],"picked":"Loop","floor":30}],"player_experience":58008,"relics_obtained":[{"floor":7,"key":"Centennial Puzzle"},{"floor":9,"key":"Whetstone"},{"floor":10,"key":"Oddly Smooth Stone"},{"floor":23,"key":"Ice Cream"},{"floor":26,"key":"Unceasing Top"},{"floor":30,"key":"Darkstone Periapt"}],"event_choices":[{"event_name":"Big Fish","player_choice":"Box","floor":3,"damage_taken":0},{"event_name":"Golden Idol","player_choice":"Take Damage","floor":5,"damage_taken":0},{"event_name":"The Library","player_choice":"Heal","floor":20,"damage_taken":0},{"event_name":"Back to Basics","player_choice":"Simplicity","floor":21,"damage_taken":0}],"boss_relics":[{"not_picked":["Lizard Tail","Ectoplasm"],"picked":"Nuclear Battery"}],"items_purged_floors":[2,12],"is_endless":false,"potions_floor_spawned":[10,13,14,23,29,30],"killed_by":"Snecko","ascension_level":3}