{"gold_per_floor":[20,20,20,45,60,60,83,116,140,140,90,3,29,95,95,220,220,211,211,237,237,251,251,276,301,328,38,38,63,63,88,88,211,211,225,225,225,225,58,58,71,106,106,139,139,61,61,79,79,79],"floor_reached":51,"playtime":2844,"items_purged":[],"score":711,"play_id":"2898480a-3ee6-485c-baa8-13388a04cc10","local_time":"20190319131938","is_ascension_mode":false,"campfire_choices":[{"data":"Redo","floor":6,"key":"SMITH"},{"floor":10,"key":"REST"},{"data":"Defragment","floor":15,"key":"SMITH"},{"data":"Self Repair","floor":23,"key":"SMITH"},{"data":"Pain","floor":28,"key":"PURGE"},{"floor":30,"key":"REST"},{"floor":32,"key":"REST"},{"data":"Apotheosis","floor":40,"key":"SMITH"},{"data":"Normality","floor":45,"key":"PURGE"},{"data":"Loop","floor":47,"key":"SMITH"},{"floor":49,"key":"REST"}],"neow_cost":"NO_GOLD","seed_source_timestamp":532571496960705,"circlet_count":0,"master_deck":["Strike_B","Strike_B","Strike_B","Strike_B","Defend_B","Defend_B","Defend_B","Zap","Dualcast","Stack+1","Injury","Redo+1","Ball Lightning","Defragment+1","Fusion","Bandage Up","All For One","Echo Form","Self Repair+1","RitualDagger","Ball Lightning","Glacier","Gash+1","Defragment","Ball Lightning+1","Electrodynamics","Steam+1","Finesse","Transmutation","Mayhem","Parasite","Apotheosis+1","Rebound","Lockon+1","Biased Cognition","Loop+1","Force Field"],"relics":["Cracked Core","Nunchaku","Centennial Puzzle","Golden Idol","War Paint","Anchor","Bag of Marbles","Tiny Chest","Cursed Key","Omamori","Lantern","Ancient Tea Set","Peace Pipe","Black Star","Strawberry","Orichalcum","Regal Pillow","Molten Egg 2","Art of War","Blue Candle"],"potions_floor_usage":[8,8,16,24,29,42,50,50,50,50,50],"damage_taken":[{"damage":0,"enemies":"Small Slimes","floor":1,"turns":3},{"damage":15,"enemies":"Jaw Worm","floor":4,"turns":3},{"damage":2,"enemies":"2 Louse","floor":5,"turns":2},{"damage":11,"enemies":"Blue Slaver","floor":7,"turns":3},{"damage":15,"enemies":"Lagavulin","floor":8,"turns":5},{"damage":18,"enemies":"3 Sentries","floor":14,"turns":5},{"damage":27,"enemies":"Hexaghost","floor":16,"turns":9},{"damage":15,"enemies":"2 Thieves","floor":18,"turns":4},{"damage":27,"enemies":"Shell Parasite","floor":22,"turns":5},{"damage":25,"enemies":"Snecko","floor":24,"turns":4},{"damage":27,"enemies":"Cultist and Chosen","floor":25,"turns":6},{"damage":12,"enemies":"3 Cultists","floor":29,"turns":3},{"damage":22,"enemies":"Snake Plant","floor":31,"turns":5},{"damage":41,"enemies":"Champ","floor":33,"turns":9},{"damage":3,"enemies":"Orb Walker","floor":35,"turns":3},{"damage":4,"enemies":"3 Shapes","floor":41,"turns":4},{"damage":38,"enemies":"Nemesis","floor":42,"turns":5},{"damage":17,"enemies":"Giant Head","floor":44,"turns":6},{"damage":23,"enemies":"Spire Growth","floor":48,"turns":5},{"damage":46,"enemies":"Time Eater","floor":50,"turns":10}],"seed_played":"1885954614717416017","potions_obtained":[{"floor":1,"key":"Weak Potion"},{"floor":7,"key":"AttackPotion"},{"floor":8,"key":"FearPotion"},{"floor":22,"key":"Fire Potion"},{"floor":25,"key":"Explosive Potion"},{"floor":31,"key":"SmokeBomb"},{"floor":41,"key":"AttackPotion"},{"floor":42,"key":"Energy Potion"},{"floor":48,"key":"EntropicBrew"}],"is_trial":false,"path_per_floor":["M","?","?","M","M","R","M","E","T","R","?","$","T","E","R","B",null,"M","?","T","?","M","R","M","M","T","$","R","M","R","M","R","B",null,"M","?","T","?","$","R","M","E","T","E","R","$","R","M","R","B",null],"character_chosen":"DEFECT","items_purchased":["Bandage Up","Peace Pipe","Apotheosis","Loop"],"campfire_rested":4,"item_purchase_floors":[12,27,39,46],"current_hp_per_floor":[75,75,75,60,58,58,47,32,32,54,54,54,54,40,40,17,75,64,58,58,58,46,46,39,30,30,30,30,22,44,36,58,31,75,75,65,72,72,72,72,82,60,60,43,43,43,43,34,73,50],"gold":79,"neow_bonus":"ONE_RARE_RELIC","is_prod":false,"is_daily":false,"chose_seed":false,"campfire_upgraded":5,"win_rate":0.0,"timestamp":1553026778,"path_taken":["M","?","?","M","M","R","M","E","T","R","?","$","?","E","R","BOSS","M","?","?","?","M","R","?","M","T","$","R","M","R","M","R","BOSS","M","?","?","?","$","R","M","E","T","E","R","$","R","M","R","BOSS"],"build_version":"2019-01-23","purchased_purges":0,"victory":true,"max_hp_per_floor":[75,75,75,75,75,75,75,75,75,75,75,75,75,75,75,75,75,75,75,75,75,75,75,75,75,75,75,75,75,75,75,75,75,75,75,75,82,82,82,82,82,82,82,82,82,82,82,82,82,82],"card_choices":[{"not_picked":["Fusion","Compile Driver"],"picked":"Stack","floor":1},{"not_picked":["Coolheaded","Go for the Eyes"],"picked":"Redo","floor":4},{"not_picked":["Aggregate","Barrage"],"picked":"Ball Lightning","floor":5},{"not_picked":["Hello World","BootSequence"],"picked":"Defragment","floor":7},{"not_picked":["Skim","Barrage"],"picked":"Fusion","floor":8},{"not_picked":["Sweeping Beam","Reprogram"],"picked":"All For One","floor":14},{"not_picked":["Reboot","Creative AI"],"picked":"Echo Form","floor":16},{"not_picked":["Redo","Compile Driver"],"picked":"Self Repair","floor":18},{"not_picked":["Reinforced Body","Stack"],"picked":"Ball Lightning","floor":22},{"not_picked":["Consume","Barrage"],"picked":"Glacier","floor":24},{"not_picked":["Leap","Aggregate+1"],"picked":"Gash+1","floor":25},{"not_picked":["Streamline","Skim"],"picked":"Defragment","floor":29},{"not_picked":["BootSequence","Double Energy"],"picked":"Ball Lightning+1","floor":31},{"not_picked":["Biased Cognition","Thunder Strike"],"picked":"Electrodynamics","floor":33},{"not_picked":["Go for the Eyes","Stack+1"],"picked":"Steam+1","floor":35},{"not_picked":["Trip","PanicButton"],"picked":"Finesse","floor":36},{"not_picked":["Secret Weapon","PanicButton"],"picked":"Transmutation","floor":36},{"not_picked":["Deep Breath","Purity"],"picked":"Mayhem","floor":36},{"not_picked":["Leap","Blizzard+1"],"picked":"Rebound","floor":41},{"not_picked":["Steam Power","Darkness"],"picked":"Lockon+1","floor":42},{"not_picked":["Rebound+1","Stack"],"picked":"Biased Cognition","floor":44},{"not_picked":["Coolheaded+1","Beam Cell+1"],"picked":"Force Field","floor":48}],"player_experience":323304,"relics_obtained":[{"floor":8,"key":"War Paint"},{"floor":9,"key":"Anchor"},{"floor":13,"key":"Bag of Marbles"},{"floor":14,"key":"Tiny Chest"},{"floor":20,"key":"Omamori"},{"floor":26,"key":"Ancient Tea Set"},{"floor":37,"key":"Strawberry"},{"floor":42,"key":"Orichalcum"},{"floor":42,"key":"Regal Pillow"},{"floor":43,"key":"Molten Egg 2"},{"floor":44,"key":"Art of War"},{"floor":44,"key":"Blue Candle"}],"event_choices":[{"damage_healed":0,"gold_gain":0,"player_choice":"Box","damage_taken":0,"relics_obtained":["Centennial Puzzle"],"max_hp_gain":0,"max_hp_loss":0,"event_name":"Big Fish","floor":2,"gold_loss":0,"cards_obtained":["Regret"]},{"damage_healed":0,"gold_gain":0,"player_choice":"Take Wound","damage_taken":0,"relics_obtained":["Golden Idol"],"max_hp_gain":0,"max_hp_loss":0,"event_name":"Golden Idol","floor":3,"gold_loss":0,"cards_obtained":["Injury"]},{"cards_removed":["Regret"],"damage_healed":0,"gold_gain":0,"player_choice":"Card Removal","damage_taken":0,"max_hp_gain":0,"max_hp_loss":0,"event_name":"The Cleric","floor":11,"gold_loss":50},{"damage_healed":0,"gold_gain":0,"player_choice":"Joined the Cult","damage_taken":6,"max_hp_gain":0,"max_hp_loss":0,"event_name":"Nest","floor":19,"gold_loss":0,"cards_obtained":["RitualDagger"]},{"damage_healed":0,"gold_gain":0,"player_choice":"Opened","damage_taken":0,"relics_obtained":["Lantern"],"max_hp_gain":0,"max_hp_loss":0,"event_name":"The Mausoleum","floor":21,"gold_loss":0,"cards_obtained":["Writhe"]},{"damage_healed":0,"gold_gain":0,"player_choice":"Memory 3","damage_taken":10,"max_hp_gain":0,"max_hp_loss":0,"event_name":"SensoryStone","floor":36,"gold_loss":0},{"cards_removed":["Defend_B"],"damage_healed":0,"gold_gain":0,"player_choice":"Removed Skill","damage_taken":0,"max_hp_gain":0,"max_hp_loss":0,"event_name":"Falling","floor":38,"gold_loss":0}],"is_beta":false,"boss_relics":[{"not_picked":["Lizard Tail","Empty Cage"],"picked":"Cursed Key"},{"not_picked":["Nuclear Battery","Tiny House"],"picked":"Black Star"}],"items_purged_floors":[],"is_endless":false,"potions_floor_spawned":[1,7,8,22,25,31,41,42,48],"ascension_level":0}