{"gold_per_floor":[109,109,122,47,47,79,91,107,107,107,107,143,161,61,61,182,182,206,221,234,109,109,109],"floor_reached":23,"playtime":656,"items_purged":["Strike_B","Strike_B","Defend_B"],"score":201,"play_id":"6ddbcb87-da1f-4f92-a016-fc78bc394b23","local_time":"20190407011915","is_ascension_mode":false,"campfire_choices":[{"data":"Streamline","floor":10,"key":"SMITH"},{"floor":15,"key":"REST"}],"neow_cost":"NONE","seed_source_timestamp":1210452248591300,"circlet_count":0,"master_deck":["Strike_B","Defend_B","Defend_B","Zap","Dualcast","Defragment","Cold Snap","Streamline+1","Loop","Buffer","FTL+1"],"relics":["Cracked Core","Mercury Hourglass","Golden Idol","Molten Egg 2","Busted Crown"],"potions_floor_usage":[12,12],"damage_taken":[{"damage":1,"enemies":"Jaw Worm","floor":1,"turns":3},{"damage":0,"enemies":"Small Slimes","floor":3,"turns":3},{"damage":19,"enemies":"Gremlin Nob","floor":6,"turns":4},{"damage":3,"enemies":"2 Louse","floor":7,"turns":2},{"damage":8,"enemies":"Exordium Wildlife","floor":8,"turns":3},{"damage":15,"enemies":"Lagavulin","floor":12,"turns":5},{"damage":18,"enemies":"Exordium Thugs","floor":13,"turns":4},{"damage":14,"enemies":"Hexaghost","floor":16,"turns":9},{"damage":18,"enemies":"2 Thieves","floor":18,"turns":4},{"damage":14,"enemies":"Spheric Guardian","floor":19,"turns":4},{"damage":23,"enemies":"Snake Plant","floor":20,"turns":4},{"damage":22,"enemies":"Slavers","floor":23,"turns":1}],"seed_played":"964734597506814998","potions_obtained":[{"floor":6,"key":"PowerPotion"},{"floor":8,"key":"SpeedPotion"},{"floor":16,"key":"Energy Potion"},{"floor":19,"key":"Swift Potion"},{"floor":20,"key":"GamblersBrew"}],"is_trial":false,"path_per_floor":["M","?","M","$","?","E","M","M","T","R","?","E","M","$","R","B",null,"M","M","M","$","?","E"],"character_chosen":"DEFECT","items_purchased":[],"campfire_rested":1,"item_purchase_floors":[],"current_hp_per_floor":[74,67,67,67,67,48,45,37,37,37,37,22,4,4,24,10,69,51,37,14,14,14,0],"gold":109,"neow_bonus":"THREE_CARDS","is_prod":false,"is_daily":false,"chose_seed":false,"campfire_upgraded":1,"win_rate":0,"timestamp":1554571155,"path_taken":["M","?","M","$","?","E","M","M","T","R","?","E","?","$","R","BOSS","M","M","M","$","?","E"],"build_version":"2019-01-23","purchased_purges":3,"victory":false,"max_hp_per_floor":[75,75,75,75,75,75,75,75,75,75,69,69,69,69,69,69,69,69,69,69,69,69,69],"card_choices":[{"not_picked":["FTL","Leap"],"picked":"Defragment","floor":0},{"not_picked":["Steam","Stack"],"picked":"Cold Snap","floor":1},{"not_picked":["Leap","Reinforced Body"],"picked":"Streamline","floor":3},{"not_picked":["Leap","Scrape","BootSequence"],"picked":"SKIP","floor":6},{"not_picked":["Cold Snap","Compile Driver"],"picked":"Loop","floor":7},{"not_picked":["Meteor Strike","Gash","Cold Snap"],"picked":"SKIP","floor":8},{"not_picked":["Go for the Eyes","Hologram","Leap"],"picked":"SKIP","floor":12},{"not_picked":["Sweeping Beam+1","Blizzard+1","Rebound+1"],"picked":"SKIP","floor":13},{"not_picked":["Fission","Biased Cognition"],"picked":"Buffer","floor":16},{"not_picked":[],"picked":"FTL+1","floor":18},{"not_picked":["Cold Snap+1"],"picked":"SKIP","floor":19},{"not_picked":["Rip and Tear+1"],"picked":"SKIP","floor":20}],"player_experience":452536,"relics_obtained":[{"floor":6,"key":"Mercury Hourglass"},{"floor":12,"key":"Molten Egg 2"}],"event_choices":[{"cards_removed":["Strike_B"],"damage_healed":0,"gold_gain":0,"player_choice":"Card Removal","damage_taken":7,"max_hp_gain":0,"max_hp_loss":0,"event_name":"Golden Wing","floor":2,"gold_loss":0},{"cards_removed":["Defend_B"],"damage_healed":0,"gold_gain":0,"player_choice":"Forget","damage_taken":0,"max_hp_gain":0,"max_hp_loss":0,"event_name":"Living Wall","floor":5,"gold_loss":0},{"damage_healed":0,"gold_gain":0,"player_choice":"Lose Max HP","damage_taken":0,"relics_obtained":["Golden Idol"],"max_hp_gain":0,"max_hp_loss":6,"event_name":"Golden Idol","floor":11,"gold_loss":0},{"damage_healed":0,"gold_gain":0,"player_choice":"Ignored","damage_taken":0,"max_hp_gain":0,"max_hp_loss":0,"event_name":"NoteForYourself","floor":22,"gold_loss":0}],"is_beta":false,"boss_relics":[{"not_picked":["Ectoplasm","FrozenCore"],"picked":"Busted Crown"}],"items_purged_floors":[4,14,21],"is_endless":false,"potions_floor_spawned":[6,8,16,19,20],"killed_by":"Slavers","ascension_level":0}