{"gold_per_floor":[109,109,284,300,30,63,63,86,109,147,97,97,121,160,160,160],"floor_reached":16,"playtime":537,"items_purged":["Doubt"],"score":148,"play_id":"7375dbc4-df31-41a1-ad11-51298b8322da","local_time":"20190321143905","is_ascension_mode":true,"campfire_choices":[{"floor":12,"key":"REST"},{"floor":15,"key":"REST"}],"neow_cost":"NONE","seed_source_timestamp":147377795984800,"circlet_count":0,"master_deck":["Strike_R","Strike_R","Strike_R","Strike_R","Defend_R","Defend_R","Defend_R","Bash","Brutality","Dropkick","Rage","Feed","Ghostly Armor","Fire Breathing","Dual Wield","Double Tap"],"relics":["Burning Blood","Golden Idol","Sling","Orichalcum","Red Skull","Kunai","Charon\u0027s Ashes"],"potions_floor_usage":[4,10,14,16],"damage_taken":[{"damage":6,"enemies":"Small Slimes","floor":1,"turns":4},{"damage":10,"enemies":"Jaw Worm","floor":4,"turns":5},{"damage":27,"enemies":"Gremlin Nob","floor":6,"turns":4},{"damage":1,"enemies":"Cultist","floor":8,"turns":3},{"damage":23,"enemies":"Lagavulin","floor":10,"turns":4},{"damage":8,"enemies":"Exordium Wildlife","floor":13,"turns":3},{"damage":27,"enemies":"Gremlin Nob","floor":14,"turns":4},{"damage":51,"enemies":"Slime Boss","floor":16,"turns":5}],"seed_played":"4290181877029725394","potions_obtained":[{"floor":1,"key":"PowerPotion"},{"floor":6,"key":"Swift Potion"},{"floor":8,"key":"Poison Potion"},{"floor":10,"key":"LiquidBronze"}],"is_trial":false,"path_per_floor":["M","?","?","M","$","E","?","M","T","E","?","R","M","E","R","B"],"character_chosen":"IRONCLAD","items_purchased":["Sling"],"campfire_rested":2,"item_purchase_floors":[5],"current_hp_per_floor":[80,60,60,56,56,35,35,40,40,23,23,47,48,27,51,0],"gold":160,"neow_bonus":"TRANSFORM_CARD","is_prod":false,"is_daily":false,"chose_seed":false,"campfire_upgraded":0,"win_rate":0,"timestamp":1553150345,"path_taken":["M","?","?","M","$","E","?","?","T","E","?","R","M","E","R","BOSS"],"build_version":"2019-01-23","purchased_purges":1,"victory":false,"max_hp_per_floor":[80,80,80,80,80,80,80,80,80,80,80,80,83,83,83,83],"card_choices":[{"not_picked":["Evolve","Anger"],"picked":"Dropkick","floor":1},{"not_picked":["Clash","Shrug It Off"],"picked":"Rage","floor":4},{"not_picked":["Shrug It Off","Clothesline"],"picked":"Feed","floor":6},{"not_picked":["Twin Strike","Sword Boomerang"],"picked":"Fire Breathing","floor":8},{"not_picked":["Sentinel","Thunderclap"],"picked":"Dual Wield","floor":10},{"not_picked":["Infernal Blade","Sword Boomerang","Clothesline"],"picked":"SKIP","floor":13},{"not_picked":["Feel No Pain","Pummel"],"picked":"Double Tap","floor":14}],"player_experience":399322,"relics_obtained":[{"floor":6,"key":"Orichalcum"},{"floor":9,"key":"Red Skull"},{"floor":10,"key":"Kunai"},{"floor":14,"key":"Charon\u0027s Ashes"}],"event_choices":[{"damage_healed":0,"gold_gain":0,"player_choice":"Take Damage","damage_taken":20,"relics_obtained":["Golden Idol"],"max_hp_gain":0,"max_hp_loss":0,"event_name":"Golden Idol","floor":2,"gold_loss":0},{"damage_healed":0,"gold_gain":175,"player_choice":"AGREE","damage_taken":0,"max_hp_gain":0,"max_hp_loss":0,"event_name":"Liars Game","floor":3,"gold_loss":0,"cards_obtained":["Doubt"]},{"damage_healed":0,"gold_gain":0,"player_choice":"1 cards matched","damage_taken":0,"max_hp_gain":0,"max_hp_loss":0,"event_name":"Match and Keep!","floor":7,"gold_loss":0,"cards_obtained":["Ghostly Armor"]},{"cards_removed":["Defend_R"],"damage_healed":0,"gold_gain":0,"player_choice":"Card Removal","damage_taken":0,"max_hp_gain":0,"max_hp_loss":0,"event_name":"The Cleric","floor":11,"gold_loss":50}],"is_beta":false,"boss_relics":[],"items_purged_floors":[5],"is_endless":false,"potions_floor_spawned":[1,6,8,10],"killed_by":"Slime Boss","ascension_level":5}