{"gold_per_floor":[116,130,8,24,44,44,62,237,237,257,284,284,284,315,315,412,412,428,445,32,43,43,43,78,78,156,156,170,195,168,184,184,184],"floor_reached":33,"playtime":2503,"items_purged":["Writhe","Doubt"],"score":297,"play_id":"576141d5-df75-4b0c-adce-187181797ab6","local_time":"20190423222409","is_ascension_mode":false,"campfire_choices":[{"data":"Shrug It Off","floor":6,"key":"SMITH"},{"data":"Armaments","floor":12,"key":"SMITH"},{"floor":15,"key":"REST"},{"floor":23,"key":"REST"},{"floor":25,"key":"REST"},{"floor":32,"key":"REST"}],"neow_cost":"CURSE","seed_source_timestamp":340760807400,"circlet_count":0,"master_deck":["Strike_R","Strike_R","Strike_R","Strike_R","Strike_R","Defend_R","Defend_R","Defend_R","Defend_R","Bash","Flex","Shrug It Off+1","Metallicize","Sentinel","Armaments+1","Anger","Flame Barrier","Feel No Pain","Twin Strike","Fiend Fire","Shrug It Off","Corruption","Inflame","Ghostly Armor+1","Feel No Pain","Iron Wave+1","Flame Barrier"],"relics":["Burning Blood","Nunchaku","Bottled Flame","Bronze Scales","Ornamental Fan","Fusion Hammer","Molten Egg 2","Darkstone Periapt","Mummified Hand","Art of War"],"potions_floor_usage":[10,14,18,21,28,33],"damage_taken":[{"damage":3,"enemies":"2 Louse","floor":1,"turns":3},{"damage":1,"enemies":"Cultist","floor":2,"turns":3},{"damage":13,"enemies":"Jaw Worm","floor":4,"turns":4},{"damage":10,"enemies":"3 Louse","floor":5,"turns":4},{"damage":8,"enemies":"Large Slime","floor":7,"turns":7},{"damage":2,"enemies":"Looter","floor":10,"turns":3},{"damage":28,"enemies":"3 Sentries","floor":11,"turns":17},{"damage":21,"enemies":"Lagavulin","floor":14,"turns":6},{"damage":33,"enemies":"The Guardian","floor":16,"turns":15},{"damage":17,"enemies":"2 Thieves","floor":18,"turns":4},{"damage":11,"enemies":"Spheric Guardian","floor":19,"turns":4},{"damage":6,"enemies":"Cultist and Chosen","floor":21,"turns":9},{"damage":39,"enemies":"Slavers","floor":24,"turns":8},{"damage":4,"enemies":"Sentry and Sphere","floor":28,"turns":6},{"damage":21,"enemies":"Book of Stabbing","floor":29,"turns":6},{"damage":3,"enemies":"Snecko","floor":31,"turns":6},{"damage":91,"enemies":"Automaton","floor":33,"turns":14}],"seed_played":"6238255251383020264","potions_obtained":[{"floor":2,"key":"Energy Potion"},{"floor":5,"key":"SneckoOil"},{"floor":7,"key":"Weak Potion"},{"floor":16,"key":"SteroidPotion"},{"floor":18,"key":"GamblersBrew"},{"floor":24,"key":"Fruit Juice"}],"is_trial":false,"path_per_floor":["M","M","$","M","M","R","M","?","T","M","E","R","?","E","R","B",null,"M","M","$","M","$","R","E","R","T","$","M","E","$","M","R","B"],"character_chosen":"IRONCLAD","items_purchased":["Shrug It Off","Corruption","Molten Egg 2","Iron Wave+1"],"campfire_rested":4,"item_purchase_floors":[3,20,20,30],"current_hp_per_floor":[80,80,80,73,69,69,67,67,67,71,49,49,49,34,58,31,80,69,64,64,64,64,80,47,71,71,71,78,63,63,66,85,0],"gold":184,"neow_bonus":"ONE_RARE_RELIC","is_prod":false,"is_daily":false,"chose_seed":false,"campfire_upgraded":2,"win_rate":0,"timestamp":1556072649,"path_taken":["M","M","$","M","M","R","M","?","T","M","E","R","?","E","R","BOSS","M","M","$","M","?","R","E","R","T","$","M","E","?","M","R","BOSS"],"build_version":"2019-01-23","purchased_purges":2,"victory":false,"max_hp_per_floor":[80,80,80,80,80,80,80,80,80,80,80,80,80,80,80,80,80,80,80,80,80,80,80,80,80,80,80,85,85,85,85,85,85],"card_choices":[{"not_picked":["Warcry","Burning Pact","Entrench"],"picked":"SKIP","floor":1},{"not_picked":["Clash","Havoc"],"picked":"Flex","floor":2},{"not_picked":["Bloodletting","Warcry"],"picked":"Metallicize","floor":4},{"not_picked":["Combust","Body Slam"],"picked":"Sentinel","floor":5},{"not_picked":["True Grit","Wild Strike"],"picked":"Armaments","floor":7},{"not_picked":["Flex","Infernal Blade"],"picked":"Anger","floor":10},{"not_picked":["Fire Breathing","Thunderclap"],"picked":"Flame Barrier","floor":11},{"not_picked":["Sentinel","Searing Blow"],"picked":"Twin Strike","floor":14},{"not_picked":["Bludgeon","Offering"],"picked":"Fiend Fire","floor":16},{"not_picked":["Searing Blow","Power Through"],"picked":"Shrug It Off","floor":18},{"not_picked":["Anger","Warcry","Clash"],"picked":"SKIP","floor":19},{"not_picked":["Cleave+1","Shrug It Off"],"picked":"Inflame","floor":21},{"not_picked":["Armaments","Pummel+1"],"picked":"Ghostly Armor+1","floor":24},{"not_picked":["Rage+1","Evolve","Heavy Blade+1"],"picked":"SKIP","floor":28},{"not_picked":["Hemokinesis+1","Headbutt+1"],"picked":"Feel No Pain","floor":29},{"not_picked":["Seeing Red","Intimidate+1"],"picked":"Flame Barrier","floor":31}],"player_experience":363329,"relics_obtained":[{"floor":9,"key":"Bottled Flame"},{"floor":11,"key":"Bronze Scales"},{"floor":14,"key":"Ornamental Fan"},{"floor":24,"key":"Darkstone Periapt"},{"floor":26,"key":"Mummified Hand"},{"floor":29,"key":"Art of War"}],"event_choices":[{"damage_healed":0,"gold_gain":175,"player_choice":"AGREE","damage_taken":0,"max_hp_gain":0,"max_hp_loss":0,"event_name":"Liars Game","floor":8,"gold_loss":0,"cards_obtained":["Doubt"]},{"damage_healed":0,"gold_gain":0,"player_choice":"1 cards matched","damage_taken":0,"max_hp_gain":0,"max_hp_loss":0,"event_name":"Match and Keep!","floor":13,"gold_loss":0,"cards_obtained":["Feel No Pain"]}],"is_beta":false,"boss_relics":[{"not_picked":["Ectoplasm","Orrery"],"picked":"Fusion Hammer"}],"items_purged_floors":[3,20],"is_endless":false,"potions_floor_spawned":[2,5,7,16,18,24],"killed_by":"Automaton","ascension_level":0}