{"gold_per_floor":[109,109,121,121,121,121,152,152,206,223,272,291,307,307,307,409,459,475,508,525,323,339,339,339],"floor_reached":24,"playtime":1559,"items_purged":["Strike_R"],"score":196,"play_id":"f0affefd-3e6a-4db4-a6bd-f3be331bc08e","local_time":"20181226174158","is_ascension_mode":false,"campfire_choices":[{"data":"Bash","floor":6,"key":"SMITH"},{"data":"Seeing Red","floor":8,"key":"SMITH"},{"floor":15,"key":"REST"},{"floor":23,"key":"REST"}],"neow_cost":"NONE","seed_source_timestamp":60298782792347,"circlet_count":0,"master_deck":["Strike_R+1","Strike_R+1","Strike_R","Strike_R+1","Defend_R","Defend_R","Defend_R","Defend_R","Bash+1","Rampage+1","Pommel Strike+1","Seeing Red+1","Dropkick","Anger","Pommel Strike","Offering","Blood for Blood","Rage+1","Sword Boomerang","Anger+1","Warcry"],"relics":["Mark of Pain","Whetstone","Smiling Mask","Happy Flower","Tiny House","Red Mask","Centennial Puzzle"],"potions_floor_usage":[16,16,20,22,22],"damage_taken":[{"damage":0,"enemies":"2 Louse","floor":1,"turns":3},{"damage":6,"enemies":"Jaw Worm","floor":3,"turns":2},{"damage":21,"enemies":"Lagavulin","floor":7,"turns":5},{"damage":0,"enemies":"Cultist","floor":10,"turns":2},{"damage":12,"enemies":"Exordium Thugs","floor":12,"turns":4},{"damage":6,"enemies":"Lots of Slimes","floor":13,"turns":4},{"damage":48,"enemies":"The Guardian","floor":16,"turns":8},{"damage":21,"enemies":"3 Byrds","floor":18,"turns":4},{"damage":51,"enemies":"Masked Bandits","floor":19,"turns":6},{"damage":0,"enemies":"Shell Parasite","floor":20,"turns":2},{"damage":10,"enemies":"Snake Plant","floor":22,"turns":2},{"damage":37,"enemies":"Snecko","floor":24,"turns":4}],"seed_played":"4120272461910822253","potions_obtained":[{"floor":1,"key":"GamblersBrew"},{"floor":3,"key":"Poison Potion"},{"floor":12,"key":"FearPotion"},{"floor":17,"key":"PowerPotion"},{"floor":20,"key":"FearPotion"}],"is_trial":false,"path_per_floor":["M","?","M","?","$","R","E","R","T","M","T","M","M","?","R","B",null,"M","?","M","$","M","R","M"],"character_chosen":"IRONCLAD","items_purchased":["Centennial Puzzle"],"campfire_rested":2,"item_purchase_floors":[21],"current_hp_per_floor":[80,80,74,74,74,74,53,53,53,53,53,41,35,35,59,11,85,64,13,13,13,3,28,0],"gold":339,"neow_bonus":"BOSS_RELIC","is_prod":false,"is_daily":false,"chose_seed":false,"campfire_upgraded":2,"win_rate":0.0,"timestamp":1545864118,"path_taken":["M","?","M","?","$","R","E","R","T","?","?","M","?","?","R","BOSS","M","?","M","$","M","R","M"],"build_version":"2018-12-20","purchased_purges":1,"victory":false,"max_hp_per_floor":[80,80,80,80,80,80,80,80,80,80,80,80,80,80,80,80,85,85,85,85,85,85,85,85],"card_choices":[{"not_picked":["Entrench","Rupture"],"picked":"Rampage","floor":1},{"not_picked":["Searing Blow","Power Through"],"picked":"Pommel Strike","floor":3},{"not_picked":["Rage","Combust"],"picked":"Seeing Red","floor":7},{"not_picked":["Sword Boomerang","Clothesline"],"picked":"Dropkick","floor":10},{"not_picked":["Clothesline","Iron Wave"],"picked":"Anger","floor":12},{"not_picked":["Ghostly Armor","Twin Strike"],"picked":"Pommel Strike","floor":13},{"not_picked":["Impervious","Reaper"],"picked":"Offering","floor":16},{"not_picked":["Warcry","Feel No Pain"],"picked":"Blood for Blood","floor":17},{"not_picked":["Headbutt","Shrug It Off"],"picked":"Rage+1","floor":18},{"not_picked":["Corruption","Heavy Blade"],"picked":"Sword Boomerang","floor":19},{"not_picked":["Shockwave","Thunderclap"],"picked":"Anger+1","floor":20},{"not_picked":["Blood for Blood","Dark Embrace"],"picked":"Warcry","floor":22}],"player_experience":31722,"relics_obtained":[{"floor":7,"key":"Whetstone"},{"floor":9,"key":"Smiling Mask"},{"floor":11,"key":"Happy Flower"},{"floor":19,"key":"Red Mask"}],"event_choices":[{"damage_healed":0,"gold_gain":0,"player_choice":"Grow","damage_taken":0,"max_hp_gain":0,"max_hp_loss":0,"event_name":"Living Wall","floor":2,"gold_loss":0,"cards_upgraded":["Rampage"]},{"damage_healed":0,"gold_gain":0,"player_choice":"Forge","damage_taken":0,"max_hp_gain":0,"max_hp_loss":0,"event_name":"Accursed Blacksmith","floor":4,"gold_loss":0,"cards_upgraded":["Pommel Strike"]},{"damage_healed":0,"gold_gain":0,"player_choice":"Ignored","damage_taken":0,"max_hp_gain":0,"max_hp_loss":0,"event_name":"Liars Game","floor":14,"gold_loss":0},{"damage_healed":0,"gold_gain":0,"player_choice":"Fought Bandits","damage_taken":0,"max_hp_gain":0,"max_hp_loss":0,"event_name":"Masked Bandits","floor":19,"gold_loss":0}],"is_beta":false,"boss_relics":[{"not_picked":["Coffee Dripper","Fusion Hammer"],"picked":"Tiny House"}],"items_purged_floors":[21],"is_endless":false,"potions_floor_spawned":[1,3,12,20],"killed_by":"Snecko","ascension_level":0}