{"path_per_floor":["M","M","M","M","$","R","E","M","T","M","E","$","?","M","R","B",null,"M","?","$","?","M","E","R","?","T","M","$","?","R","M","R","B",null,"M","M","$","?","?","R","T","R","T","M","E"],"character_chosen":"DEFECT","items_purchased":["Good Instincts","Fire Potion","Bandage Up"],"gold_per_floor":[111,128,139,157,54,54,87,104,104,115,145,18,18,30,30,126,126,141,141,41,41,56,85,85,85,85,105,13,13,13,32,32,132,132,151,170,45,45,45,45,96,96,96,116,141,141],"floor_reached":46,"campfire_rested":3,"playtime":2613,"current_hp_per_floor":[74,72,65,48,48,48,36,30,30,20,26,26,47,47,47,57,85,66,66,66,66,66,51,51,51,51,38,38,21,49,39,67,24,94,77,42,42,42,42,70,70,70,70,62,3,0],"items_purged":["Defend_B","Parasite","Normality"],"gold":141,"score":551,"play_id":"74868014-065b-41b1-9195-d422513a3880","local_time":"20180510074720","is_prod":false,"is_daily":false,"chose_seed":false,"is_ascension_mode":true,"campfire_upgraded":4,"timestamp":1525952840,"path_taken":["M","?","M","M","$","R","E","M","T","M","E","?","?","M","R","BOSS","M","?","$","?","M","E","R","?","T","?","$","?","R","?","R","BOSS","M","M","$","?","?","R","?","R","T","M","E","?"],"build_version":"2018-05-09","seed_source_timestamp":0,"purchased_purges":3,"victory":false,"master_deck":["Strike_B","Strike_B","Strike_B","Defend_B","Defend_B","Defend_B","Zap","Dualcast","Capacitor","Consume+1","Multi-Cast","Coolheaded","Good Instincts","Barrage","Leap","Redo+1","Glacier","Rainbow+1","Tempest+1","Rebound","Zap+1","Static Discharge+1","Bandage Up","Hologram+1","All For One","Capacitor+1","Stack+1","Amplify","Doubt","Defragment+1","Skim"],"max_hp_per_floor":[75,75,75,75,75,75,75,75,75,75,85,85,85,85,85,85,85,85,85,82,82,82,89,89,89,89,89,89,94,94,94,94,94,94,94,94,94,94,94,94,94,94,94,94,94,94],"relics":["Cracked Core","DataDisk","Orichalcum","Toolbox","Pear","Cursed Key","Strawberry","Ornamental Fan","Nuclear Battery","Anchor","Vajra"],"card_choices":[{"not_picked":["Leap","Hello World"],"picked":"Capacitor","floor":1.0},{"not_picked":["Sweeping Beam","Barrage"],"picked":"Consume","floor":2},{"not_picked":["Capacitor","Axe Kick"],"picked":"Multi-Cast","floor":3},{"not_picked":["Defragment","Rebound"],"picked":"Coolheaded","floor":4},{"not_picked":["Tempest","Beam Cell"],"picked":"Barrage","floor":7},{"not_picked":["Barrage","Ball Lightning"],"picked":"Leap","floor":10},{"not_picked":["Steam","Multi-Cast"],"picked":"Redo","floor":11},{"not_picked":["Melter","Streamline"],"picked":"Glacier","floor":14},{"not_picked":["Amplify","Fission"],"picked":"Rainbow","floor":16},{"not_picked":["Glacier","Consume"],"picked":"Tempest","floor":18},{"not_picked":["Rip and Tear","Rebound"],"picked":"Static Discharge","floor":23},{"not_picked":["Storm","Sweeping Beam"],"picked":"Hologram","floor":31},{"not_picked":["Machine Learning","Biased Cognition"],"picked":"All For One","floor":33},{"not_picked":["Force Field","Barrage"],"picked":"Capacitor","floor":35},{"not_picked":["Conserve Battery","Ball Lightning"],"picked":"Stack","floor":36},{"not_picked":["Hologram","Barrage"],"picked":"Defragment","floor":44},{"not_picked":["Coolheaded","Turbo"],"picked":"Skim","floor":45}],"player_experience":62750,"potions_floor_usage":[10,11,14,16,23,27,27,31,33,46],"damage_taken":[{"damage":1.0,"enemies":"Cultist","floor":1.0,"turns":3.0},{"damage":2,"enemies":"Jaw Worm","floor":2,"turns":3},{"damage":7,"enemies":"Looter","floor":3,"turns":3},{"damage":17,"enemies":"3 Louse","floor":4,"turns":6},{"damage":12,"enemies":"Lagavulin","floor":7,"turns":7},{"damage":6,"enemies":"Lots of Slimes","floor":8,"turns":5},{"damage":10,"enemies":"Exordium Wildlife","floor":10,"turns":4},{"damage":4,"enemies":"Gremlin Nob","floor":11,"turns":4},{"damage":0,"enemies":"Looter","floor":14,"turns":2},{"damage":5,"enemies":"Slime Boss","floor":16,"turns":11},{"damage":19,"enemies":"3 Byrds","floor":18,"turns":4},{"damage":0,"enemies":"Spheric Guardian","floor":22,"turns":3},{"damage":26,"enemies":"Book of Stabbing","floor":23,"turns":6},{"damage":13,"enemies":"Centurion and Healer","floor":27,"turns":5},{"damage":14,"enemies":"Chosen and Byrds","floor":31,"turns":4},{"damage":62,"enemies":"Collector","floor":33,"turns":11},{"damage":21,"enemies":"3 Darklings","floor":35,"turns":9},{"damage":39,"enemies":"Orb Walker","floor":36,"turns":3},{"damage":8,"enemies":"4 Shapes","floor":44,"turns":4},{"damage":63,"enemies":"2 Orb Walkers","floor":45,"turns":6},{"damage":10,"enemies":"Sphere and 2 Shapes","floor":46,"turns":2}],"event_choices":[{"event_name":"Mushrooms","player_choice":"Healed and dodged fight","floor":13,"damage_taken":0},{"event_name":"Match and Keep!","player_choice":"2 cards matched","floor":19,"damage_taken":0},{"event_name":"Beggar","player_choice":"Ignored","floor":21,"damage_taken":0},{"event_name":"Transmorgrifier","player_choice":"Transform","floor":25,"damage_taken":0},{"event_name":"Forgotten Altar","player_choice":"Shed Blood","floor":29,"damage_taken":0},{"event_name":"Transmorgrifier","player_choice":"Transform","floor":38,"damage_taken":0},{"event_name":"Mysterious Sphere","player_choice":"Ignore","floor":39,"damage_taken":0}],"boss_relics":[{"not_picked":["White Beast Statue","Ectoplasm"],"picked":"Cursed Key"},{"not_picked":["Snecko Eye","Sozu"],"picked":"Nuclear Battery"}],"potions_floor_spawned":[2,4,10,11,14,16,18,23,31,36],"seed_played":"9207672100709008767","killed_by":"Sphere and 2 Shapes","ascension_level":2,"is_trial":false}