{"gold_per_floor":[119,130,130,206,217,217,230,256,279,314,314,314,314],"floor_reached":13,"playtime":222,"items_purged":[],"score":186,"play_id":"41409f08-c75c-46b3-9774-e8d141e3961b","local_time":"20190306150912","is_ascension_mode":true,"campfire_choices":[{"data":"Flex","floor":6,"key":"SMITH"}],"neow_cost":"NONE","seed_source_timestamp":423207818054594,"circlet_count":0,"master_deck":["AscendersBane","Strike_R","Strike_R","Strike_R","Strike_R","Strike_R","Defend_R","Defend_R","Defend_R","Defend_R","Bash","Flex+1","Rupture","Regret","Bloodletting","Flex","Dropkick","Limit Break"],"relics":["Burning Blood","NeowsBlessing","Turnip","Pantograph","Strawberry","Potion Belt","Art of War"],"potions_floor_usage":[8,10],"damage_taken":[{"damage":0,"enemies":"Cultist","floor":1,"turns":1},{"damage":0,"enemies":"Jaw Worm","floor":2,"turns":1},{"damage":0,"enemies":"2 Louse","floor":5,"turns":1},{"damage":14,"enemies":"2 Fungi Beasts","floor":7,"turns":4},{"damage":34,"enemies":"Lagavulin","floor":8,"turns":7},{"damage":42,"enemies":"Gremlin Nob","floor":10,"turns":4},{"damage":12,"enemies":"Lagavulin","floor":13,"turns":3}],"seed_played":"8501767763011257905","potions_obtained":[{"floor":7,"key":"Weak Potion"},{"floor":8,"key":"AttackPotion"}],"is_trial":false,"path_per_floor":["M","M","?","T","M","R","M","E","T","E","?","?","E"],"character_chosen":"IRONCLAD","items_purchased":[],"campfire_rested":0,"item_purchase_floors":[],"current_hp_per_floor":[74,75,75,75,75,75,67,46,46,10,10,10,0],"gold":314,"neow_bonus":"THREE_ENEMY_KILL","is_prod":false,"is_daily":false,"chose_seed":false,"campfire_upgraded":1,"win_rate":0,"timestamp":1551902952,"path_taken":["M","?","?","?","M","R","?","E","T","E","?","?","E"],"build_version":"2019-01-23","purchased_purges":0,"victory":false,"max_hp_per_floor":[75,75,75,75,75,75,75,82,82,82,82,82,82],"card_choices":[{"not_picked":["Armaments","Reckless Charge"],"picked":"Flex","floor":1},{"not_picked":["Warcry","Intimidate"],"picked":"Rupture","floor":2},{"not_picked":["Shockwave","Sword Boomerang"],"picked":"Bloodletting","floor":5},{"not_picked":["Metallicize","Fire Breathing"],"picked":"Flex","floor":7},{"not_picked":["Disarm","Anger"],"picked":"Dropkick","floor":8},{"not_picked":["Anger","Rage"],"picked":"Limit Break","floor":10}],"player_experience":853033,"relics_obtained":[{"floor":4,"key":"Pantograph"},{"floor":8,"key":"Strawberry"},{"floor":9,"key":"Potion Belt"},{"floor":10,"key":"Art of War"}],"event_choices":[{"damage_healed":0,"gold_gain":0,"player_choice":"Box","damage_taken":0,"relics_obtained":["Turnip"],"max_hp_gain":0,"max_hp_loss":0,"event_name":"Big Fish","floor":3,"gold_loss":0,"cards_obtained":["Regret"]},{"damage_healed":0,"gold_gain":0,"player_choice":"Fled","damage_taken":0,"max_hp_gain":0,"max_hp_loss":0,"event_name":"Scrap Ooze","floor":11,"gold_loss":0},{"damage_healed":0,"gold_gain":0,"player_choice":"Searched \u00270\u0027 times","damage_taken":0,"max_hp_gain":0,"max_hp_loss":0,"event_name":"Dead Adventurer","floor":12,"gold_loss":0}],"is_beta":false,"boss_relics":[],"items_purged_floors":[],"is_endless":false,"potions_floor_spawned":[7,8],"killed_by":"Lagavulin","ascension_level":20}