{"gold_per_floor":[119,130,130,140,140,174,174,184,230,230,230,155,155,155,155,252,252,252,56,0,0,0,0,0,0,0,0],"floor_reached":27,"playtime":807,"items_purged":["Strike_R","Strike_R"],"score":323,"play_id":"32b9eba2-bcd9-434d-abbc-8aadfd8c21e5","local_time":"20190417084133","is_ascension_mode":true,"campfire_choices":[{"data":"Searing Blow","floor":7,"key":"SMITH"},{"floor":11,"key":"REST"},{"data":"Searing Blow+2","floor":15,"key":"SMITH"},{"data":"Searing Blow+3","floor":23,"key":"SMITH"}],"neow_cost":"NONE","seed_source_timestamp":519245924728000,"circlet_count":0,"master_deck":["Strike_R+1","Strike_R+1","Defend_R","Defend_R","Defend_R","Defend_R","Bash","Thunderclap","Searing Blow+4","Warcry","True Grit","Barricade","Body Slam+1","Impatience","Shockwave","Iron Wave+1"],"relics":["Burning Blood","NeowsBlessing","Ornamental Fan","Ancient Tea Set","Whetstone","Ectoplasm","Lantern","Ice Cream"],"potions_floor_usage":[6,8,24,24,27],"damage_taken":[{"damage":0,"enemies":"2 Louse","floor":1,"turns":1},{"damage":0,"enemies":"Small Slimes","floor":2,"turns":1},{"damage":0,"enemies":"Cultist","floor":4,"turns":1},{"damage":51,"enemies":"3 Sentries","floor":6,"turns":10},{"damage":27,"enemies":"Exordium Thugs","floor":8,"turns":6},{"damage":31,"enemies":"Slime Boss","floor":16,"turns":11},{"damage":12,"enemies":"Chosen","floor":18,"turns":4},{"damage":30,"enemies":"2 Thieves","floor":20,"turns":4},{"damage":12,"enemies":"Centurion and Healer","floor":21,"turns":5},{"damage":24,"enemies":"3 Cultists","floor":22,"turns":6},{"damage":18,"enemies":"Gremlin Leader","floor":24,"turns":6},{"damage":18,"enemies":"Book of Stabbing","floor":27,"turns":3}],"seed_played":"-2701899058593348094","potions_obtained":[{"floor":1,"key":"BloodPotion"},{"floor":4,"key":"FearPotion"},{"floor":16,"key":"BloodPotion"},{"floor":18,"key":"BloodPotion"},{"floor":24,"key":"PowerPotion"}],"is_trial":false,"path_per_floor":["M","M","?","M","?","E","R","M","T","?","R","$","?","?","R","B",null,"M","$","M","M","M","R","E","$","T","E"],"character_chosen":"IRONCLAD","items_purchased":["Impatience"],"campfire_rested":1,"item_purchase_floors":[19],"current_hp_per_floor":[78,80,62,68,68,23,23,10,10,3,27,27,53,53,53,28,67,61,61,37,31,13,13,17,17,17,0],"gold":0,"neow_bonus":"THREE_ENEMY_KILL","is_prod":false,"is_daily":false,"chose_seed":false,"campfire_upgraded":3,"win_rate":0,"timestamp":1555461693,"path_taken":["M","M","?","M","?","E","R","M","T","?","R","$","?","?","R","BOSS","M","$","M","M","M","R","E","$","T","E"],"build_version":"2019-01-23","purchased_purges":2,"victory":false,"max_hp_per_floor":[80,80,80,80,80,80,80,80,80,80,80,80,80,80,80,80,80,80,80,80,80,80,80,80,80,80,80],"card_choices":[{"not_picked":["Intimidate","Wild Strike"],"picked":"Thunderclap","floor":1},{"not_picked":["Clothesline","Sword Boomerang"],"picked":"Searing Blow","floor":2},{"not_picked":["Second Wind","Bludgeon"],"picked":"Warcry","floor":4},{"not_picked":["Heavy Blade","Havoc","Dual Wield"],"picked":"SKIP","floor":6},{"not_picked":["Rupture","Iron Wave"],"picked":"True Grit","floor":8},{"not_picked":["Reaper","Immolate"],"picked":"Barricade","floor":16},{"not_picked":["Headbutt","Iron Wave"],"picked":"Body Slam+1","floor":18},{"not_picked":["Anger","Fire Breathing","Clothesline+1"],"picked":"SKIP","floor":20},{"not_picked":["Body Slam","Clothesline","Wild Strike"],"picked":"SKIP","floor":21},{"not_picked":["Body Slam","Clothesline","Wild Strike"],"picked":"SKIP","floor":21},{"not_picked":["Burning Pact","Wild Strike"],"picked":"Shockwave","floor":22},{"not_picked":["Hemokinesis+1","Carnage+1"],"picked":"Iron Wave+1","floor":24}],"player_experience":497886,"relics_obtained":[{"floor":6,"key":"Ancient Tea Set"},{"floor":9,"key":"Whetstone"},{"floor":24,"key":"Lantern"},{"floor":26,"key":"Ice Cream"}],"event_choices":[{"damage_healed":0,"gold_gain":0,"player_choice":"Success","damage_taken":18,"relics_obtained":["Ornamental Fan"],"max_hp_gain":0,"max_hp_loss":0,"event_name":"Scrap Ooze","floor":3,"gold_loss":0},{"damage_healed":0,"gold_gain":0,"player_choice":"Ignored","damage_taken":0,"max_hp_gain":0,"max_hp_loss":0,"event_name":"Liars Game","floor":5,"gold_loss":0},{"cards_removed":["Strike_R"],"damage_healed":0,"gold_gain":0,"player_choice":"Card Removal","damage_taken":7,"max_hp_gain":0,"max_hp_loss":0,"event_name":"Golden Wing","floor":10,"gold_loss":0},{"damage_healed":26,"gold_gain":0,"player_choice":"Banana","damage_taken":0,"max_hp_gain":0,"max_hp_loss":0,"event_name":"Big Fish","floor":13,"gold_loss":0},{"damage_healed":0,"gold_gain":0,"player_choice":"Grow","damage_taken":0,"max_hp_gain":0,"max_hp_loss":0,"event_name":"Living Wall","floor":14,"gold_loss":0,"cards_upgraded":["Searing Blow"]}],"is_beta":false,"boss_relics":[{"not_picked":["White Beast Statue","Black Blood"],"picked":"Ectoplasm"}],"items_purged_floors":[12,19],"is_endless":false,"potions_floor_spawned":[1,4,16,18,24],"killed_by":"Book of Stabbing","ascension_level":8}