{"path_per_floor":["M","M","M","M","?","R","M","?","T","E","R","M","R","M","R","B",null,"M","?","$","M","M","R"],"character_chosen":"IRONCLAD","items_purchased":["War Paint","Warcry"],"gold_per_floor":[119,136,156,171,321,321,333,333,383,413,413,428,428,443,443,514,514,529,454,259,276,295,295,295],"floor_reached":24,"campfire_rested":2,"playtime":984,"current_hp_per_floor":[62,67,67,52,52,52,48,48,48,27,49,53,53,60,60,17,61,39,39,39,39,19,41,0],"items_purged":[],"gold":295,"score":394,"play_id":"b8394a58-9722-42f8-b430-76078920f72f","local_time":"20180423201854","is_prod":false,"is_daily":false,"chose_seed":false,"is_ascension_mode":true,"campfire_upgraded":3,"timestamp":1524529134,"path_taken":["M","M","M","M","?","R","M","?","T","E","R","M","R","?","R","BOSS","M","?","$","?","M","R","E"],"build_version":"2018-04-19","seed_source_timestamp":45718814101842,"purchased_purges":0,"victory":false,"master_deck":["Strike_R","Strike_R","Strike_R","Strike_R","Strike_R","Defend_R","Defend_R","Defend_R","Bash","AscendersBane","Headbutt","Battle Trance","Spot Weakness","Iron Wave+1","Heavy Blade+1","Perfected Strike+1","Warcry+1","Flex","Double Tap+1","Twin Strike","Warcry","Bloodletting","Flex"],"max_hp_per_floor":[75,75,75,75,75,75,75,75,75,75,75,75,75,75,75,75,75,75,75,75,75,75,75,75],"relics":["Black Blood","Orichalcum","Letter Opener","War Paint"],"card_choices":[{"not_picked":["Shrug It Off","Wild Strike"],"picked":"Headbutt","floor":1},{"not_picked":["Combust","Clash"],"picked":"Battle Trance","floor":2},{"not_picked":["Blood for Blood","Headbutt"],"picked":"Spot Weakness","floor":3},{"not_picked":["Shrug It Off","Armaments"],"picked":"Iron Wave","floor":4},{"not_picked":["True Grit","Feed"],"picked":"Heavy Blade","floor":7},{"not_picked":["Brutality","Havoc"],"picked":"Perfected Strike","floor":10},{"not_picked":["Heavy Blade","Clothesline"],"picked":"Warcry","floor":12},{"not_picked":["Sword Boomerang","Rupture"],"picked":"Flex","floor":14},{"not_picked":["Dark Embrace","Reaper"],"picked":"Double Tap","floor":16},{"not_picked":["Wild Strike","Pommel Strike"],"picked":"Twin Strike","floor":18},{"not_picked":["Burning Pact","Spot Weakness"],"picked":"Bloodletting","floor":21},{"not_picked":["Shrug It Off","Searing Blow"],"picked":"Flex","floor":22}],"player_experience":435195,"potions_floor_usage":[4,14,16,18,24],"damage_taken":[{"damage":12,"enemies":"2 Louse","floor":1,"turns":3},{"damage":1,"enemies":"Small Slimes","floor":2,"turns":4},{"damage":6,"enemies":"Cultist","floor":3,"turns":3},{"damage":21,"enemies":"Exordium Thugs","floor":4,"turns":4},{"damage":10,"enemies":"Looter","floor":7,"turns":3},{"damage":27,"enemies":"Lagavulin","floor":10,"turns":6},{"damage":2,"enemies":"Blue Slaver","floor":12,"turns":3},{"damage":8,"enemies":"Exordium Wildlife","floor":14,"turns":4},{"damage":49,"enemies":"The Guardian","floor":16,"turns":8},{"damage":44,"enemies":"3 Byrds","floor":18,"turns":6},{"damage":10,"enemies":"2 Thieves","floor":21,"turns":3},{"damage":30,"enemies":"3 Cultists","floor":22,"turns":5},{"damage":44,"enemies":"Slavers","floor":24,"turns":2}],"event_choices":[{"event_name":"Liars Game","player_choice":"agreed","floor":5,"damage_taken":0},{"event_name":"Living Wall","player_choice":"Forget","floor":8,"damage_taken":0},{"event_name":"Beggar","player_choice":"Gave Gold","floor":19,"damage_taken":0}],"boss_relics":[{"not_picked":["Runic Cube","Cursed Key"],"picked":"Black Blood"}],"potions_floor_spawned":[2,10,12,16,22],"seed_played":"947090356068405735","killed_by":"Slavers","ascension_level":15,"is_trial":false}