{"gold_per_floor":[118,131,131,96,111,111,145,145,145,145,162,5,5,20,20,118,118,133,145,145],"floor_reached":20,"playtime":634,"items_purged":["Strike_B"],"score":183,"play_id":"aa129732-aaa1-4441-9f28-ccfe322a44f2","local_time":"20180924114540","is_ascension_mode":true,"campfire_choices":[{"data":"Zap","floor":6,"key":"SMITH"},{"data":"Melter","floor":8,"key":"SMITH"},{"data":"Tempest","floor":10,"key":"SMITH"},{"data":"Fusion","floor":15,"key":"SMITH"}],"neow_cost":"PERCENT_DAMAGE","seed_source_timestamp":842377066725229,"circlet_count":0,"master_deck":["Strike_B","Strike_B","Defend_B","Defend_B","Defend_B","Defend_B","Zap+1","Dualcast","Reinforced Body","Ball Lightning","Melter+1","Tempest+1","Echo Form","Fusion+1","Seek","Turbo","Multi-Cast","Genetic Algorithm+1","Conserve Battery+1"],"relics":["Cracked Core","Incense Burner","Question Card","PreservedInsect","Meat on the Bone","Cursed Key"],"potions_floor_usage":[7,16],"damage_taken":[{"damage":3,"enemies":"Jaw Worm","floor":1,"turns":4},{"damage":0,"enemies":"Small Slimes","floor":2,"turns":4},{"damage":1,"enemies":"Cultist","floor":5,"turns":3},{"damage":5,"enemies":"3 Sentries","floor":7,"turns":5},{"damage":0,"enemies":"Blue Slaver","floor":11,"turns":3},{"damage":15,"enemies":"Exordium Thugs","floor":14,"turns":3},{"damage":17,"enemies":"Slime Boss","floor":16,"turns":6},{"damage":20,"enemies":"2 Thieves","floor":18,"turns":3},{"damage":17,"enemies":"3 Byrds","floor":19,"turns":4},{"damage":46,"enemies":"Cultist and Chosen","floor":20,"turns":4}],"seed_played":"628791705837712098","potions_obtained":[{"floor":5,"key":"PowerPotion"},{"floor":11,"key":"SteroidPotion"},{"floor":14,"key":"FocusPotion"},{"floor":16,"key":"FocusPotion"},{"floor":18,"key":"Swift Potion"}],"is_trial":false,"path_per_floor":["M","M","?","?","M","R","E","R","T","R","M","$","?","M","R","B",null,"M","M"],"character_chosen":"DEFECT","items_purchased":["Fusion"],"campfire_rested":0,"item_purchase_floors":[12],"current_hp_per_floor":[51,51,39,57,56,56,51,51,51,51,51,51,51,48,48,43,75,55,38,0],"gold":145,"neow_bonus":"ONE_RARE_RELIC","is_prod":false,"is_daily":false,"chose_seed":false,"campfire_upgraded":4,"win_rate":0,"timestamp":1537782340,"path_taken":["M","M","?","?","?","R","E","R","T","R","M","$","?","M","R","BOSS","M","?","M"],"build_version":"2018-09-20","purchased_purges":1,"victory":false,"max_hp_per_floor":[75,75,75,75,75,75,75,75,75,75,75,75,75,75,75,75,75,75,75,75],"card_choices":[{"not_picked":["Hologram","Leap"],"picked":"Reinforced Body","floor":1},{"not_picked":["Turbo","Barrage"],"picked":"Ball Lightning","floor":2},{"not_picked":["Stack","Heatsinks","Gash"],"picked":"Melter","floor":5},{"not_picked":["Scrape","Glacier","Sweeping Beam"],"picked":"Tempest","floor":7},{"not_picked":["Turbo","Go for the Eyes","Steam"],"picked":"Echo Form","floor":11},{"not_picked":["Stack","Reprogram","Skim"],"picked":"Turbo","floor":14},{"not_picked":["Buffer","Reboot","Amplify"],"picked":"Multi-Cast","floor":16},{"not_picked":["Streamline+1","Coolheaded+1","Cold Snap+1"],"picked":"Genetic Algorithm+1","floor":18},{"not_picked":["Fusion","Gash","Melter"],"picked":"Conserve Battery+1","floor":19}],"player_experience":129518,"relics_obtained":[{"floor":7,"key":"PreservedInsect"},{"floor":9,"key":"Meat on the Bone"}],"event_choices":[{"event_name":"Scrap Ooze","player_choice":"success","floor":3,"damage_taken":12},{"event_name":"The Cleric","player_choice":"Healed","floor":4,"damage_taken":0},{"event_name":"Transmorgrifier","player_choice":"Transform","floor":13,"damage_taken":0}],"is_beta":true,"boss_relics":[{"not_picked":["Velvet Choker","Empty Cage"],"picked":"Cursed Key"}],"items_purged_floors":[12],"is_endless":false,"potions_floor_spawned":[5,11,14,16,18],"killed_by":"Cultist and Chosen","ascension_level":1}