{"gold_per_floor":[364,55,66,82,101,130,130,130,205,219,219,219,238,272,272,348,348,362,362,412,26,30,30,46,62,62,62,130,130,30,50,50,50],"floor_reached":33,"playtime":1354,"items_purged":["Strike_B","Strike_B"],"score":514,"play_id":"f0c5d568-36a6-4815-95f6-90c41b8f48f8","local_time":"20190502192057","is_ascension_mode":true,"campfire_choices":[{"data":"Sunder","floor":8.0,"key":"SMITH"},{"data":"Zap","floor":11.0,"key":"SMITH"},{"data":"Dualcast","floor":15.0,"key":"SMITH"},{"floor":23.0,"key":"REST"},{"data":"Heatsinks","floor":29.0,"key":"SMITH"},{"floor":32.0,"key":"REST"}],"neow_cost":"TEN_PERCENT_HP_LOSS","seed_source_timestamp":675593814145790,"circlet_count":0,"master_deck":["AscendersBane","Strike_B","Defend_B","Defend_B","Defend_B","Defend_B","Zap+1","Dualcast+1","Sunder+1","Coolheaded","Skim","Heatsinks+1","Panacea","Coolheaded","Glacier","Genetic Algorithm","Buffer","Steam","Capacitor","Tempest","Thunder Strike","Cold Snap+1","Skim","Conserve Battery","BootSequence","Darkness+1","Darkness"],"special_seed":0,"relics":["Cracked Core","Ginger","Pear","Potion Belt","Black Star","Mummified Hand","Sundial","Shuriken"],"potions_floor_usage":[],"damage_taken":[{"damage":0.0,"enemies":"2 Louse","floor":1.0,"turns":3.0},{"damage":6.0,"enemies":"Cultist","floor":3.0,"turns":4.0},{"damage":5.0,"enemies":"Jaw Worm","floor":4.0,"turns":4.0},{"damage":14.0,"enemies":"Large Slime","floor":5.0,"turns":9.0},{"damage":40.0,"enemies":"Gremlin Nob","floor":6.0,"turns":5.0},{"damage":12.0,"enemies":"Blue Slaver","floor":10.0,"turns":3.0},{"damage":0.0,"enemies":"2 Fungi Beasts","floor":13.0,"turns":4.0},{"damage":6.0,"enemies":"3 Sentries","floor":14.0,"turns":12.0},{"damage":1.0,"enemies":"The Guardian","floor":16.0,"turns":17.0},{"damage":10.0,"enemies":"Shell Parasite","floor":18.0,"turns":12.0},{"damage":31.0,"enemies":"2 Thieves","floor":22.0,"turns":5.0},{"damage":4.0,"enemies":"Snake Plant","floor":24.0,"turns":5.0},{"damage":3.0,"enemies":"Shelled Parasite and Fungi","floor":25.0,"turns":10.0},{"damage":7.0,"enemies":"Centurion and Healer","floor":31.0,"turns":10.0},{"damage":30,"enemies":"Collector","floor":33,"turns":8}],"seed_played":"-8077236926654468343","potions_obtained":[{"floor":1.0,"key":"Regen Potion"},{"floor":10.0,"key":"SpeedPotion"},{"floor":14.0,"key":"SkillPotion"},{"floor":18.0,"key":"Ancient Potion"},{"floor":25.0,"key":"Strength Potion"},{"floor":31.0,"key":"SteroidPotion"}],"is_trial":false,"path_per_floor":["M","$","M","M","M","E","?","R","T","M","R","?","M","E","R","B",null,"M","?","?","$","M","R","M","M","T","$","T","R","$","M","R","B"],"character_chosen":"DEFECT","items_purchased":["Coolheaded","Skim","Heatsinks","Panacea","Mummified Hand","Skim"],"campfire_rested":2,"item_purchase_floors":[2,2,2,2,21,21],"current_hp_per_floor":[64,64,58,53,39,13,13,13,23,11,11,11,11,5,5,4,57,47,47,40,40,9,31,27,24,24,24,24,24,24,17,39,9],"gold":50,"neow_bonus":"TWO_FIFTY_GOLD","is_prod":false,"is_daily":false,"chose_seed":false,"campfire_upgraded":4,"win_rate":0,"timestamp":1556796057,"path_taken":["M","$","M","M","M","E","?","R","T","M","R","?","M","E","R","BOSS","M","?","?","$","?","R","M","M","T","$","?","R","$","M","R","BOSS"],"build_version":"2019-01-23","purchased_purges":2,"victory":false,"max_hp_per_floor":[64,64,64,64,64,64,64,64,74,74,74,74,74,74,74,74,74,74,74,74,74,74,74,74,74,74,74,74,74,74,74,74,74],"card_choices":[{"not_picked":["Turbo","Beam Cell"],"picked":"Sunder","floor":1.0},{"not_picked":["Sweeping Beam","Streamline"],"picked":"Coolheaded","floor":3.0},{"not_picked":["Doom and Gloom","Go for the Eyes"],"picked":"Glacier","floor":4.0},{"not_picked":["Redo","Consume"],"picked":"Genetic Algorithm","floor":5.0},{"not_picked":["Barrage","Coolheaded"],"picked":"Buffer","floor":6.0},{"not_picked":["Hello World","Redo"],"picked":"Steam","floor":10.0},{"not_picked":["Force Field","Redo"],"picked":"Capacitor","floor":13.0},{"not_picked":["Leap","Redo"],"picked":"Tempest","floor":14.0},{"not_picked":["Core Surge","Creative AI"],"picked":"Thunder Strike","floor":16.0},{"not_picked":["Steam Power","Barrage"],"picked":"Cold Snap+1","floor":18.0},{"not_picked":["FTL","Static Discharge"],"picked":"Conserve Battery","floor":22.0},{"not_picked":["Compile Driver","Gash"],"picked":"BootSequence","floor":24.0},{"not_picked":["Undo","Beam Cell"],"picked":"Darkness+1","floor":25.0},{"not_picked":["Static Discharge","Rebound"],"picked":"Darkness","floor":31.0}],"player_experience":1531801,"relics_obtained":[{"floor":6.0,"key":"Ginger"},{"floor":9.0,"key":"Pear"},{"floor":14.0,"key":"Potion Belt"},{"floor":26.0,"key":"Sundial"},{"floor":28.0,"key":"Shuriken"}],"event_choices":[{"damage_healed":0.0,"max_hp_gain":0.0,"max_hp_loss":0.0,"gold_gain":0.0,"event_name":"Liars Game","player_choice":"Ignored","floor":7.0,"gold_loss":0.0,"damage_taken":0.0},{"cards_removed":["Strike_B"],"damage_healed":0.0,"max_hp_gain":0.0,"max_hp_loss":0.0,"gold_gain":0.0,"event_name":"Living Wall","player_choice":"Forget","floor":12.0,"gold_loss":0.0,"damage_taken":0.0},{"damage_healed":0.0,"max_hp_gain":0.0,"max_hp_loss":0.0,"gold_gain":0.0,"event_name":"Vampires","player_choice":"Ignored","floor":19.0,"gold_loss":0.0,"damage_taken":0.0},{"damage_healed":0.0,"max_hp_gain":0.0,"max_hp_loss":0.0,"gold_gain":50.0,"event_name":"FaceTrader","player_choice":"Touch","floor":20.0,"gold_loss":0.0,"damage_taken":7.0}],"is_beta":false,"boss_relics":[{"not_picked":["Ectoplasm","FrozenCore"],"picked":"Black Star"}],"items_purged_floors":[21,30],"is_endless":false,"potions_floor_spawned":[1,10,14,18,25,31],"killed_by":"Collector","ascension_level":20}