{"gold_per_floor":[109,109,109,125,200,200,230,230,257,284,284,295,145,145,145,240,240,250,250,16,16,16,41,41,72,72,82,82,92,121,137,137,239,239,257,274,34,309,409,439,439,449,449,483,483,3,3,3,3,3,3,3,3,31,31],"floor_reached":55,"playtime":2819,"items_purged":["Regret","Regret"],"score":978,"play_id":"79acb998-36b8-443e-b2fd-98fb81ad36c7","local_time":"20190402012324","is_ascension_mode":true,"campfire_choices":[{"data":"Rip and Tear","floor":6,"key":"SMITH"},{"data":"Zap","floor":8,"key":"SMITH"},{"data":"Self Repair","floor":11,"key":"SMITH"},{"floor":15,"key":"REST"},{"data":"Genetic Algorithm","floor":24,"key":"SMITH"},{"floor":28,"key":"REST"},{"floor":32,"key":"REST"},{"data":"Chaos","floor":41,"key":"SMITH"},{"floor":47,"key":"DIG"},{"floor":49,"key":"RECALL"},{"floor":52,"key":"DIG"}],"neow_cost":"NONE","seed_source_timestamp":1699218953964496,"circlet_count":0,"master_deck":["Strike_B+1","Strike_B+1","Defend_B+1","Defend_B","Defend_B+1","Zap+1","Dualcast","Self Repair+1","Rip and Tear+1","Conserve Battery","Heatsinks+1","Loop+1","Electrodynamics+1","Creative AI+1","Defragment+1","Capacitor+1","Genetic Algorithm+1","Zap","Turbo","Turbo","Doom and Gloom+1","Injury","White Noise","Leap+1","Stack","Chaos+1","Biased Cognition+1","Genetic Algorithm+1","Static Discharge+1","Defragment+1","BootSequence+1","Conserve Battery+1","Defragment+1","Beam Cell+1","Clumsy","Hologram+1","Madness","Panache+1","Finesse","Turbo","Chaos+1"],"relics":["Cracked Core","NeowsBlessing","Cables","Dead Branch","Vajra","Ancient Tea Set","Frozen Egg 2","Cursed Key","DataDisk","The Courier","Whetstone","PreservedInsect","Potion Belt","Astrolabe","War Paint","Juzu Bracelet","Shovel","Pantograph","Pear","Thread and Needle","Art of War","Nunchaku","Dodecahedron","Strawberry"],"potions_floor_usage":[16,16,25,27,40,54,54,55],"damage_taken":[{"damage":0,"enemies":"2 Louse","floor":1,"turns":1},{"damage":0,"enemies":"Jaw Worm","floor":4,"turns":1},{"damage":0,"enemies":"3 Sentries","floor":7,"turns":1},{"damage":19,"enemies":"Lagavulin","floor":10,"turns":5},{"damage":6,"enemies":"Small Slimes","floor":12,"turns":3},{"damage":38,"enemies":"Hexaghost","floor":16,"turns":7},{"damage":11,"enemies":"Spheric Guardian","floor":18,"turns":3},{"damage":10,"enemies":"Gremlin Leader","floor":23,"turns":4},{"damage":47,"enemies":"Book of Stabbing","floor":25,"turns":4},{"damage":26,"enemies":"2 Thieves","floor":27,"turns":3},{"damage":0,"enemies":"Snake Plant","floor":29,"turns":3},{"damage":24,"enemies":"Gremlin Leader","floor":30,"turns":6},{"damage":7,"enemies":"Cultist and Chosen","floor":31,"turns":4},{"damage":17,"enemies":"Automaton","floor":33,"turns":7},{"damage":10,"enemies":"Orb Walker","floor":35,"turns":3},{"damage":1,"enemies":"3 Darklings","floor":36,"turns":3},{"damage":0,"enemies":"Mind Bloom Boss Battle","floor":39,"turns":3},{"damage":6,"enemies":"Giant Head","floor":40,"turns":5},{"damage":6,"enemies":"4 Shapes","floor":42,"turns":2},{"damage":0,"enemies":"Reptomancer","floor":44,"turns":3},{"damage":38,"enemies":"Donu and Deca","floor":50,"turns":5},{"damage":49,"enemies":"Shield and Spear","floor":54,"turns":4},{"damage":101,"enemies":"The Heart","floor":55,"turns":8}],"seed_played":"8159093066195522522","potions_obtained":[{"floor":1,"key":"Poison Potion"},{"floor":4,"key":"Regen Potion"},{"floor":23,"key":"Swift Potion"},{"floor":25,"key":"AttackPotion"},{"floor":27,"key":"FearPotion"},{"floor":35,"key":"PowerPotion"},{"floor":39,"key":"Fire Potion"},{"floor":42,"key":"Poison Potion"}],"is_trial":false,"path_per_floor":["M","?","?","M","?","R","E","R","T","E","R","M","$","?","R","B",null,"M","?","$","$","?","E","R","E","T","M","R","M","E","M","R","B",null,"M","M","$","?","?","E","R","M","T","E","?","$","R","?","R","B",null,"R","$","E","B"],"character_chosen":"DEFECT","items_purchased":["Electrodynamics+1","DataDisk","Capacitor+1","War Paint","Juzu Bracelet","Thread and Needle","Art of War","Turbo"],"campfire_rested":3,"item_purchase_floors":[13,20,20,37,37,46,46,46],"current_hp_per_floor":[75,75,57,57,46,46,53,53,53,41,41,45,45,45,67,53,75,74,74,74,74,74,74,74,37,37,21,43,43,29,32,54,47,75,75,74,74,74,75,75,75,75,75,85,75,75,75,75,75,57,85,85,85,53,0],"gold":31,"neow_bonus":"THREE_ENEMY_KILL","is_prod":false,"is_daily":false,"chose_seed":false,"campfire_upgraded":5,"win_rate":0,"timestamp":1554193404,"path_taken":["M","?","?","?","?","R","E","R","T","E","R","M","$","?","R","BOSS","M","?","?","$","?","E","R","E","T","M","R","M","E","M","R","BOSS","M","M","$","?","?","E","R","M","T","E","?","$","R","?","R","BOSS","R","$","E","BOSS"],"build_version":"2019-01-23","purchased_purges":2,"victory":false,"max_hp_per_floor":[75,75,75,75,75,75,75,75,75,75,75,75,75,75,75,75,75,75,75,75,75,75,75,75,75,75,75,75,75,75,75,75,75,75,75,75,75,75,75,75,75,75,75,85,85,85,85,85,85,85,85,85,85,92,92],"card_choices":[{"not_picked":["Go for the Eyes","Steam Power"],"picked":"Self Repair","floor":1},{"not_picked":["Conserve Battery","Gash"],"picked":"Rip and Tear","floor":4},{"not_picked":["Meteor Strike","Cold Snap"],"picked":"Conserve Battery","floor":7},{"not_picked":["Cold Snap","Fusion"],"picked":"Heatsinks","floor":10},{"not_picked":["Self Repair+1","FTL"],"picked":"Loop+1","floor":12},{"not_picked":["Amplify","Machine Learning+1"],"picked":"Creative AI+1","floor":16},{"not_picked":["Aggregate","FTL"],"picked":"Defragment+1","floor":18},{"not_picked":["Hologram","Leap"],"picked":"Turbo","floor":23},{"not_picked":["Turbo+1","Barrage"],"picked":"Doom and Gloom+1","floor":25},{"not_picked":["Coolheaded+1","Doom and Gloom"],"picked":"White Noise","floor":27},{"not_picked":["Loop+1","Conserve Battery"],"picked":"Leap+1","floor":29},{"not_picked":["Steam","Cold Snap"],"picked":"Stack","floor":30},{"not_picked":["Loop+1","Capacitor+1"],"picked":"Chaos","floor":31},{"not_picked":["Core Surge","Meteor Strike"],"picked":"Biased Cognition+1","floor":33},{"not_picked":["Ball Lightning+1","Streamline"],"picked":"BootSequence+1","floor":35},{"not_picked":["Beam Cell+1","Streamline+1"],"picked":"Conserve Battery+1","floor":36},{"not_picked":["Cold Snap+1","Stack"],"picked":"Defragment+1","floor":39},{"not_picked":["Creative AI+1","Coolheaded"],"picked":"Beam Cell+1","floor":40},{"not_picked":["Redo","Cold Snap","Go for the Eyes"],"picked":"SKIP","floor":42},{"not_picked":["Rip and Tear","Ball Lightning"],"picked":"Hologram+1","floor":44},{"not_picked":["PanicButton","Master of Strategy"],"picked":"Madness","floor":45},{"not_picked":["HandOfGreed","Transmutation"],"picked":"Panache+1","floor":45},{"not_picked":["The Bomb","Flash of Steel"],"picked":"Finesse","floor":45},{"not_picked":["Reinforced Body+1","Glacier+1"],"picked":"Chaos+1","floor":54}],"player_experience":452467,"relics_obtained":[{"floor":7,"key":"Vajra"},{"floor":9,"key":"Ancient Tea Set"},{"floor":10,"key":"Frozen Egg 2"},{"floor":23,"key":"The Courier"},{"floor":25,"key":"Whetstone"},{"floor":26,"key":"PreservedInsect"},{"floor":30,"key":"Potion Belt"},{"floor":39,"key":"Shovel"},{"floor":40,"key":"Pantograph"},{"floor":44,"key":"Pear"},{"floor":47,"key":"Nunchaku"},{"floor":52,"key":"Dodecahedron"},{"floor":54,"key":"Strawberry"}],"event_choices":[{"damage_healed":0,"gold_gain":0,"player_choice":"Box","damage_taken":0,"relics_obtained":["Cables"],"max_hp_gain":0,"max_hp_loss":0,"event_name":"Big Fish","floor":2,"gold_loss":0,"cards_obtained":["Regret"]},{"damage_healed":0,"gold_gain":0,"player_choice":"Success","damage_taken":18,"relics_obtained":["Dead Branch"],"max_hp_gain":0,"max_hp_loss":0,"event_name":"Scrap Ooze","floor":3,"gold_loss":0},{"damage_healed":0,"gold_gain":75,"player_choice":"Gather Gold","damage_taken":11,"max_hp_gain":0,"max_hp_loss":0,"event_name":"World of Goop","floor":5,"gold_loss":0},{"damage_healed":0,"gold_gain":0,"player_choice":"Ignored","damage_taken":0,"max_hp_gain":0,"max_hp_loss":0,"event_name":"Golden Wing","floor":14,"gold_loss":0},{"damage_healed":0,"gold_gain":0,"player_choice":"Bought 0 Potions","damage_taken":0,"max_hp_gain":0,"max_hp_loss":0,"event_name":"The Woman in Blue","floor":19,"gold_loss":0},{"damage_healed":0,"gold_gain":0,"player_choice":"3 cards matched","damage_taken":0,"max_hp_gain":0,"max_hp_loss":0,"event_name":"Match and Keep!","floor":22,"gold_loss":0,"cards_obtained":["Genetic Algorithm","Zap","Turbo"]},{"damage_healed":0,"gold_gain":275,"player_choice":"Desecrate","damage_taken":0,"max_hp_gain":0,"max_hp_loss":0,"event_name":"Golden Shrine","floor":38,"gold_loss":0,"cards_obtained":["Regret"]},{"damage_healed":0,"gold_gain":0,"player_choice":"Fight","damage_taken":0,"max_hp_gain":0,"max_hp_loss":0,"event_name":"MindBloom","floor":39,"gold_loss":0},{"damage_healed":0,"gold_gain":0,"player_choice":"Memory 3","damage_taken":10,"max_hp_gain":0,"max_hp_loss":0,"event_name":"SensoryStone","floor":45,"gold_loss":0},{"damage_healed":0,"gold_gain":0,"player_choice":"Ignored","damage_taken":0,"max_hp_gain":0,"max_hp_loss":0,"event_name":"SecretPortal","floor":48,"gold_loss":0}],"is_beta":false,"boss_relics":[{"not_picked":["Velvet Choker","Orrery"],"picked":"Cursed Key"},{"not_picked":["Lizard Tail","Runic Dome"],"picked":"Astrolabe"}],"items_purged_floors":[13,46],"is_endless":false,"potions_floor_spawned":[1,4,23,25,27,35,39,42],"killed_by":"The Heart","ascension_level":3}