{"gold_per_floor":[10,185,40,58,76,76,88,101,101,51,68,82,82,94,94,190,190,209,134,44,44,60,80,80,90,120,120],"floor_reached":27,"playtime":1556,"items_purged":[],"score":293,"play_id":"c8d356ec-a71e-49cb-bc1d-f0c1b16a7cf4","local_time":"20180827041847","is_ascension_mode":true,"campfire_choices":[{"data":"Defragment","floor":6,"key":"SMITH"},{"floor":13,"key":"REST"},{"floor":15,"key":"REST"}],"neow_cost":"NO_GOLD","seed_source_timestamp":272454271043767,"circlet_count":0,"master_deck":["Strike_B+1","Defend_B+1","Defend_B","Zap","Dualcast+1","Defragment+1","Storm","Force Field","Multi-Cast","FTL+1","Force Field","Pain"],"relics":["Cracked Core","War Paint","Cables","Cursed Key","Tiny Chest"],"potions_floor_usage":[14,27,27,27],"damage_taken":[{"damage":7,"enemies":"Small Slimes","floor":1,"turns":4},{"damage":1,"enemies":"2 Louse","floor":4,"turns":4},{"damage":7,"enemies":"Jaw Worm","floor":5,"turns":4},{"damage":1,"enemies":"Red Slaver","floor":7,"turns":4},{"damage":8,"enemies":"Blue Slaver","floor":8,"turns":3},{"damage":6,"enemies":"Looter","floor":11,"turns":3},{"damage":4,"enemies":"3 Louse","floor":12,"turns":3},{"damage":8,"enemies":"Large Slime","floor":14,"turns":5},{"damage":39,"enemies":"The Guardian","floor":16,"turns":10},{"damage":7,"enemies":"Spheric Guardian","floor":18,"turns":4},{"damage":4,"enemies":"Chosen","floor":22,"turns":3},{"damage":18,"enemies":"Snake Plant","floor":23,"turns":3},{"damage":19,"enemies":"Centurion and Healer","floor":25,"turns":6},{"damage":24,"enemies":"Chosen and Byrds","floor":27,"turns":4}],"seed_played":"-9212846393789273570","potions_obtained":[{"floor":1,"key":"Fire Potion"},{"floor":5,"key":"Explosive Potion"},{"floor":8,"key":"FearPotion"},{"floor":16,"key":"AttackPotion"},{"floor":18,"key":"Energy Potion"}],"is_trial":false,"path_per_floor":["M","?","$","M","M","R","M","M","T","?","M","M","R","M","R","B",null,"M","?","?","$","M","M","?","M","T"],"character_chosen":"DEFECT","items_purchased":["War Paint"],"campfire_rested":2,"item_purchase_floors":[3],"current_hp_per_floor":[61,61,61,60,53,53,52,44,44,44,38,34,56,48,70,31,64,57,57,57,57,53,35,35,16,16,0],"gold":120,"neow_bonus":"REMOVE_TWO","is_prod":false,"is_daily":false,"chose_seed":false,"campfire_upgraded":1,"win_rate":0,"timestamp":1535336327,"path_taken":["M","?","$","M","M","R","M","?","T","?","M","M","R","M","R","BOSS","M","?","?","?","M","?","?","M","T","M"],"build_version":"2018-08-23v2","purchased_purges":0,"victory":false,"max_hp_per_floor":[75,75,75,75,75,75,75,75,75,75,75,75,75,75,75,75,75,75,75,75,75,75,75,75,75,75,75],"card_choices":[{"not_picked":["Rip and Tear","Sweeping Beam"],"picked":"Defragment","floor":1},{"not_picked":["Ball Lightning","Steam"],"picked":"Storm","floor":4},{"not_picked":["Auto Shields","Conserve Battery"],"picked":"Force Field","floor":5},{"not_picked":["Redo","Double Energy","White Noise"],"picked":"SKIP","floor":7},{"not_picked":["Coolheaded","Redo","Barrage"],"picked":"SKIP","floor":8},{"not_picked":["Darkness","Compile Driver","Gash"],"picked":"SKIP","floor":11},{"not_picked":["Core Surge","Gash","Conserve Battery"],"picked":"SKIP","floor":12},{"not_picked":["Barrage","Hologram","Conserve Battery"],"picked":"SKIP","floor":14},{"not_picked":["Hyperbeam","Thunder Strike"],"picked":"Multi-Cast","floor":16},{"not_picked":["Beam Cell+1","Hello World","Conserve Battery"],"picked":"SKIP","floor":18},{"not_picked":["Streamline","Steam"],"picked":"FTL+1","floor":22},{"not_picked":["Compile Driver","Go for the Eyes","Conserve Battery+1"],"picked":"SKIP","floor":23},{"not_picked":["Turbo","Rainbow"],"picked":"Force Field","floor":25}],"player_experience":535472,"relics_obtained":[{"floor":9,"key":"Cables"},{"floor":26,"key":"Tiny Chest"}],"event_choices":[{"event_name":"Liars Game","player_choice":"agreed","floor":2,"damage_taken":0},{"event_name":"The Cleric","player_choice":"Card Removal","floor":10,"damage_taken":0},{"event_name":"Beggar","player_choice":"Gave Gold","floor":19,"damage_taken":0},{"event_name":"Designer","player_choice":"Full Service","floor":20,"damage_taken":0},{"event_name":"Bonfire Elementals","player_choice":"BASIC","floor":24,"damage_taken":0}],"is_beta":false,"boss_relics":[{"not_picked":["Fusion Hammer","Empty Cage"],"picked":"Cursed Key"}],"items_purged_floors":[],"is_endless":false,"potions_floor_spawned":[1,5,8,11,16,18,22],"killed_by":"Chosen and Byrds","ascension_level":8}