{"path_per_floor":["M","M","?","$","?","R","M","E","T","M","?","?","M","M","R","B",null,"M","M","$","M","?","M","E","$","T","?","R","E","M","M","R","B",null,"M","$","?","M","M","E","R","M","T","R","M","M","?","M","R","B"],"character_chosen":"DEFECT","items_purchased":["Dark Shackles","Auto Shields","All For One","Chaos"],"gold_per_floor":[113,123,123,48,123,123,135,167,236,256,256,256,276,292,292,395,395,411,423,67,79,79,96,125,0,49,49,49,82,101,121,121,223,223,233,7,7,26,42,69,69,80,153,153,169,185,185,201,201,201],"floor_reached":51,"campfire_rested":5,"playtime":3692,"current_hp_per_floor":[74,68,68,68,57,57,55,47,47,30,55,37,37,23,60,42,75,75,54,54,54,54,33,16,16,16,16,53,53,57,45,75,60,75,75,75,66,40,37,44,75,64,70,70,71,58,58,46,81,47],"items_purged":["Defend_B","Defend_B","Normality","Strike_B"],"gold":201,"score":698,"play_id":"0ca32127-7801-4443-b48c-f8a648691358","local_time":"20180428122049","is_prod":false,"is_daily":false,"chose_seed":false,"is_ascension_mode":false,"campfire_upgraded":2,"timestamp":1524932449,"path_taken":["M","M","?","$","?","R","M","E","T","?","?","?","M","?","R","BOSS","M","M","$","M","?","M","E","$","T","?","R","E","M","M","R","BOSS","M","$","?","?","M","E","R","M","T","R","M","M","?","?","R","BOSS"],"build_version":"2018-04-27v3","seed_source_timestamp":0,"purchased_purges":4,"victory":true,"master_deck":["Strike_B","Defend_B","Defend_B","Zap","Dualcast","Beam Cell+1","Darkness","Undo","Capacitor","Genetic Algorithm+1","Chaos+1","Rainbow+1","FTL+1","Dark Shackles+1","Auto Shields+1","All For One","Steam Power+1","Hologram+1","Self Repair","Prime+1","Glacier+1","FTL+1","Fission+1","Chaos+1","Madness+1","Madness+1","Defragment+1","Rebound+1","Pain"],"max_hp_per_floor":[75,75,75,75,75,75,75,75,75,75,75,75,75,75,75,75,75,75,75,75,75,75,75,75,75,75,75,75,75,75,75,75,75,75,75,75,75,75,75,75,75,75,81,81,81,81,81,81,81,81],"relics":["Lizard Tail","Pen Nib","Toxic Egg 2","Regal Pillow","Nuclear Battery","Vajra","Centennial Puzzle","Ancient Tea Set","Darkstone Periapt","Cursed Key","Gambling Chip","Shuriken"],"card_choices":[{"not_picked":["Sunder","Impulse"],"picked":"Beam Cell","floor":1.0},{"not_picked":["Beam Cell","Stack"],"picked":"Darkness","floor":2.0},{"not_picked":["Barrage","Blaster"],"picked":"Undo","floor":7.0},{"not_picked":["Chaos","Seek"],"picked":"Capacitor","floor":8.0},{"not_picked":["Coolheaded","Static Discharge"],"picked":"Genetic Algorithm","floor":10.0},{"not_picked":["Barrage","Stack"],"picked":"Chaos","floor":13.0},{"not_picked":["Reboot","Fusion"],"picked":"Rainbow","floor":16.0},{"not_picked":["Go for the Eyes","Barrage"],"picked":"FTL","floor":19.0},{"not_picked":["Axe Kick","Biased Cognition"],"picked":"Steam Power","floor":21.0},{"not_picked":["Impulse","Ball Lightning"],"picked":"Hologram","floor":23.0},{"not_picked":["Ball Lightning","Loop"],"picked":"Self Repair","floor":24},{"not_picked":["Barrage","Streamline"],"picked":"Prime","floor":29},{"not_picked":["Cold Snap","Conserve Battery"],"picked":"Glacier","floor":30},{"not_picked":["Hologram","Reprogram"],"picked":"FTL","floor":31},{"not_picked":["Multi-Cast","Meteor Strike"],"picked":"Fission","floor":33},{"not_picked":["Ball Lightning","Axe Kick"],"picked":"Defragment","floor":38},{"not_picked":["Leap","Ball Lightning"],"picked":"Rebound","floor":39}],"player_experience":17379,"potions_floor_usage":[24,29,29,35,40,50,50,50],"damage_taken":[{"damage":1.0,"enemies":"Jaw Worm","floor":1.0,"turns":5.0},{"damage":6.0,"enemies":"Cultist","floor":2.0,"turns":3.0},{"damage":2.0,"enemies":"2 Louse","floor":7.0,"turns":3.0},{"damage":11.0,"enemies":"Lagavulin","floor":8.0,"turns":7.0},{"damage":32.0,"enemies":"Exordium Thugs","floor":10.0,"turns":5.0},{"damage":0.0,"enemies":"Large Slime","floor":13.0,"turns":6.0},{"damage":14.0,"enemies":"2 Fungi Beasts","floor":14.0,"turns":4.0},{"damage":18.0,"enemies":"Slime Boss","floor":16.0,"turns":9.0},{"damage":0.0,"enemies":"Chosen","floor":18.0,"turns":4.0},{"damage":21.0,"enemies":"Spheric Guardian","floor":19.0,"turns":6.0},{"damage":0.0,"enemies":"Centurion and Healer","floor":21.0,"turns":6.0},{"damage":21.0,"enemies":"3 Cultists","floor":23.0,"turns":5.0},{"damage":17,"enemies":"Book of Stabbing","floor":24,"turns":7},{"damage":22,"enemies":"Slavers","floor":29,"turns":6},{"damage":3,"enemies":"Snecko","floor":30,"turns":5},{"damage":19,"enemies":"Slaver and Parasite","floor":31,"turns":6},{"damage":22,"enemies":"Champ","floor":33,"turns":10},{"damage":0,"enemies":"Flame Bruiser 1 Orb","floor":35,"turns":6},{"damage":26,"enemies":"3 Darklings","floor":38,"turns":4},{"damage":10,"enemies":"Flame Bruiser 2 Orb","floor":39,"turns":6},{"damage":0,"enemies":"Giant Head","floor":40,"turns":6},{"damage":18,"enemies":"Spire Growth","floor":42,"turns":5},{"damage":6,"enemies":"Sphere and 2 Shapes","floor":45,"turns":4},{"damage":20,"enemies":"4 Shapes","floor":46,"turns":4},{"damage":19,"enemies":"Flame Bruiser 2 Orb","floor":48,"turns":4},{"damage":108,"enemies":"Time Eater","floor":50,"turns":9}],"event_choices":[{"event_name":"Purifier","player_choice":"One Purge","floor":3.0,"damage_taken":0.0},{"event_name":"World of Goop","player_choice":"Gather Gold","floor":5.0,"damage_taken":0.0},{"event_name":"Big Fish","player_choice":"Banana","floor":11.0,"damage_taken":0.0},{"event_name":"Scrap Ooze","player_choice":"success","floor":12.0,"damage_taken":18.0},{"event_name":"Accursed Blacksmith","player_choice":"Rummage","floor":22.0,"damage_taken":0.0},{"event_name":"Purifier","player_choice":"One Purge","floor":27,"damage_taken":0},{"event_name":"Winding Halls","player_choice":"Embrace Madness","floor":37,"damage_taken":0},{"event_name":"Mysterious Sphere","player_choice":"Ignore","floor":47,"damage_taken":0}],"boss_relics":[{"not_picked":["Philosopher\u0027s Stone","Orrery"],"picked":"Cursed Key"}],"potions_floor_spawned":[1,7,14,16,19,24,31,33,38,39,42],"seed_played":"-7125975051695491531","ascension_level":0,"is_trial":false}