{"path_per_floor":["M","M","M","M","$","R","?","R","T","E","M","M","M","M","R","B",null,"M","$","M","$","M","E","M","?","T","R","M"],"character_chosen":"DEFECT","items_purchased":["DataDisk","Bandage Up","Consume"],"gold_per_floor":[14,28,42,56,56,56,119,119,119,152,166,176,195,209,209,304,304,316,73,83,14,30,57,67,0,0,0,13,13],"floor_reached":29,"campfire_rested":1,"playtime":1268,"current_hp_per_floor":[72,75,67,73,73,73,73,73,73,46,39,41,43,43,43,15,75,68,68,65,65,68,52,27,27,34,58,30,0],"items_purged":[],"gold":13,"score":251,"play_id":"022e74ed-3b73-4ecb-a04e-d9f09e3bed7a","local_time":"20180504071257","is_prod":false,"is_daily":false,"chose_seed":false,"is_ascension_mode":false,"campfire_upgraded":3,"timestamp":1525432377,"path_taken":["M","M","M","M","$","R","?","R","T","E","M","M","?","M","R","BOSS","M","$","M","$","M","E","M","?","T","R","?","M"],"build_version":"2018-05-03","seed_source_timestamp":0,"purchased_purges":0,"victory":false,"master_deck":["Strike_B","Strike_B","Strike_B","Strike_B","Defend_B","Defend_B","Defend_B","Defend_B","Zap","Dualcast","Self Repair","Prime+1","Sunder+1","Coolheaded","Beam Cell","Capacitor","Static Discharge+1","Machine Learning","Bandage Up","Sweeping Beam","Consume","White Noise","Stack+1"],"max_hp_per_floor":[75,75,75,75,75,75,75,75,75,75,75,75,75,75,75,75,75,75,75,75,75,75,75,75,75,82,82,82,82],"relics":["Cracked Core","Bird Faced Urn","Vajra","Centennial Puzzle","Nuclear Battery","DataDisk","Pen Nib","Strawberry"],"card_choices":[{"not_picked":["Barrage","Sweeping Beam"],"picked":"Self Repair","floor":1.0},{"not_picked":["Sweeping Beam","Go for the Eyes"],"picked":"Prime","floor":2.0},{"not_picked":["Sweeping Beam","Stack"],"picked":"Sunder","floor":3},{"not_picked":["Storm","Rebound"],"picked":"Coolheaded","floor":10},{"not_picked":["Capacitor","Conserve Battery"],"picked":"Beam Cell","floor":11},{"not_picked":["Melter","Stack"],"picked":"Capacitor","floor":13},{"not_picked":["Barrage","Impulse"],"picked":"Static Discharge","floor":14},{"not_picked":["Amplify","Prime"],"picked":"Machine Learning","floor":16},{"not_picked":["Stack","Loop"],"picked":"Sweeping Beam","floor":20},{"not_picked":["Beam Cell","Steam Power"],"picked":"White Noise","floor":24},{"not_picked":["Cold Snap","Aggregate"],"picked":"Stack","floor":28}],"player_experience":39828,"potions_floor_usage":[13,22,22,23,28],"damage_taken":[{"damage":3.0,"enemies":"Jaw Worm","floor":1.0,"turns":3.0},{"damage":0.0,"enemies":"2 Louse","floor":2.0,"turns":3.0},{"damage":15.0,"enemies":"Cultist","floor":3.0,"turns":4.0},{"damage":5,"enemies":"Red Slaver","floor":4,"turns":5},{"damage":36,"enemies":"Lagavulin","floor":10,"turns":5},{"damage":9,"enemies":"Exordium Thugs","floor":11,"turns":3},{"damage":0,"enemies":"2 Fungi Beasts","floor":12,"turns":3},{"damage":0,"enemies":"Gremlin Gang","floor":13,"turns":1},{"damage":0,"enemies":"Red Slaver","floor":14,"turns":1},{"damage":43,"enemies":"The Guardian","floor":16,"turns":8},{"damage":11,"enemies":"3 Byrds","floor":18,"turns":4},{"damage":17,"enemies":"Spheric Guardian","floor":20,"turns":3},{"damage":16,"enemies":"Snecko","floor":22,"turns":4},{"damage":44,"enemies":"Slavers","floor":23,"turns":4},{"damage":37,"enemies":"Chosen and Byrds","floor":24,"turns":6},{"damage":47,"enemies":"Slaver and Parasite","floor":28,"turns":5},{"damage":43,"enemies":"Snake Plant","floor":29,"turns":4}],"event_choices":[{"event_name":"Golden Wing","player_choice":"Gained Gold","floor":7,"damage_taken":0},{"event_name":"Masked Bandits","player_choice":"Paid Bandits 67 gold","floor":25,"damage_taken":0}],"boss_relics":[{"not_picked":["Inserter","Calling Bell"],"picked":"Nuclear Battery"}],"potions_floor_spawned":[10,11,12,14,16,18,24],"seed_played":"1852565363626323420","killed_by":"Snake Plant","ascension_level":0,"is_trial":false}