{"gold_per_floor":[118,40,40,40,53,93,108,108,108,152,152],"floor_reached":11,"playtime":253,"items_purged":[],"score":212,"play_id":"1c6c4e7f-8088-464a-8759-f289c0500836","local_time":"20190222152513","is_ascension_mode":true,"campfire_choices":[{"data":"Crippling Poison","floor":8,"key":"SMITH"}],"neow_cost":"NONE","seed_source_timestamp":1547439070678,"circlet_count":0,"master_deck":["AscendersBane","Defend_G","Defend_G","Defend_G","Defend_G","Defend_G","Strike_G","Strike_G","Strike_G","Strike_G","Strike_G","Survivor","Neutralize","Crippling Poison+1","Accuracy","Injury","Bane","Corpse Explosion","Bane"],"relics":["Ring of the Snake","NeowsBlessing","Golden Idol","Bird Faced Urn","Meat on the Bone","Incense Burner"],"potions_floor_usage":[10],"damage_taken":[{"damage":0,"enemies":"2 Louse","floor":1,"turns":1},{"damage":0,"enemies":"Small Slimes","floor":5,"turns":1},{"damage":0,"enemies":"3 Sentries","floor":6,"turns":1},{"damage":11,"enemies":"Jaw Worm","floor":7,"turns":4},{"damage":29,"enemies":"Gremlin Nob","floor":10,"turns":4},{"damage":8,"enemies":"Large Slime","floor":11,"turns":4}],"seed_played":"8169512625332664356","potions_obtained":[{"floor":1,"key":"Fire Potion"},{"floor":10,"key":"GhostInAJar"}],"is_trial":false,"path_per_floor":["M","$","?","?","M","E","M","R","T","E","M"],"character_chosen":"THE_SILENT","items_purchased":["Accuracy"],"campfire_rested":0,"item_purchase_floors":[2],"current_hp_per_floor":[59,59,59,59,59,59,50,50,50,33,27],"gold":152,"neow_bonus":"THREE_ENEMY_KILL","is_prod":false,"is_daily":false,"chose_seed":false,"campfire_upgraded":1,"win_rate":0,"timestamp":1550867113,"path_taken":["M","$","?","?","M","E","M","R","T","E","M"],"build_version":"2019-01-23","purchased_purges":0,"victory":false,"max_hp_per_floor":[66,66,66,66,66,66,66,66,66,66,66],"card_choices":[{"not_picked":["Dagger Throw","Concentrate"],"picked":"Crippling Poison","floor":1},{"not_picked":["Slice","Backflip"],"picked":"Bane","floor":5},{"not_picked":["Blur","Calculated Gamble"],"picked":"Corpse Explosion","floor":6},{"not_picked":["Backflip","Prepared","Deadly Poison"],"picked":"SKIP","floor":7},{"not_picked":["Prepared","Slice"],"picked":"Bane","floor":10}],"player_experience":839010,"relics_obtained":[{"floor":6,"key":"Bird Faced Urn"},{"floor":9,"key":"Meat on the Bone"},{"floor":10,"key":"Incense Burner"}],"event_choices":[{"damage_healed":0,"gold_gain":0,"player_choice":"Fled","damage_taken":0,"max_hp_gain":0,"max_hp_loss":0,"event_name":"Scrap Ooze","floor":3,"gold_loss":0},{"damage_healed":0,"gold_gain":0,"player_choice":"Take Wound","damage_taken":0,"relics_obtained":["Golden Idol"],"max_hp_gain":0,"max_hp_loss":0,"event_name":"Golden Idol","floor":4,"gold_loss":0,"cards_obtained":["Injury"]}],"is_beta":false,"boss_relics":[],"items_purged_floors":[],"is_endless":false,"potions_floor_spawned":[1,10],"killed_by":"Large Slime","ascension_level":20}