{"gold_per_floor":[117,117,48,68,86,86,119,142,180,218,292,304,331,357,369,483,495,518,554,290,290,318,350,350,350,350,350,365,396,409,424,424,528,528,539,554,573,591,335,335,335,348,348,348,83,305,305,305,305,305],"floor_reached":50,"playtime":2972,"items_purged":["Decay"],"score":809,"play_id":"6112a45e-3a9f-4ec0-aba5-e32f2af204fb","local_time":"20180922071038","is_ascension_mode":true,"campfire_choices":[{"data":"Sunder","floor":6.0,"key":"SMITH"},{"data":"Barrage","floor":15.0,"key":"SMITH"},{"floor":24.0,"key":"REST"},{"data":"Loop","floor":25.0,"key":"SMITH"},{"data":"Hologram","floor":27.0,"key":"SMITH"},{"floor":32.0,"key":"REST"},{"data":"White Noise","floor":40.0,"key":"SMITH"},{"data":"Electrodynamics","floor":47.0,"key":"SMITH"},{"data":"Blizzard","floor":49.0,"key":"SMITH"}],"neow_cost":"NONE","seed_source_timestamp":0,"circlet_count":0,"master_deck":["AscendersBane","Hologram+1","Sunder+1","Blizzard+1","Cold Snap","Tempest","Barrage+1","Steam","Glacier","Stack","Genetic Algorithm","White Noise+1","Loop+1","Self Repair","Electrodynamics+1","Buffer+1","Multi-Cast+1","Buffer+1","Compile Driver+1","Skim","Glacier","Turbo+1","Conserve Battery","Biased Cognition+1","Turbo+1","Ball Lightning+1","Static Discharge+1","Capacitor+1","Defragment+1"],"special_seed":0,"relics":["Pandora\u0027s Box","MawBank","Happy Flower","Odd Mushroom","Tiny Chest","Astrolabe","Dream Catcher","Chemical X","Frozen Egg 2","Red Mask","WingedGreaves","Blue Candle","Turnip","Eternal Feather","Bag of Marbles","Peace Pipe","MealTicket"],"potions_floor_usage":[],"damage_taken":[{"damage":9.0,"enemies":"Jaw Worm","floor":1.0,"turns":3.0},{"damage":0.0,"enemies":"Cultist","floor":4.0,"turns":4.0},{"damage":5.0,"enemies":"Small Slimes","floor":5.0,"turns":3.0},{"damage":12.0,"enemies":"Lagavulin","floor":7.0,"turns":5.0},{"damage":0.0,"enemies":"2 Fungi Beasts","floor":8.0,"turns":4.0},{"damage":1.0,"enemies":"The Mushroom Lair","floor":10.0,"turns":4.0},{"damage":14.0,"enemies":"3 Sentries","floor":11.0,"turns":7.0},{"damage":1.0,"enemies":"Looter","floor":13.0,"turns":3.0},{"damage":0.0,"enemies":"Large Slime","floor":14.0,"turns":5.0},{"damage":26.0,"enemies":"The Guardian","floor":16.0,"turns":10.0},{"damage":29.0,"enemies":"Shell Parasite","floor":18.0,"turns":7.0},{"damage":11.0,"enemies":"Masked Bandits","floor":22.0,"turns":4.0},{"damage":5.0,"enemies":"Gremlin Leader","floor":23.0,"turns":5.0},{"damage":3.0,"enemies":"Chosen","floor":28.0,"turns":5.0},{"damage":31.0,"enemies":"Book of Stabbing","floor":29.0,"turns":6.0},{"damage":5.0,"enemies":"Sentry and Sphere","floor":30.0,"turns":4.0},{"damage":6.0,"enemies":"3 Cultists","floor":31.0,"turns":4.0},{"damage":20.0,"enemies":"Automaton","floor":33.0,"turns":11.0},{"damage":19.0,"enemies":"3 Darklings","floor":35.0,"turns":5.0},{"damage":5.0,"enemies":"Orb Walker","floor":36.0,"turns":4.0},{"damage":0.0,"enemies":"Sphere and 2 Shapes","floor":37.0,"turns":4.0},{"damage":1.0,"enemies":"Reptomancer","floor":38.0,"turns":6.0},{"damage":22.0,"enemies":"Transient","floor":42.0,"turns":5.0},{"damage":1,"enemies":"Awakened One","floor":50,"turns":2}],"seed_played":"299892200809460624","potions_obtained":[{"floor":1.0,"key":"GamblersBrew"},{"floor":5.0,"key":"Block Potion"},{"floor":10.0,"key":"Ancient Potion"},{"floor":11.0,"key":"Fruit Juice"},{"floor":13.0,"key":"Explosive Potion"},{"floor":23.0,"key":"Block Potion"},{"floor":28.0,"key":"Fruit Juice"},{"floor":33.0,"key":"Explosive Potion"},{"floor":38.0,"key":"Poison Potion"}],"is_trial":false,"path_per_floor":["M","?","$","M","M","R","E","M","T","?","E","?","M","M","R","B",null,"M","T","$","T","?","E","R","R","T","R","M","E","M","M","R","B",null,"M","M","M","M","$","R","?","M","T","?","$","?","R","?","R"],"character_chosen":"DEFECT","items_purchased":["Glacier","Chemical X","Capacitor+1","Bag of Marbles","Regen Potion","Defragment+1","MealTicket"],"campfire_rested":2,"item_purchase_floors":[3,20,39,39,39,45,45],"current_hp_per_floor":[59,59,59,59,54,54,42,42,42,41,32,32,31,38,38,12,63,41,41,41,41,30,25,49,49,49,49,58,34,29,30,55,42,74,62,64,71,77,77,85,85,70,70,70,70,70,85,81,81,80],"gold":305,"neow_bonus":"BOSS_RELIC","is_prod":false,"is_daily":false,"chose_seed":false,"campfire_upgraded":7,"win_rate":0,"timestamp":1537614638,"path_taken":["M","?","$","M","M","R","E","M","T","?","E","?","M","M","R","BOSS","M","?","$","?","?","E","R","R","T","R","M","E","M","M","R","BOSS","M","M","M","M","$","R","?","M","T","?","$","?","R","?","R","BOSS"],"build_version":"2018-09-20","purchased_purges":1,"victory":false,"max_hp_per_floor":[75,75,75,75,75,75,75,75,75,75,80,80,80,80,80,80,80,80,80,80,80,80,80,80,80,80,80,85,85,85,85,85,85,85,85,85,85,85,85,85,85,85,85,85,85,85,85,81,81,81],"card_choices":[{"not_picked":["White Noise","Redo"],"picked":"Steam","floor":1.0},{"not_picked":["Sweeping Beam","Ball Lightning"],"picked":"Stack","floor":4.0},{"not_picked":["Hologram","Barrage"],"picked":"Genetic Algorithm","floor":5.0},{"not_picked":["Undo","Rebound","Blizzard"],"picked":"SKIP","floor":7.0},{"not_picked":["Stack","Streamline","All For One"],"picked":"SKIP","floor":8.0},{"not_picked":["Sweeping Beam","Leap"],"picked":"White Noise","floor":10.0},{"not_picked":["Sweeping Beam","Doom and Gloom"],"picked":"Loop","floor":11.0},{"not_picked":["Gash","Sweeping Beam"],"picked":"Self Repair","floor":13.0},{"not_picked":["Rebound","Streamline","Steam"],"picked":"SKIP","floor":14.0},{"not_picked":["Reboot","Fission"],"picked":"Electrodynamics","floor":16.0},{"not_picked":["Rebound","Gash","Reinforced Body"],"picked":"SKIP","floor":18.0},{"not_picked":["Redo","Storm+1"],"picked":"Compile Driver+1","floor":22.0},{"not_picked":["Go for the Eyes","Sunder"],"picked":"Skim","floor":23.0},{"not_picked":["Gash","Auto Shields"],"picked":"Glacier","floor":28.0},{"not_picked":["Cold Snap","Sunder","Hello World+1"],"picked":"SKIP","floor":29.0},{"not_picked":["Skim","Cold Snap","Tempest"],"picked":"SKIP","floor":30.0},{"not_picked":["Conserve Battery","Double Energy"],"picked":"Turbo+1","floor":31.0},{"not_picked":["Hologram","Aggregate"],"picked":"Conserve Battery","floor":32.0},{"not_picked":["Seek","Core Surge"],"picked":"Biased Cognition+1","floor":33.0},{"not_picked":["Conserve Battery","Stack"],"picked":"Turbo+1","floor":35.0},{"not_picked":["Steam","Melter","Stack"],"picked":"SKIP","floor":36.0},{"not_picked":["Leap","Reprogram+1"],"picked":"Ball Lightning+1","floor":37.0},{"not_picked":["Ball Lightning","Beam Cell"],"picked":"Static Discharge+1","floor":38.0},{"not_picked":["BootSequence+1","Aggregate","Storm+1"],"picked":"SKIP","floor":42.0}],"player_experience":562390,"relics_obtained":[{"floor":7.0,"key":"MawBank"},{"floor":9.0,"key":"Happy Flower"},{"floor":10.0,"key":"Odd Mushroom"},{"floor":11.0,"key":"Tiny Chest"},{"floor":19.0,"key":"Dream Catcher"},{"floor":21.0,"key":"Frozen Egg 2"},{"floor":22.0,"key":"Red Mask"},{"floor":23.0,"key":"WingedGreaves"},{"floor":26.0,"key":"Blue Candle"},{"floor":29.0,"key":"Turnip"},{"floor":43.0,"key":"Peace Pipe"}],"event_choices":[{"event_name":"The Woman in Blue","player_choice":"Bought 0 Potions","floor":2.0,"damage_taken":0.0},{"event_name":"Mushrooms","player_choice":"Fought Mushrooms","floor":10.0,"damage_taken":0.0},{"event_name":"Wheel of Change","player_choice":"Curse","floor":12.0,"damage_taken":0.0},{"event_name":"Masked Bandits","player_choice":"Fought Bandits","floor":22.0,"damage_taken":0.0},{"event_name":"Purifier","player_choice":"One Purge","floor":41.0,"damage_taken":0.0},{"event_name":"Mysterious Sphere","player_choice":"Ignore","floor":44.0,"damage_taken":0.0},{"event_name":"Tomb of Lord Red Mask","player_choice":"Wore Mask","floor":46.0,"damage_taken":0.0},{"event_name":"Winding Halls","player_choice":"Max HP","floor":48.0,"damage_taken":0.0}],"is_beta":false,"boss_relics":[{"not_picked":["Fusion Hammer","Tiny House"],"picked":"Astrolabe"},{"not_picked":["Calling Bell","Empty Cage"],"picked":"Eternal Feather"}],"items_purged_floors":[20],"is_endless":false,"potions_floor_spawned":[1,5,10,11,13,23,28,33,38],"killed_by":"Awakened One","ascension_level":12}