{"gold_per_floor":[114,132,132,232,247,280,280,306,306,323,357,357,368,385,385,486,486,500,500,511,522,522,555,555,572,572,190,210,210,96,21,21,122,122,138,153,153,163,163,163,163,173,225,236,253,33,33,58,58,58],"floor_reached":50,"playtime":4055,"items_purged":["Clumsy"],"score":692,"play_id":"98eac308-f991-4b6e-b46c-55adb8beeea5","local_time":"20181227174154","is_ascension_mode":true,"campfire_choices":[{"data":"Neutralize","floor":12,"key":"SMITH"},{"data":"Finisher","floor":15,"key":"SMITH"},{"floor":24,"key":"RECALL"},{"data":"Infinite Blades","floor":32,"key":"SMITH"},{"data":"Storm of Steel","floor":40,"key":"SMITH"},{"data":"Finisher","floor":49,"key":"SMITH"}],"neow_cost":"NONE","seed_source_timestamp":61167655892666,"circlet_count":0,"master_deck":["Defend_G+1","Defend_G+1","Defend_G+1","Defend_G+1","Defend_G+1","Strike_G+1","Strike_G+1","Strike_G+1","Strike_G+1","Survivor+1","Neutralize+1","Flying Knee","PiercingWail+1","Venomology","Noxious Fumes","Finisher+1","Deflect","Escape Plan","Blade Dance","Unload+1","Deflect+1","Underhanded Strike+1","Masterful Stab","Blade Dance+1","Backstab","Infinite Blades+1","Finisher+1","Storm of Steel+1","Cloak And Dagger+1","Escape Plan+1","Trip","Blade Dance","Writhe","Backstab","Sucker Punch","Decay"],"relics":["Coffee Dripper","Oddly Smooth Stone","Unceasing Top","Pantograph","Darkstone Periapt","Cursed Key","Whetstone","Ice Cream","Philosopher\u0027s Stone","Kunai","War Paint","OrangePellets","Dream Catcher"],"potions_floor_usage":[6,6,7,7,8,11,11,11,16,16,18,20,21,23,25,28,28,33,33,33,36,36,38,42,50,50,50,50],"damage_taken":[{"damage":0,"enemies":"Cultist","floor":1,"turns":4},{"damage":0,"enemies":"Small Slimes","floor":2,"turns":3},{"damage":0,"enemies":"2 Louse","floor":5,"turns":2},{"damage":9,"enemies":"3 Sentries","floor":6,"turns":13},{"damage":0,"enemies":"Gremlin Gang","floor":7,"turns":3},{"damage":8,"enemies":"Lagavulin","floor":8,"turns":7},{"damage":2,"enemies":"Looter","floor":10,"turns":5},{"damage":10,"enemies":"Gremlin Nob","floor":11,"turns":5},{"damage":1,"enemies":"Large Slime","floor":13,"turns":8},{"damage":0,"enemies":"3 Louse","floor":14,"turns":4},{"damage":0,"enemies":"Hexaghost","floor":16,"turns":11},{"damage":4,"enemies":"2 Thieves","floor":18,"turns":4},{"damage":0,"enemies":"3 Byrds","floor":20,"turns":4},{"damage":0,"enemies":"Centurion and Healer","floor":21,"turns":6},{"damage":0,"enemies":"Book of Stabbing","floor":23,"turns":5},{"damage":10,"enemies":"Sentry and Sphere","floor":25,"turns":4},{"damage":18,"enemies":"Snecko","floor":28,"turns":5},{"damage":12,"enemies":"Champ","floor":33,"turns":7},{"damage":0,"enemies":"Orb Walker","floor":35,"turns":2},{"damage":8,"enemies":"3 Darklings","floor":36,"turns":3},{"damage":9,"enemies":"Jaw Worm Horde","floor":38,"turns":4},{"damage":24,"enemies":"Writhing Mass","floor":42,"turns":6},{"damage":0,"enemies":"4 Shapes","floor":44,"turns":2},{"damage":0,"enemies":"Spire Growth","floor":45,"turns":3},{"damage":80,"enemies":"Time Eater","floor":50,"turns":7}],"seed_played":"-2974365777854918107","potions_obtained":[{"floor":1,"key":"Fire Potion"},{"floor":5,"key":"SmokeBomb"},{"floor":8,"key":"PowerPotion"},{"floor":10,"key":"Block Potion"},{"floor":13,"key":"EssenceOfSteel"},{"floor":18,"key":"PowerPotion"},{"floor":33,"key":"PowerPotion"},{"floor":36,"key":"Energy Potion"},{"floor":44,"key":"GamblersBrew"}],"is_trial":false,"path_per_floor":["M","M","?","?","M","E","M","E","T","M","E","R","M","M","R","B",null,"M","?","M","M","?","E","R","M","T","$","M","?","$","?","R","B",null,"M","M","?","M","?","R","?","M","T","M","M","$","?","T","R","B"],"character_chosen":"THE_SILENT","items_purchased":["Ice Cream","Infinite Blades","Finisher","OrangePellets","Sucker Punch"],"campfire_rested":0,"item_purchase_floors":[27,30,30,46,46],"current_hp_per_floor":[70,70,56,56,56,47,47,39,39,37,27,27,26,26,26,51,70,66,66,66,66,66,66,66,56,62,62,44,44,44,44,44,57,76,76,68,68,59,59,59,59,35,41,41,41,41,41,47,47,0],"gold":58,"neow_bonus":"BOSS_RELIC","is_prod":false,"is_daily":false,"chose_seed":false,"campfire_upgraded":5,"win_rate":0,"timestamp":1545950514,"path_taken":["M","M","?","?","?","E","?","E","T","M","E","R","M","M","R","BOSS","M","?","?","M","?","E","R","M","T","$","M","?","$","?","R","BOSS","M","M","?","M","?","R","?","M","T","?","M","$","?","?","R","BOSS"],"build_version":"2018-12-20","purchased_purges":1,"victory":false,"max_hp_per_floor":[70,70,70,70,70,70,70,70,70,70,70,70,70,70,70,70,70,70,70,70,70,70,70,70,70,76,76,76,76,76,76,76,76,76,76,76,76,76,76,76,76,76,82,82,82,82,82,88,88,88],"card_choices":[{"not_picked":["Noxious Fumes","Dodge and Roll"],"picked":"Flying Knee","floor":1},{"not_picked":["Prepared","Tactician"],"picked":"PiercingWail","floor":2},{"not_picked":["Underhanded Strike","Bane"],"picked":"Venomology","floor":5},{"not_picked":["Venomology","Deadly Poison"],"picked":"Noxious Fumes","floor":6},{"not_picked":["Bouncing Flask","Underhanded Strike"],"picked":"Finisher","floor":8},{"not_picked":["Eviscerate","Backflip"],"picked":"Deflect","floor":10},{"not_picked":["Deflect","Dagger Spray"],"picked":"Escape Plan","floor":11},{"not_picked":["Dash","Bane"],"picked":"Flechettes","floor":13},{"not_picked":["Catalyst","Deflect"],"picked":"Blade Dance","floor":14},{"not_picked":["Corpse Explosion","Glass Knife"],"picked":"Unload","floor":16},{"not_picked":["Poisoned Stab","Deadly Poison"],"picked":"Deflect+1","floor":18},{"not_picked":["Flechettes","Dagger Spray"],"picked":"Underhanded Strike","floor":20},{"not_picked":["Poisoned Stab","Venomology"],"picked":"Masterful Stab","floor":21},{"not_picked":["Sucker Punch","Outmaneuver"],"picked":"Tactician","floor":23},{"not_picked":["Outmaneuver+1","Choke"],"picked":"Blade Dance","floor":25},{"not_picked":["Acrobatics+1","Underhanded Strike"],"picked":"Backstab","floor":28},{"not_picked":["Bullet Time","Corpse Explosion"],"picked":"Storm of Steel","floor":33},{"not_picked":["Eviscerate","Bane"],"picked":"Cloak And Dagger","floor":35},{"not_picked":["Flying Knee+1","Outmaneuver+1"],"picked":"Escape Plan+1","floor":36},{"not_picked":["Thinking Ahead","Dark Shackles"],"picked":"Trip","floor":37},{"not_picked":["Calculated Gamble+1","Quick Slash"],"picked":"Blade Dance","floor":38},{"not_picked":["Underhanded Strike+1","Poisoned Stab+1","Bullet Time"],"picked":"SKIP","floor":42},{"not_picked":["Sucker Punch+1","Heel Hook+1"],"picked":"Backstab","floor":44},{"not_picked":["Dodge and Roll+1","PiercingWail","Bane+1"],"picked":"SKIP","floor":45}],"player_experience":55724,"relics_obtained":[{"floor":6,"key":"Oddly Smooth Stone"},{"floor":8,"key":"Unceasing Top"},{"floor":9,"key":"Pantograph"},{"floor":11,"key":"Darkstone Periapt"},{"floor":23,"key":"Whetstone"},{"floor":43,"key":"War Paint"},{"floor":48,"key":"Dream Catcher"}],"event_choices":[{"damage_healed":0,"gold_gain":0,"player_choice":"Entered Light","damage_taken":14,"max_hp_gain":0,"max_hp_loss":0,"event_name":"Shining Light","floor":3,"gold_loss":0,"cards_upgraded":["Survivor","PiercingWail"]},{"damage_healed":0,"gold_gain":100,"player_choice":"Pray","damage_taken":0,"max_hp_gain":0,"max_hp_loss":0,"event_name":"Golden Shrine","floor":4,"gold_loss":0},{"cards_removed":["Flechettes"],"damage_healed":0,"gold_gain":0,"player_choice":"Purged","damage_taken":0,"max_hp_gain":0,"max_hp_loss":0,"event_name":"Purifier","floor":19,"gold_loss":0},{"damage_healed":0,"gold_gain":0,"player_choice":"Simplicity","damage_taken":0,"max_hp_gain":0,"max_hp_loss":0,"event_name":"Back to Basics","floor":22,"gold_loss":0,"cards_upgraded":["Defend_G","Defend_G","Defend_G","Defend_G","Defend_G","Strike_G","Strike_G","Strike_G","Strike_G","Strike_G"]},{"damage_healed":0,"gold_gain":0,"player_choice":"Ignored","damage_taken":0,"max_hp_gain":0,"max_hp_loss":0,"event_name":"Cursed Tome","floor":29,"gold_loss":0},{"cards_removed":["Tactician"],"damage_healed":0,"gold_gain":0,"player_choice":"Gave Gold","damage_taken":0,"max_hp_gain":0,"max_hp_loss":0,"event_name":"Beggar","floor":31,"gold_loss":75},{"damage_healed":0,"gold_gain":0,"player_choice":"Memory 1","damage_taken":0,"max_hp_gain":0,"max_hp_loss":0,"event_name":"SensoryStone","floor":37,"gold_loss":0},{"cards_removed":["Strike_G"],"damage_healed":0,"gold_gain":0,"player_choice":"Removed Attack","damage_taken":0,"max_hp_gain":0,"max_hp_loss":0,"event_name":"Falling","floor":39,"gold_loss":0},{"damage_healed":0,"gold_gain":0,"player_choice":"Gave Potion","damage_taken":0,"relics_obtained":["Kunai"],"max_hp_gain":0,"max_hp_loss":0,"event_name":"WeMeetAgain","floor":41,"gold_loss":0},{"damage_healed":0,"gold_gain":0,"player_choice":"Ignored","damage_taken":0,"max_hp_gain":0,"max_hp_loss":0,"event_name":"Mysterious Sphere","floor":47,"gold_loss":0}],"is_beta":false,"boss_relics":[{"not_picked":["Busted Crown","Runic Pyramid"],"picked":"Cursed Key"},{"not_picked":["Fusion Hammer","Snecko Eye"],"picked":"Philosopher\u0027s Stone"}],"items_purged_floors":[27],"is_endless":false,"potions_floor_spawned":[1,5,8,10,13,18,23,33,36,44],"killed_by":"Time Eater","ascension_level":2}