{"gold_per_floor":[216,232,332,345,356,390,390,419,444,455,466,260,272,283,283,384,384,400,500,486,36,55,55,84,84,129,139,139,149,149,169,169,266,266,278,295,295,295,307,307],"floor_reached":40,"playtime":2924,"items_purged":[],"score":488,"play_id":"52717e3f-0377-4ba7-8765-dc27bca19b49","local_time":"20190104204639","is_ascension_mode":true,"campfire_choices":[{"floor":7,"key":"REST"},{"floor":15,"key":"REST"},{"floor":23,"key":"REST"},{"floor":25,"key":"REST"},{"floor":28,"key":"REST"},{"floor":30,"key":"REST"},{"floor":32,"key":"DIG"}],"neow_cost":"NONE","seed_source_timestamp":73231332214062,"circlet_count":0,"master_deck":["Strike_R","Strike_R","Strike_R","Strike_R","Strike_R","Defend_R","Defend_R","Defend_R","Defend_R","Bash","Feel No Pain","Flex","Thunderclap","Headbutt","Spot Weakness","Clothesline","Shrug It Off","Rage","Barricade","Impervious","Inflame","Iron Wave","Dropkick","Body Slam+1","Heavy Blade","Inflame+1","Reaper","Ghostly Armor+1","Pommel Strike+1"],"relics":["Burning Blood","Shovel","Orichalcum","Smiling Mask","HandDrill","Velvet Choker","Vajra","FossilizedHelix","Anchor","Red Skull","Dream Catcher","White Beast Statue"],"potions_floor_usage":[6,6,8,10,16,16,24,29,33,36,39,40],"damage_taken":[{"damage":5,"enemies":"Small Slimes","floor":1,"turns":4},{"damage":14,"enemies":"Cultist","floor":2,"turns":6},{"damage":2,"enemies":"Jaw Worm","floor":4,"turns":3},{"damage":20,"enemies":"3 Louse","floor":5,"turns":4},{"damage":26,"enemies":"Gremlin Nob","floor":6,"turns":5},{"damage":40,"enemies":"3 Sentries","floor":8,"turns":8},{"damage":0,"enemies":"Gremlin Gang","floor":10,"turns":4},{"damage":3,"enemies":"Blue Slaver","floor":11,"turns":4},{"damage":7,"enemies":"2 Fungi Beasts","floor":13,"turns":3},{"damage":8,"enemies":"3 Louse","floor":14,"turns":2},{"damage":37,"enemies":"The Guardian","floor":16,"turns":13},{"damage":0,"enemies":"Chosen","floor":18,"turns":4},{"damage":21,"enemies":"2 Thieves","floor":20,"turns":4},{"damage":13,"enemies":"Shelled Parasite and Fungi","floor":22,"turns":6},{"damage":62,"enemies":"Slavers","floor":24,"turns":6},{"damage":24,"enemies":"Snecko","floor":27,"turns":8},{"damage":19,"enemies":"Snake Plant","floor":29,"turns":3},{"damage":4,"enemies":"3 Cultists","floor":31,"turns":5},{"damage":22,"enemies":"Collector","floor":33,"turns":9},{"damage":32,"enemies":"3 Darklings","floor":35,"turns":7},{"damage":2,"enemies":"3 Shapes","floor":36,"turns":6},{"damage":20,"enemies":"Jaw Worm Horde","floor":39,"turns":5},{"damage":99,"enemies":"Giant Head","floor":40,"turns":8}],"seed_played":"6191526054370923936","potions_obtained":[{"floor":4,"key":"Weak Potion"},{"floor":5,"key":"SpeedPotion"},{"floor":6,"key":"GamblersBrew"},{"floor":8,"key":"SkillPotion"},{"floor":13,"key":"SkillPotion"},{"floor":14,"key":"AttackPotion"},{"floor":18,"key":"LiquidBronze"},{"floor":27,"key":"LiquidBronze"},{"floor":29,"key":"FearPotion"},{"floor":35,"key":"Poison Potion"},{"floor":36,"key":"AttackPotion"},{"floor":39,"key":"FearPotion"}],"is_trial":false,"path_per_floor":["M","M","?","M","M","E","R","E","T","M","M","$","M","M","R","B",null,"M","?","M","$","M","R","E","R","T","M","R","M","R","M","R","B",null,"M","M","?","?","M","E"],"character_chosen":"IRONCLAD","items_purchased":["HandDrill","Vajra","FossilizedHelix"],"campfire_rested":6,"item_purchase_floors":[12,21,21],"current_hp_per_floor":[80,72,72,76,62,42,66,32,32,38,41,41,40,38,62,31,80,80,80,65,65,58,80,24,48,48,30,54,41,65,67,67,51,80,54,58,58,58,60,0],"gold":307,"neow_bonus":"HUNDRED_GOLD","is_prod":false,"is_daily":false,"chose_seed":false,"campfire_upgraded":0,"win_rate":0,"timestamp":1546631199,"path_taken":["M","M","?","M","M","E","R","E","T","M","M","$","?","M","R","BOSS","M","?","M","$","M","R","E","R","T","M","R","M","R","?","R","BOSS","M","M","?","?","M","E"],"build_version":"2019-01-03v3","purchased_purges":0,"victory":false,"max_hp_per_floor":[80,80,80,80,80,80,80,80,80,80,80,80,80,80,80,80,80,80,80,80,80,80,80,80,80,80,80,80,80,80,80,80,80,80,80,80,80,80,80,80],"card_choices":[{"not_picked":["Havoc","Dual Wield"],"picked":"Feel No Pain","floor":1},{"not_picked":["Headbutt","Sword Boomerang"],"picked":"Flex","floor":2},{"not_picked":["Entrench","Disarm"],"picked":"Thunderclap","floor":4},{"not_picked":["Perfected Strike","Flex"],"picked":"Headbutt","floor":5},{"not_picked":["Sever Soul","Offering","Carnage"],"picked":"SKIP","floor":6},{"not_picked":["Thunderclap","Blood for Blood"],"picked":"Spot Weakness","floor":8},{"not_picked":["Dual Wield","Armaments"],"picked":"Clothesline","floor":10},{"not_picked":["Bloodletting","Wild Strike"],"picked":"Shrug It Off","floor":11},{"not_picked":["Wild Strike","Corruption"],"picked":"Rage","floor":13},{"not_picked":["Cleave","Wild Strike"],"picked":"Barricade","floor":14},{"not_picked":["Limit Break","Brutality"],"picked":"Impervious","floor":16},{"not_picked":["Clash","Sword Boomerang"],"picked":"Inflame","floor":18},{"not_picked":["Perfected Strike","True Grit"],"picked":"Iron Wave","floor":20},{"not_picked":["Wild Strike","Body Slam","Clash"],"picked":"SKIP","floor":22},{"not_picked":["Iron Wave+1","Thunderclap"],"picked":"Dropkick","floor":24},{"not_picked":["Berserk","Havoc"],"picked":"Body Slam+1","floor":27},{"not_picked":["Iron Wave","Evolve"],"picked":"Heavy Blade","floor":29},{"not_picked":["Sword Boomerang","Thunderclap+1"],"picked":"Inflame+1","floor":31},{"not_picked":["Double Tap","Immolate"],"picked":"Reaper","floor":33},{"not_picked":["Flex","Clash+1","Dropkick"],"picked":"SKIP","floor":35},{"not_picked":["Havoc+1","Clash"],"picked":"Ghostly Armor+1","floor":36},{"not_picked":["Clash","Bloodletting+1"],"picked":"Pommel Strike+1","floor":39}],"player_experience":284622,"relics_obtained":[{"floor":6,"key":"Shovel"},{"floor":8,"key":"Orichalcum"},{"floor":9,"key":"Smiling Mask"},{"floor":24,"key":"Anchor"},{"floor":26,"key":"Red Skull"},{"floor":32,"key":"Dream Catcher"}],"event_choices":[{"damage_healed":0,"gold_gain":100,"player_choice":"Pray","damage_taken":0,"max_hp_gain":0,"max_hp_loss":0,"event_name":"Golden Shrine","floor":3,"gold_loss":0},{"damage_healed":0,"gold_gain":100,"player_choice":"Pray","damage_taken":0,"max_hp_gain":0,"max_hp_loss":0,"event_name":"Golden Shrine","floor":19,"gold_loss":0},{"damage_healed":0,"gold_gain":0,"player_choice":"Ignored","damage_taken":0,"max_hp_gain":0,"max_hp_loss":0,"event_name":"Tomb of Lord Red Mask","floor":37,"gold_loss":0},{"damage_healed":0,"gold_gain":0,"player_choice":"Leave","damage_taken":0,"max_hp_gain":0,"max_hp_loss":0,"event_name":"FaceTrader","floor":38,"gold_loss":0}],"is_beta":false,"boss_relics":[{"not_picked":["Astrolabe","Runic Dome"],"picked":"Velvet Choker"},{"not_picked":["Black Star","Pandora\u0027s Box"],"picked":"White Beast Statue"}],"items_purged_floors":[],"is_endless":false,"potions_floor_spawned":[4,5,6,8,13,14,18,27,29,35,36,39],"killed_by":"Giant Head","ascension_level":3}