{"gold_per_floor":[118,118,130,130,146,96,96,110,165,165,175,209,209,220,220,324,324,338,53,53,53,53,53,78,78,160,174,188,44,58,58,58,158,158,176,176,231,231,251,251,281,281,308,318,344,344,244,119,119,119],"floor_reached":51,"playtime":1955,"items_purged":["Gash","Lockon","Barrage+1"],"score":976,"play_id":"91c83aed-46b7-4c1a-b026-244bfc1807b0","local_time":"20180919163341","is_ascension_mode":false,"campfire_choices":[{"data":"Defragment","floor":7.0,"key":"SMITH"},{"data":"Zap","floor":10.0,"key":"SMITH"},{"data":"Glacier","floor":13.0,"key":"SMITH"},{"data":"Dualcast","floor":15.0,"key":"SMITH"},{"data":"Glacier","floor":23.0,"key":"SMITH"},{"data":"Barrage","floor":25.0,"key":"SMITH"},{"data":"Buffer","floor":32.0,"key":"SMITH"},{"data":"Blizzard","floor":40,"key":"SMITH"},{"data":"Thunder Strike","floor":46,"key":"SMITH"},{"data":"Tempest","floor":49,"key":"SMITH"}],"neow_cost":"NONE","seed_source_timestamp":103315773008875,"circlet_count":0,"master_deck":["Zap+1","Dualcast+1","Tempest+1","Glacier+1","Defragment+1","Reinforced Body+1","Glacier+1","Genetic Algorithm","Ball Lightning","Buffer+1","Defragment+1","Blizzard+1","Seek","Chill+1","Thunder Strike+1"],"special_seed":0,"relics":["Pandora\u0027s Box","Tiny Chest","Art of War","Philosopher\u0027s Stone","Lee\u0027s Waffle","Bronze Scales","Pear","MutagenicStrength","Black Star","Prayer Wheel","Peace Pipe","Incense Burner","WingedGreaves","War Paint","Lantern","Bag of Preparation"],"potions_floor_usage":[37,37,50,50],"damage_taken":[{"damage":0.0,"enemies":"2 Louse","floor":1.0,"turns":3.0},{"damage":0.0,"enemies":"Jaw Worm","floor":3.0,"turns":4.0},{"damage":0.0,"enemies":"Small Slimes","floor":5.0,"turns":4.0},{"damage":0.0,"enemies":"2 Fungi Beasts","floor":8.0,"turns":4.0},{"damage":8.0,"enemies":"Exordium Wildlife","floor":11.0,"turns":4.0},{"damage":0.0,"enemies":"Lagavulin","floor":12.0,"turns":6.0},{"damage":0.0,"enemies":"Looter","floor":14.0,"turns":4.0},{"damage":0.0,"enemies":"Hexaghost","floor":16.0,"turns":10.0},{"damage":34.0,"enemies":"3 Byrds","floor":18.0,"turns":4.0},{"damage":0.0,"enemies":"2 Thieves","floor":27.0,"turns":4.0},{"damage":2.0,"enemies":"Snake Plant","floor":28.0,"turns":3.0},{"damage":0.0,"enemies":"Centurion and Healer","floor":30.0,"turns":5.0},{"damage":0,"enemies":"Automaton","floor":33,"turns":11},{"damage":0,"enemies":"3 Darklings","floor":35,"turns":5},{"damage":0,"enemies":"Mysterious Sphere","floor":37,"turns":5},{"damage":0,"enemies":"Orb Walker","floor":39,"turns":3},{"damage":0,"enemies":"Giant Head","floor":41,"turns":9},{"damage":0,"enemies":"Sphere and 2 Shapes","floor":44,"turns":4},{"damage":14,"enemies":"Nemesis","floor":45,"turns":11},{"damage":0,"enemies":"Donu and Deca","floor":50,"turns":10}],"seed_played":"-2233692095221512573","potions_obtained":[{"floor":1.0,"key":"PowerPotion"},{"floor":8.0,"key":"SteroidPotion"},{"floor":11.0,"key":"SteroidPotion"},{"floor":16.0,"key":"SteroidPotion"},{"floor":18.0,"key":"Strength Potion"},{"floor":28.0,"key":"Fire Potion"},{"floor":35,"key":"Block Potion"},{"floor":45,"key":"Energy Potion"}],"is_trial":false,"path_per_floor":["M","?","M","?","M","?","R","M","T","R","M","E","R","M","R","B",null,"M","$","?","?","$","R","T","R","T","M","M","$","M","?","R","B",null,"M","T","?","?","M","R","E","?","T","M","E","R","$","$","R","B"],"character_chosen":"DEFECT","items_purchased":["Lee\u0027s Waffle","Defragment","Blizzard"],"campfire_rested":0,"item_purchase_floors":[19,19,29],"current_hp_per_floor":[75,75,75,80,80,80,80,80,80,80,72,72,72,72,72,72,80,46,87,87,87,87,87,87,87,97,97,95,95,95,95,95,95,97,97,97,97,92,92,92,92,92,92,92,78,78,78,78,78,78],"gold":119,"neow_bonus":"BOSS_RELIC","is_prod":false,"is_daily":false,"chose_seed":false,"campfire_upgraded":10,"win_rate":0.0,"timestamp":1537346021,"path_taken":["M","?","M","?","M","?","R","M","T","R","M","E","R","M","R","BOSS","M","$","?","?","$","R","?","R","T","M","M","$","M","?","R","BOSS","M","?","?","?","M","R","E","?","T","M","E","R","$","$","R","BOSS"],"build_version":"2018-09-06","purchased_purges":3,"victory":true,"max_hp_per_floor":[75,75,75,80,80,80,80,80,80,80,80,80,80,80,80,80,80,80,87,87,87,87,87,87,87,97,97,97,97,97,97,97,97,97,97,97,97,92,92,92,92,92,92,92,92,92,92,92,92,92],"card_choices":[{"not_picked":["Stack","Force Field"],"picked":"Reinforced Body","floor":1.0},{"not_picked":["FTL","Streamline"],"picked":"Glacier","floor":3.0},{"not_picked":["Leap","Reinforced Body"],"picked":"Genetic Algorithm","floor":5.0},{"not_picked":["Steam","Sweeping Beam","FTL"],"picked":"SKIP","floor":8.0},{"not_picked":["Leap","Coolheaded","Auto Shields"],"picked":"SKIP","floor":11.0},{"not_picked":["Heatsinks","Beam Cell","Tempest"],"picked":"SKIP","floor":12.0},{"not_picked":["Conserve Battery","Compile Driver"],"picked":"Ball Lightning","floor":14.0},{"not_picked":["Multi-Cast","Machine Learning"],"picked":"Buffer","floor":16.0},{"not_picked":["Barrage","Auto Shields","Gash"],"picked":"SKIP","floor":18.0},{"not_picked":["Go for the Eyes","Stack","Streamline+1"],"picked":"SKIP","floor":27.0},{"not_picked":["Leap","Stack+1","Coolheaded"],"picked":"SKIP","floor":28.0},{"not_picked":["Darkness","Hologram","Barrage+1"],"picked":"SKIP","floor":30.0},{"not_picked":["All For One","Thunder Strike"],"picked":"Seek","floor":33},{"not_picked":["Stack","Barrage","Gash+1"],"picked":"SKIP","floor":35},{"not_picked":["FTL","Streamline+1","Consume"],"picked":"SKIP","floor":39},{"not_picked":["Compile Driver+1","Consume","Ball Lightning+1"],"picked":"SKIP","floor":39},{"not_picked":["Conserve Battery+1","Hologram+1"],"picked":"Chill","floor":41},{"not_picked":["Ball Lightning","Sweeping Beam","Redo"],"picked":"SKIP","floor":44},{"not_picked":["Conserve Battery","Force Field+1","Ball Lightning"],"picked":"SKIP","floor":44},{"not_picked":["BootSequence+1","Leap+1"],"picked":"Thunder Strike","floor":45}],"player_experience":25501,"relics_obtained":[{"floor":9.0,"key":"Tiny Chest"},{"floor":12.0,"key":"Art of War"},{"floor":24.0,"key":"Bronze Scales"},{"floor":26.0,"key":"Pear"},{"floor":36,"key":"Prayer Wheel"},{"floor":37,"key":"Peace Pipe"},{"floor":41,"key":"Incense Burner"},{"floor":41,"key":"WingedGreaves"},{"floor":43,"key":"War Paint"},{"floor":45,"key":"Lantern"},{"floor":45,"key":"Bag of Preparation"}],"event_choices":[{"event_name":"Liars Game","player_choice":"disagreed","floor":2.0,"damage_taken":0.0},{"event_name":"Big Fish","player_choice":"Donut","floor":4.0,"damage_taken":0.0},{"event_name":"The Cleric","player_choice":"Card Removal","floor":6.0,"damage_taken":0.0},{"event_name":"Accursed Blacksmith","player_choice":"Forge","floor":20.0,"damage_taken":0.0},{"event_name":"Cursed Tome","player_choice":"Ignored","floor":21.0,"damage_taken":0.0},{"event_name":"Drug Dealer","player_choice":"Inject Mutagens","floor":31.0,"damage_taken":0.0},{"event_name":"Mysterious Sphere","player_choice":"Fight","floor":37,"damage_taken":0},{"event_name":"Winding Halls","player_choice":"Max HP","floor":38,"damage_taken":0},{"event_name":"Falling","player_choice":"Removed Skill","floor":42,"damage_taken":0}],"is_beta":false,"boss_relics":[{"not_picked":["Runic Pyramid","White Beast Statue"],"picked":"Philosopher\u0027s Stone"},{"not_picked":["Snecko Eye","Eternal Feather"],"picked":"Black Star"}],"items_purged_floors":[29,47,48],"is_endless":false,"potions_floor_spawned":[1,8,11,16,18,28,35,45],"ascension_level":0}