{"gold_per_floor":[110,285,285,302,319,348,194,159,159,159,188,32,59,76,76,181,181,199,159,159],"floor_reached":20,"playtime":1453,"items_purged":[],"score":190,"play_id":"49c2f0d3-4d72-476a-aef7-bc8222243949","local_time":"20181230025814","is_ascension_mode":false,"campfire_choices":[{"data":"1","floor":10,"key":"LIFT"},{"floor":15,"key":"REST"}],"neow_cost":"TEN_PERCENT_HP_LOSS","seed_source_timestamp":128935732346898,"circlet_count":0,"master_deck":["Strike_B","Strike_B","Strike_B","Strike_B+1","Defend_B","Defend_B","Defend_B","Defend_B+1","Zap","Dualcast","Undo","Sunder","Auto Shields","Seek","Storm","FTL","Tempest","Redo","Hyperbeam","Glacier","Fission","Genetic Algorithm"],"relics":["Cracked Core","Girya","Thread and Needle","Blood Vial","Nunchaku","PreservedInsect","Mummified Hand","Black Star"],"potions_floor_usage":[13],"damage_taken":[{"damage":1,"enemies":"Jaw Worm","floor":1,"turns":3},{"damage":3,"enemies":"Small Slimes","floor":4,"turns":3},{"damage":10,"enemies":"Cultist","floor":5,"turns":4},{"damage":26,"enemies":"Lagavulin","floor":6,"turns":8},{"damage":24,"enemies":"Gremlin Nob","floor":11,"turns":4},{"damage":2,"enemies":"3 Sentries","floor":13,"turns":4},{"damage":3,"enemies":"Blue Slaver","floor":14,"turns":3},{"damage":13,"enemies":"Slime Boss","floor":16,"turns":12},{"damage":18,"enemies":"Chosen","floor":18,"turns":7},{"damage":54,"enemies":"3 Byrds","floor":20,"turns":5}],"seed_played":"-3673607772127540973","potions_obtained":[{"floor":5,"key":"Strength Potion"},{"floor":11,"key":"AttackPotion"},{"floor":13,"key":"SpeedPotion"},{"floor":16,"key":"Dexterity Potion"}],"is_trial":false,"path_per_floor":["M","?","?","M","M","E","$","?","T","R","E","$","E","M","R","B",null,"M","?","M"],"character_chosen":"DEFECT","items_purchased":["Blood Vial","FTL","Tempest","Redo"],"campfire_rested":1,"item_purchase_floors":[7,12,12,12],"current_hp_per_floor":[67,67,60,57,47,21,21,38,38,38,16,16,16,15,35,24,68,50,50,0],"gold":159,"neow_bonus":"ONE_RARE_RELIC","is_prod":false,"is_daily":false,"chose_seed":false,"campfire_upgraded":0,"win_rate":0.0,"timestamp":1546167494,"path_taken":["M","?","?","M","M","E","?","?","T","R","E","$","E","M","R","BOSS","M","?","?"],"build_version":"2018-12-20","purchased_purges":0,"victory":false,"max_hp_per_floor":[68,68,68,68,68,68,68,68,68,68,68,68,68,68,68,68,68,68,68,68],"card_choices":[{"not_picked":["Steam","Turbo"],"picked":"Undo","floor":1},{"not_picked":["Chaos","FTL"],"picked":"Sunder","floor":4},{"not_picked":["Streamline","Go for the Eyes"],"picked":"Auto Shields","floor":5},{"not_picked":["Barrage","Beam Cell"],"picked":"Seek","floor":6},{"not_picked":["Beam Cell","Turbo"],"picked":"Storm","floor":11},{"not_picked":["Hologram","Sweeping Beam"],"picked":"Hyperbeam","floor":13},{"not_picked":["Redo","Double Energy"],"picked":"Glacier","floor":14},{"not_picked":["Hyperbeam","Biased Cognition"],"picked":"Fission","floor":16},{"not_picked":["Loop","Lockon"],"picked":"Genetic Algorithm","floor":18}],"player_experience":155499,"relics_obtained":[{"floor":6,"key":"Thread and Needle"},{"floor":9,"key":"Nunchaku"},{"floor":11,"key":"PreservedInsect"},{"floor":13,"key":"Mummified Hand"}],"event_choices":[{"damage_healed":0,"gold_gain":175,"player_choice":"AGREE","damage_taken":0,"max_hp_gain":0,"max_hp_loss":0,"event_name":"Liars Game","floor":2,"gold_loss":0,"cards_obtained":["Doubt"]},{"cards_removed":["Doubt"],"damage_healed":0,"gold_gain":0,"player_choice":"Card Removal","damage_taken":7,"max_hp_gain":0,"max_hp_loss":0,"event_name":"Golden Wing","floor":3,"gold_loss":0},{"damage_healed":17,"gold_gain":0,"player_choice":"Healed","damage_taken":0,"max_hp_gain":0,"max_hp_loss":0,"event_name":"The Cleric","floor":8,"gold_loss":35},{"damage_healed":0,"gold_gain":0,"player_choice":"Upgraded Two","damage_taken":0,"max_hp_gain":0,"max_hp_loss":0,"event_name":"Designer","floor":19,"gold_loss":40,"cards_upgraded":["Strike_B","Defend_B"]}],"is_beta":false,"boss_relics":[{"not_picked":["Busted Crown","Empty Cage"],"picked":"Black Star"}],"items_purged_floors":[],"is_endless":false,"potions_floor_spawned":[5,11,13,16],"killed_by":"3 Byrds","ascension_level":0}