{"gold_per_floor":[364,90,140,2,2,2,2,2,27,56,56,66,78,28,28,104,104,122,122,134,134,71,103,28,63,63,39,59,59,141,155,155,229,229,242,255,38,57,57,84,97,126,126,152,152,52,71,81,81,81],"floor_reached":51,"playtime":1622,"items_purged":["Strike_R","Strike_R","Strike_R","Strike_R","Bash+1","Defend_R"],"score":1762,"play_id":"3ec9b375-7c36-4e35-b810-9486ae0a6273","local_time":"20190303000624","is_ascension_mode":true,"campfire_choices":[{"data":"True Grit","floor":6,"key":"SMITH"},{"data":"Burning Pact","floor":8,"key":"SMITH"},{"data":"Body Slam","floor":15,"key":"SMITH"},{"data":"Shrug It Off","floor":32,"key":"SMITH"},{"data":"Defend_R","floor":45,"key":"PURGE"},{"data":"Defend_R","floor":49,"key":"PURGE"}],"neow_cost":"TEN_PERCENT_HP_LOSS","seed_source_timestamp":17855841400308,"circlet_count":0,"master_deck":["AscendersBane","Defend_R","True Grit+1","Burning Pact+1","Pommel Strike+1","Body Slam+1","Evolve","Second Wind+1","Shrug It Off+1","Offering"],"relics":["Burning Blood","Membership Card","Sundial","Turnip","Meat on the Bone","Runic Pyramid","Letter Opener","Pear","Gremlin Horn","Question Card","Eternal Feather","Kunai","Peace Pipe","Calipers","Paper Frog","Omamori"],"potions_floor_usage":[16,25,28],"damage_taken":[{"damage":11,"enemies":"Jaw Worm","floor":1,"turns":5},{"damage":29,"enemies":"3 Sentries","floor":10,"turns":11},{"damage":1,"enemies":"Cultist","floor":12,"turns":3},{"damage":2,"enemies":"2 Louse","floor":13,"turns":3},{"damage":19,"enemies":"Hexaghost","floor":16,"turns":6},{"damage":2,"enemies":"Shell Parasite","floor":18,"turns":3},{"damage":22,"enemies":"Spheric Guardian","floor":20,"turns":4},{"damage":0,"enemies":"Book of Stabbing","floor":23,"turns":3},{"damage":0,"enemies":"Gremlin Leader","floor":25,"turns":2},{"damage":18,"enemies":"Snecko","floor":28,"turns":4},{"damage":0,"enemies":"Cultist and Chosen","floor":31,"turns":2},{"damage":21,"enemies":"Champ","floor":33,"turns":4},{"damage":6,"enemies":"3 Darklings","floor":35,"turns":2},{"damage":6,"enemies":"3 Shapes","floor":36,"turns":3},{"damage":6,"enemies":"Sphere and 2 Shapes","floor":38,"turns":2},{"damage":6,"enemies":"Giant Head","floor":40,"turns":2},{"damage":24,"enemies":"Transient","floor":41,"turns":5},{"damage":6,"enemies":"Reptomancer","floor":42,"turns":1},{"damage":2,"enemies":"Giant Head","floor":44,"turns":3},{"damage":0,"enemies":"Maw","floor":47,"turns":4},{"damage":6,"enemies":"3 Darklings","floor":48,"turns":1},{"damage":6,"enemies":"Awakened One","floor":50,"turns":3}],"seed_played":"-5580898408291223640","potions_obtained":[{"floor":1,"key":"SteroidPotion"},{"floor":10,"key":"Swift Potion"},{"floor":23,"key":"SpeedPotion"},{"floor":25,"key":"Ancient Potion"},{"floor":31,"key":"Swift Potion"}],"is_trial":false,"path_per_floor":["M","$","?","$","?","R","$","R","T","E","T","M","M","$","R","B",null,"M","?","M","?","$","E","$","E","T","$","M","?","T","M","R","B",null,"M","M","$","M","?","E","M","E","T","E","R","$","M","M","R","B",null],"character_chosen":"IRONCLAD","items_purchased":["Burning Pact","Membership Card","Sundial","Pommel Strike","Shrug It Off","Kunai"],"campfire_rested":0,"item_purchase_floors":[2,2,4,4,27,37],"current_hp_per_floor":[63,63,57,57,37,37,37,37,37,14,14,31,47,47,47,46,63,67,67,51,51,51,57,57,73,73,73,61,61,61,67,67,52,72,72,72,72,72,72,72,54,54,54,58,64,64,70,70,74,74],"gold":81,"neow_bonus":"TWO_FIFTY_GOLD","is_prod":false,"is_daily":false,"chose_seed":false,"campfire_upgraded":4,"win_rate":0,"timestamp":1551542784,"path_taken":["M","$","?","?","?","R","?","R","T","E","?","?","?","$","R","BOSS","M","?","M","?","$","E","$","E","T","$","?","?","?","M","R","BOSS","M","M","$","M","?","E","M","E","T","E","R","$","M","M","R","BOSS"],"build_version":"2019-01-23","purchased_purges":6,"victory":true,"max_hp_per_floor":[68,68,68,68,68,68,68,68,68,68,68,68,68,68,68,68,68,68,68,68,68,68,68,68,78,78,78,78,78,78,78,78,78,78,78,78,78,78,74,74,74,74,74,74,74,74,74,74,74,74],"card_choices":[{"not_picked":["Metallicize","Clothesline"],"picked":"True Grit","floor":1},{"not_picked":["Twin Strike","True Grit"],"picked":"Body Slam","floor":10},{"not_picked":["Hemokinesis","Burning Pact","Cleave"],"picked":"SKIP","floor":12},{"not_picked":["Wild Strike","Clothesline"],"picked":"Evolve","floor":13},{"not_picked":["Intimidate","Disarm"],"picked":"Second Wind+1","floor":18},{"not_picked":["Inflame","Dropkick","Iron Wave"],"picked":"SKIP","floor":20},{"not_picked":["Disarm","Iron Wave","Searing Blow"],"picked":"SKIP","floor":23},{"not_picked":["Wild Strike","Havoc","Second Wind"],"picked":"SKIP","floor":25},{"not_picked":["Headbutt","Thunderclap","Hemokinesis"],"picked":"SKIP","floor":28},{"not_picked":["Hemokinesis","Flex","Rage","True Grit"],"picked":"SKIP","floor":31},{"not_picked":["Reaper","Impervious","Juggernaut"],"picked":"Offering","floor":33},{"not_picked":["Thunderclap","Sentinel","Flame Barrier+1","Wild Strike"],"picked":"SKIP","floor":35},{"not_picked":["Warcry","Havoc","Dual Wield","Cleave+1"],"picked":"SKIP","floor":36},{"not_picked":["Combust+1","Dual Wield","Headbutt","Sword Boomerang"],"picked":"SKIP","floor":38},{"not_picked":["Clothesline","Cleave","Spot Weakness","Havoc"],"picked":"SKIP","floor":40},{"not_picked":["Warcry","Reckless Charge","Flex+1","Perfected Strike+1"],"picked":"SKIP","floor":41},{"not_picked":["Metallicize","Combust+1","Offering","Heavy Blade"],"picked":"SKIP","floor":42},{"not_picked":["True Grit","Perfected Strike+1","Armaments","Twin Strike+1"],"picked":"SKIP","floor":44},{"not_picked":["Disarm","Pummel","Ghostly Armor","Shrug It Off"],"picked":"SKIP","floor":47},{"not_picked":["Rage","Twin Strike","Rupture","Double Tap"],"picked":"SKIP","floor":48}],"player_experience":1078323,"relics_obtained":[{"floor":10,"key":"Turnip"},{"floor":11,"key":"Meat on the Bone"},{"floor":23,"key":"Letter Opener"},{"floor":25,"key":"Pear"},{"floor":26,"key":"Gremlin Horn"},{"floor":30,"key":"Question Card"},{"floor":40,"key":"Peace Pipe"},{"floor":42,"key":"Calipers"},{"floor":43,"key":"Paper Frog"},{"floor":44,"key":"Omamori"}],"event_choices":[{"damage_healed":0,"gold_gain":50,"player_choice":"Touch","damage_taken":6,"max_hp_gain":0,"max_hp_loss":0,"event_name":"FaceTrader","floor":3,"gold_loss":0},{"damage_healed":0,"gold_gain":0,"player_choice":"Entered Light","damage_taken":20,"max_hp_gain":0,"max_hp_loss":0,"event_name":"Shining Light","floor":5,"gold_loss":0,"cards_upgraded":["Bash","Pommel Strike"]},{"damage_healed":0,"gold_gain":0,"player_choice":"Ignored","damage_taken":0,"max_hp_gain":0,"max_hp_loss":0,"event_name":"Cursed Tome","floor":19,"gold_loss":0},{"cards_removed":["Strike_R"],"damage_healed":0,"gold_gain":0,"player_choice":"Offered Basic","damage_taken":0,"max_hp_gain":0,"max_hp_loss":0,"event_name":"Bonfire Elementals","floor":21,"gold_loss":0},{"damage_healed":0,"gold_gain":0,"player_choice":"Ignored","damage_taken":0,"max_hp_gain":0,"max_hp_loss":0,"event_name":"Vampires","floor":29,"gold_loss":0},{"damage_healed":0,"gold_gain":0,"player_choice":"Max HP","damage_taken":0,"max_hp_gain":0,"max_hp_loss":4,"event_name":"Winding Halls","floor":39,"gold_loss":0}],"is_beta":false,"boss_relics":[{"not_picked":["Coffee Dripper","Mark of Pain"],"picked":"Runic Pyramid"},{"not_picked":["Snecko Eye","Lizard Tail"],"picked":"Eternal Feather"}],"items_purged_floors":[2,14,22,24,37,46],"is_endless":false,"potions_floor_spawned":[1,10,23,25,31,35,36,41,42,47,48],"ascension_level":15}