{"gold_per_floor":[114,6,6,6,24,24,56,56,79,111,111,129,144,27,27,27],"floor_reached":16,"playtime":700,"items_purged":["Strike_G"],"score":216,"play_id":"e837645e-8aba-4f6e-a3be-3f326637f9bd","local_time":"20190421175402","is_ascension_mode":true,"campfire_choices":[{"data":"Dagger Spray","floor":6,"key":"SMITH"},{"data":"Riddle With Holes","floor":8,"key":"SMITH"},{"floor":11,"key":"REST"},{"data":"Neutralize","floor":15,"key":"SMITH"}],"neow_cost":"NONE","seed_source_timestamp":548213784586400,"circlet_count":0,"master_deck":["AscendersBane","Defend_G+1","Defend_G","Defend_G","Defend_G+1","Defend_G","Strike_G","Strike_G","Strike_G","Strike_G","Survivor","Neutralize+1","Escape Plan","Dagger Spray+1","Deadly Poison","Dagger Spray+1","Riddle With Holes+1","Escape Plan","Footwork"],"relics":["Ring of the Snake","Orichalcum","Art of War","War Paint","Letter Opener"],"potions_floor_usage":[7,7],"damage_taken":[{"damage":0,"enemies":"Jaw Worm","floor":1,"turns":6},{"damage":2,"enemies":"Small Slimes","floor":5,"turns":4},{"damage":18,"enemies":"Lagavulin","floor":7,"turns":6},{"damage":29,"enemies":"Gremlin Nob","floor":10,"turns":5},{"damage":0,"enemies":"Cultist","floor":12,"turns":2},{"damage":3,"enemies":"Blue Slaver","floor":13,"turns":3},{"damage":28,"enemies":"Hexaghost","floor":16,"turns":12}],"seed_played":"1669504330886766688","potions_obtained":[{"floor":1,"key":"Poison Potion"},{"floor":5,"key":"Weak Potion"}],"is_trial":false,"path_per_floor":["M","$","?","?","M","R","E","R","T","E","R","M","M","$","R","B"],"character_chosen":"THE_SILENT","items_purchased":["Dagger Spray","Deadly Poison","Footwork"],"campfire_rested":1,"item_purchase_floors":[2,2,14],"current_hp_per_floor":[59,59,64,64,62,62,44,44,44,15,36,36,33,33,33,5],"gold":27,"neow_bonus":"RANDOM_COMMON_RELIC","is_prod":false,"is_daily":false,"chose_seed":false,"campfire_upgraded":3,"win_rate":0,"timestamp":1555883642,"path_taken":["M","$","?","?","?","R","E","R","T","E","R","M","M","$","R","BOSS"],"build_version":"2019-04-20","purchased_purges":1,"victory":false,"max_hp_per_floor":[66,66,71,71,71,71,71,71,71,71,71,71,71,71,71,71],"card_choices":[{"not_picked":["Setup","Caltrops"],"picked":"Escape Plan","floor":1},{"not_picked":["Cloak And Dagger","Calculated Gamble"],"picked":"Dagger Spray","floor":5},{"not_picked":["Calculated Gamble","After Image"],"picked":"Riddle With Holes","floor":7},{"not_picked":["Deadly Poison","All Out Attack"],"picked":"Escape Plan","floor":10},{"not_picked":["Riddle With Holes","Dagger Spray","Finisher"],"picked":"SKIP","floor":12},{"not_picked":["Flying Knee","Poisoned Stab","Dagger Throw"],"picked":"SKIP","floor":13}],"player_experience":1358527,"relics_obtained":[{"floor":7,"key":"Art of War"},{"floor":9,"key":"War Paint"},{"floor":10,"key":"Letter Opener"}],"event_choices":[{"damage_healed":0,"gold_gain":0,"player_choice":"Donut","damage_taken":0,"max_hp_gain":5,"max_hp_loss":0,"event_name":"Big Fish","floor":3,"gold_loss":0},{"damage_healed":0,"gold_gain":0,"player_choice":"Forge","damage_taken":0,"max_hp_gain":0,"max_hp_loss":0,"event_name":"Accursed Blacksmith","floor":4,"gold_loss":0,"cards_upgraded":["Dagger Spray"]}],"is_beta":true,"boss_relics":[],"items_purged_floors":[14],"is_endless":false,"potions_floor_spawned":[1,5],"killed_by":"Hexaghost","ascension_level":20}