{"gold_per_floor":[115,133,7,22,22,22,50,80,104,139,139,119,119,137,137,234,234,251,170,183,183,183],"floor_reached":22,"playtime":1590,"items_purged":[],"score":192,"play_id":"4a7c1d6e-2065-4059-99b3-dd8ad8fcaaee","local_time":"20181230011521","is_ascension_mode":false,"campfire_choices":[{"data":"Fusion","floor":6,"key":"SMITH"},{"floor":15,"key":"REST"}],"neow_cost":"NONE","seed_source_timestamp":122625787177063,"circlet_count":0,"master_deck":["Strike_B","Strike_B","Strike_B","Strike_B","Defend_B","Defend_B","Defend_B","Defend_B","Zap","Dualcast","Leap","Loop","Fusion+1","Turbo","Rip and Tear","Melter","Electrodynamics","Parasite","Consume","Ball Lightning","Echo Form","White Noise","Static Discharge","Loop","Redo","Defragment","Blizzard+1","Defragment","Coolheaded+1","Dualcast"],"relics":["Cracked Core","Peace Pipe","Bottled Tornado","Blood Vial","Lantern","Dream Catcher","Orrery"],"potions_floor_usage":[],"damage_taken":[{"damage":1,"enemies":"Cultist","floor":1,"turns":3},{"damage":0,"enemies":"Small Slimes","floor":2,"turns":3},{"damage":6,"enemies":"Jaw Worm","floor":4,"turns":5},{"damage":37,"enemies":"Gremlin Nob","floor":7,"turns":5},{"damage":35,"enemies":"3 Sentries","floor":10,"turns":7},{"damage":10,"enemies":"Looter","floor":14,"turns":3},{"damage":32,"enemies":"The Guardian","floor":16,"turns":10},{"damage":35,"enemies":"2 Thieves","floor":18,"turns":3},{"damage":35,"enemies":"3 Byrds","floor":20,"turns":5},{"damage":20,"enemies":"Centurion and Healer","floor":22,"turns":1}],"seed_played":"-5303762912774391278","potions_obtained":[{"floor":4,"key":"EssenceOfSteel"},{"floor":14,"key":"FocusPotion"},{"floor":16,"key":"EssenceOfSteel"}],"is_trial":false,"path_per_floor":["M","M","$","M","T","R","E","?","T","E","$","?","?","M","R","B",null,"M","$","M","?","M"],"character_chosen":"DEFECT","items_purchased":["Fusion","Turbo","Defragment"],"campfire_rested":1,"item_purchase_floors":[3,3,19],"current_hp_per_floor":[81,81,81,75,75,75,38,38,38,5,5,5,25,17,41,11,82,47,47,14,14,0],"gold":183,"neow_bonus":"TEN_PERCENT_HP_BONUS","is_prod":false,"is_daily":false,"chose_seed":false,"campfire_upgraded":1,"win_rate":0.0,"timestamp":1546161321,"path_taken":["M","?","$","M","?","R","E","?","T","E","?","?","?","M","R","BOSS","M","$","M","?","?"],"build_version":"2018-12-20","purchased_purges":0,"victory":false,"max_hp_per_floor":[82,82,82,82,82,82,82,82,82,82,82,82,82,82,82,82,82,82,82,82,82,82],"card_choices":[{"not_picked":["Steam","Go for the Eyes"],"picked":"Leap","floor":1},{"not_picked":["FTL","Heatsinks"],"picked":"Loop","floor":2},{"not_picked":["Go for the Eyes","BootSequence"],"picked":"Rip and Tear","floor":4},{"not_picked":["Fusion","Scrape"],"picked":"Melter","floor":7},{"not_picked":["Steam","Barrage"],"picked":"Electrodynamics","floor":10},{"not_picked":["Ball Lightning","Lockon"],"picked":"Consume","floor":14},{"not_picked":["Rebound","Stack"],"picked":"Ball Lightning","floor":15},{"not_picked":["Fission","Multi-Cast"],"picked":"Echo Form","floor":16},{"not_picked":["Consume","Compile Driver"],"picked":"White Noise","floor":17},{"not_picked":["Conserve Battery","Leap"],"picked":"Static Discharge","floor":17},{"not_picked":["Go for the Eyes","Aggregate"],"picked":"Loop","floor":17},{"not_picked":["Leap","Compile Driver"],"picked":"Redo","floor":17},{"not_picked":["Multi-Cast","Sweeping Beam"],"picked":"Defragment","floor":17},{"not_picked":["Rebound","Stack"],"picked":"Blizzard+1","floor":18},{"not_picked":["Redo","Lockon"],"picked":"Coolheaded+1","floor":20}],"player_experience":149246,"relics_obtained":[{"floor":5,"key":"Peace Pipe"},{"floor":7,"key":"Bottled Tornado"},{"floor":9,"key":"Lantern"},{"floor":10,"key":"Dream Catcher"}],"event_choices":[{"damage_healed":0,"gold_gain":30,"player_choice":"Searched \u00272\u0027 times","damage_taken":0,"relics_obtained":["Blood Vial"],"max_hp_gain":0,"max_hp_loss":0,"event_name":"Dead Adventurer","floor":8,"gold_loss":0},{"damage_healed":0,"gold_gain":0,"player_choice":"Left Gold","damage_taken":0,"max_hp_gain":0,"max_hp_loss":0,"event_name":"World of Goop","floor":12,"gold_loss":20},{"damage_healed":20,"gold_gain":0,"player_choice":"Healed and dodged fight","damage_taken":0,"max_hp_gain":0,"max_hp_loss":0,"event_name":"Mushrooms","floor":13,"gold_loss":0,"cards_obtained":["Parasite"]},{"damage_healed":0,"gold_gain":0,"player_choice":"Copied","damage_taken":0,"max_hp_gain":0,"max_hp_loss":0,"event_name":"Duplicator","floor":21,"gold_loss":0,"cards_obtained":["Dualcast"]}],"is_beta":false,"boss_relics":[{"not_picked":["Coffee Dripper","Inserter"],"picked":"Orrery"}],"items_purged_floors":[],"is_endless":false,"potions_floor_spawned":[4,14,16,18,20],"killed_by":"Centurion and Healer","ascension_level":0}