{"path_per_floor":["M","?","$","?","?","R","$","M","T","E","?","M","R","?","R","B",null,"M","M","?","$","?","$","R","M","T","M","M"],"character_chosen":"IRONCLAD","items_purchased":[],"gold_per_floor":[116,116,41,116,116,116,16,34,58,96,96,117,117,117,117,240,240,228,244,167,42,42,42,42,61,61,71,88,88],"floor_reached":29,"campfire_rested":3,"playtime":882,"current_hp_per_floor":[66,46,46,35,40,65,65,66,66,34,17,23,48,48,48,11,85,76,42,42,42,42,42,67,55,55,19,19,0],"items_purged":["Decay","Strike_R","Strike_R"],"gold":88,"score":265,"play_id":"f9a07359-8386-477d-9773-6a7d8a4b30a2","local_time":"20180515145919","is_prod":false,"is_daily":false,"chose_seed":false,"is_ascension_mode":true,"campfire_upgraded":1,"timestamp":1526367559,"path_taken":["M","?","$","?","?","R","$","M","T","E","?","M","R","?","R","BOSS","M","M","?","$","?","?","R","M","T","M","M","?"],"build_version":"2018-05-10","seed_source_timestamp":19186672053467,"purchased_purges":3,"victory":false,"master_deck":["Strike_R+1","Strike_R","Strike_R","Defend_R+1","Defend_R","Defend_R+1","Bash+1","Armaments+1","J.A.X.","Warcry+1","Bloodletting+1"],"max_hp_per_floor":[80,80,80,80,85,85,85,85,85,85,85,85,85,85,85,85,85,85,85,85,85,85,85,85,85,85,85,85,85],"relics":["Burning Blood","Sundial","Bloody Idol","War Paint","Anchor","Runic Cube","Gremlin Horn"],"card_choices":[{"not_picked":["Shockwave","Clothesline"],"picked":"Armaments","floor":10},{"not_picked":["Blood for Blood","Perfected Strike"],"picked":"Warcry","floor":25},{"not_picked":["Flex","Perfected Strike"],"picked":"Bloodletting","floor":28}],"player_experience":176086,"potions_floor_usage":[16,18,25,28],"damage_taken":[{"damage":20,"enemies":"Jaw Worm","floor":1,"turns":4},{"damage":5,"enemies":"Small Slimes","floor":8,"turns":3},{"damage":38,"enemies":"Lagavulin","floor":10,"turns":8},{"damage":0,"enemies":"2 Louse","floor":12,"turns":2},{"damage":43,"enemies":"The Guardian","floor":16,"turns":16},{"damage":15,"enemies":"2 Thieves","floor":18,"turns":4},{"damage":40,"enemies":"Shell Parasite","floor":19,"turns":6},{"damage":23,"enemies":"Centurion and Healer","floor":25,"turns":7},{"damage":47,"enemies":"Chosen and Byrds","floor":27,"turns":7},{"damage":11,"enemies":"Snake Plant","floor":28,"turns":5},{"damage":21,"enemies":"3 Cultists","floor":29,"turns":5}],"event_choices":[{"event_name":"Golden Idol","player_choice":"Take Damage","floor":2,"damage_taken":0},{"event_name":"World of Goop","player_choice":"Gather Gold","floor":4,"damage_taken":0},{"event_name":"Big Fish","player_choice":"Donut","floor":5,"damage_taken":0},{"event_name":"Shining Light","player_choice":"Entered Light","floor":11,"damage_taken":0},{"event_name":"Purifier","player_choice":"One Purge","floor":14,"damage_taken":0},{"event_name":"Drug Dealer","player_choice":"Got JAXXED","floor":20,"damage_taken":0},{"event_name":"Forgotten Altar","player_choice":"Gave Idol","floor":22,"damage_taken":0}],"boss_relics":[{"not_picked":["Ectoplasm","Calling Bell"],"picked":"Runic Cube"}],"potions_floor_spawned":[12,16,19,25,27],"seed_played":"2840432693081546312","killed_by":"3 Cultists","ascension_level":4,"is_trial":false}