{"gold_per_floor":[113,125,145,103,103,115,153,165,177,19,19,19,19,31,31,104,104,121,79,79,79],"floor_reached":21,"playtime":677,"items_purged":["Regret"],"score":333,"play_id":"982f5580-7d90-469b-a861-b6c16aa5ff06","local_time":"20181107182315","is_ascension_mode":true,"campfire_choices":[{"data":"Rainbow","floor":6,"key":"SMITH"},{"floor":8,"key":"REST"},{"data":"Consume","floor":11,"key":"SMITH"},{"data":"Tempest","floor":15,"key":"SMITH"}],"neow_cost":"NONE","seed_source_timestamp":213846589912294,"circlet_count":0,"master_deck":["AscendersBane","Strike_B","Strike_B","Strike_B","Strike_B","Defend_B","Defend_B","Defend_B","Defend_B","Zap","Dualcast","Rainbow+1","Steam","Genetic Algorithm","Consume+1","Capacitor","Amplify","Trip","Tempest+1","Creative AI","Beam Cell","Self Repair"],"relics":["Cracked Core","MawBank","Bottled Lightning","Symbiotic Virus","Cursed Key"],"potions_floor_usage":[7,14],"damage_taken":[{"damage":10,"enemies":"Jaw Worm","floor":1,"turns":3},{"damage":1,"enemies":"2 Louse","floor":2,"turns":3},{"damage":0,"enemies":"Cultist","floor":3,"turns":3},{"damage":31,"enemies":"3 Sentries","floor":7,"turns":8},{"damage":6,"enemies":"Looter","floor":14,"turns":3},{"damage":24,"enemies":"Hexaghost","floor":16,"turns":9},{"damage":18,"enemies":"2 Thieves","floor":18,"turns":5},{"damage":19,"enemies":"Shell Parasite","floor":21,"turns":3}],"seed_played":"-5591880833306335142","potions_obtained":[{"floor":3,"key":"EssenceOfSteel"},{"floor":13,"key":"SpeedPotion"},{"floor":13,"key":"Block Potion"},{"floor":16,"key":"Poison Potion"}],"is_trial":false,"path_per_floor":["M","M","M","$","?","R","E","R","T","$","R","?","?","M","R","B",null,"M","$","?","M"],"character_chosen":"DEFECT","items_purchased":["Capacitor","Trip","Self Repair"],"campfire_rested":1,"item_purchase_floors":[4,10,19],"current_hp_per_floor":[54,53,53,53,53,53,22,43,43,43,43,43,43,37,37,13,57,39,39,32,13],"gold":79,"neow_bonus":"ONE_RANDOM_RARE_CARD","is_prod":false,"is_daily":false,"chose_seed":false,"campfire_upgraded":3,"win_rate":0,"timestamp":1541632995,"path_taken":["M","M","M","$","?","R","E","R","T","$","R","?","?","?","R","BOSS","M","$","?","?"],"build_version":"2018-11-01","purchased_purges":1,"victory":false,"max_hp_per_floor":[71,71,71,71,71,71,71,71,71,71,71,71,71,71,71,71,71,71,71,71,71],"card_choices":[{"not_picked":["Stack","Turbo"],"picked":"Steam","floor":1},{"not_picked":["Coolheaded","Hologram"],"picked":"Genetic Algorithm","floor":2},{"not_picked":["Hologram","Blizzard"],"picked":"Consume","floor":3},{"not_picked":["FTL","Redo"],"picked":"Amplify","floor":7},{"not_picked":["Leap","Undo"],"picked":"Tempest","floor":14},{"not_picked":["Seek","Machine Learning"],"picked":"Creative AI","floor":16},{"not_picked":["Stack","Turbo"],"picked":"Beam Cell","floor":18}],"player_experience":701238,"relics_obtained":[{"floor":7,"key":"Bottled Lightning"},{"floor":9,"key":"Symbiotic Virus"}],"event_choices":[{"damage_healed":0,"gold_gain":0,"player_choice":"Box","damage_taken":0,"relics_obtained":["MawBank"],"max_hp_gain":0,"max_hp_loss":0,"event_name":"Big Fish","floor":5,"gold_loss":0,"cards_obtained":["Regret"]},{"damage_healed":0,"gold_gain":0,"player_choice":"Ignored","damage_taken":0,"max_hp_gain":0,"max_hp_loss":0,"event_name":"Liars Game","floor":12,"gold_loss":0},{"damage_healed":0,"gold_gain":0,"player_choice":"Got Potions","damage_taken":0,"max_hp_gain":0,"max_hp_loss":0,"event_name":"Lab","floor":13,"gold_loss":0},{"damage_healed":0,"gold_gain":0,"player_choice":"","damage_taken":7,"max_hp_gain":0,"max_hp_loss":0,"event_name":"Knowing Skull","floor":20,"potions_obtained":[],"gold_loss":0,"cards_obtained":[]}],"is_beta":false,"boss_relics":[{"not_picked":["Eternal Feather","Tiny House"],"picked":"Cursed Key"}],"items_purged_floors":[10],"is_endless":false,"potions_floor_spawned":[3,16],"killed_by":"Shell Parasite","ascension_level":18}