{"gold_per_floor":[119,136,60,135,135,169,169,196,196,196,211,229,255,273,273,346,346,362,376,38,38,54,54,86,86,86,86,118,118,137,150,150,221,221,232,21,34,34,81,108,108,139,139,139,158,168,180,180,180,180],"floor_reached":51,"playtime":3172,"items_purged":[],"score":1546,"play_id":"bd711b65-78fa-4df4-933f-57c0c423de94","local_time":"20190124100305","is_ascension_mode":true,"campfire_choices":[{"floor":7.0,"key":"REST"},{"data":"Noxious Fumes","floor":15.0,"key":"SMITH"},{"data":"Wraith Form v2","floor":23.0,"key":"SMITH"},{"data":"Envenom","floor":25.0,"key":"SMITH"},{"data":"Night Terror","floor":27.0,"key":"SMITH"},{"data":"Catalyst","floor":29.0,"key":"SMITH"},{"data":"Adrenaline","floor":32.0,"key":"SMITH"},{"data":"A Thousand Cuts","floor":49,"key":"SMITH"}],"neow_cost":"NONE","seed_source_timestamp":0,"circlet_count":0,"master_deck":["AscendersBane","Survivor","Neutralize+1","Noxious Fumes+1","Bane+1","Footwork","Catalyst+1","Footwork","Backstab","Night Terror+1","Dodge and Roll","Backstab","Slice","Wraith Form v2+1","Backflip","Poisoned Stab","Dodge and Roll","Infinite Blades","Terror","Dash","Dash","Adrenaline+1","Heel Hook","PiercingWail","Envenom+1","Deflect","Setup+1","Blade Dance+1","Dodge and Roll","Backstab+1","Burst","Blade Dance","Accuracy+1","Apotheosis","Prepared+1","Terror+1","A Thousand Cuts+1"],"special_seed":0,"relics":["Ring of the Snake","NeowsBlessing","Dead Branch","Calipers","Prayer Wheel","Bird Faced Urn","Pantograph","Pandora\u0027s Box","Snake Skull","Oddly Smooth Stone","Strawberry","Question Card","WristBlade","Shovel","Juzu Bracelet","Meat on the Bone","Darkstone Periapt","PreservedInsect"],"potions_floor_usage":[48],"damage_taken":[{"damage":0.0,"enemies":"2 Louse","floor":1.0,"turns":1.0},{"damage":0.0,"enemies":"Small Slimes","floor":2.0,"turns":1.0},{"damage":0.0,"enemies":"Gremlin Nob","floor":6.0,"turns":1.0},{"damage":15.0,"enemies":"3 Sentries","floor":8.0,"turns":3.0},{"damage":0.0,"enemies":"Jaw Worm","floor":11.0,"turns":5.0},{"damage":2.0,"enemies":"Red Slaver","floor":12.0,"turns":5.0},{"damage":40.0,"enemies":"Gremlin Nob","floor":13.0,"turns":6.0},{"damage":0.0,"enemies":"Lots of Slimes","floor":14.0,"turns":6.0},{"damage":28.0,"enemies":"Hexaghost","floor":16.0,"turns":11.0},{"damage":9.0,"enemies":"Shell Parasite","floor":18.0,"turns":5.0},{"damage":0.0,"enemies":"2 Thieves","floor":19.0,"turns":3.0},{"damage":14.0,"enemies":"Snecko","floor":22.0,"turns":6.0},{"damage":14.0,"enemies":"Book of Stabbing","floor":24.0,"turns":4.0},{"damage":20.0,"enemies":"Slavers","floor":28.0,"turns":5.0},{"damage":19.0,"enemies":"Chosen and Byrds","floor":30.0,"turns":7.0},{"damage":7.0,"enemies":"3 Cultists","floor":31.0,"turns":5.0},{"damage":23.0,"enemies":"Champ","floor":33.0,"turns":11.0},{"damage":3.0,"enemies":"Orb Walker","floor":35.0,"turns":3.0},{"damage":31.0,"enemies":"3 Darklings","floor":37.0,"turns":6.0},{"damage":6.0,"enemies":"2 Orb Walkers","floor":39.0,"turns":6.0},{"damage":15.0,"enemies":"Nemesis","floor":40.0,"turns":7.0},{"damage":26.0,"enemies":"Giant Head","floor":42.0,"turns":6.0},{"damage":20,"enemies":"Maw","floor":45,"turns":5},{"damage":2,"enemies":"Spire Growth","floor":46,"turns":4},{"damage":9,"enemies":"3 Darklings","floor":47,"turns":5},{"damage":0,"enemies":"Writhing Mass","floor":48,"turns":1},{"damage":48,"enemies":"Awakened One","floor":50,"turns":9}],"seed_played":"-7412314297672307264","potions_obtained":[{"floor":1.0,"key":"Fruit Juice"},{"floor":11.0,"key":"Weak Potion"},{"floor":12.0,"key":"SmokeBomb"},{"floor":14.0,"key":"GhostInAJar"},{"floor":19.0,"key":"EssenceOfSteel"},{"floor":28.0,"key":"Swift Potion"},{"floor":31.0,"key":"SpeedPotion"},{"floor":39.0,"key":"SpeedPotion"}],"is_trial":false,"path_per_floor":["M","M","$","?","?","E","R","E","T","T","M","M","E","M","R","B",null,"M","M","$","?","M","R","E","R","T","R","E","R","M","M","R","B",null,"M","$","M","$","?","E","?","E","T","T","M","M","M","M","R","B",null],"character_chosen":"THE_SILENT","items_purchased":["Footwork","Snake Skull","Oddly Smooth Stone","Apotheosis"],"campfire_rested":1,"item_purchase_floors":[3,20,20,36],"current_hp_per_floor":[59,64,64,53,32,32,53,38,38,38,44,50,16,24,24,27,60,57,61,61,54,50,50,51,51,51,51,47,47,48,51,51,75,77,78,78,48,48,54,57,57,43,43,43,47,53,48,48,48,58],"gold":180,"neow_bonus":"THREE_ENEMY_KILL","is_prod":false,"is_daily":false,"chose_seed":false,"campfire_upgraded":7,"win_rate":0,"timestamp":1548342185,"path_taken":["M","M","$","?","?","E","R","E","T","?","?","M","E","M","R","BOSS","M","M","?","?","M","R","E","R","T","R","E","R","M","?","R","BOSS","M","$","M","$","?","E","?","E","T","?","M","M","M","M","R","BOSS"],"build_version":"2019-01-23","purchased_purges":0,"victory":true,"max_hp_per_floor":[66,71,71,71,71,71,71,71,71,71,71,71,71,71,71,71,71,71,71,71,71,71,71,78,78,78,78,78,78,78,78,78,78,78,78,78,78,78,78,78,78,78,78,78,78,78,78,78,78,78],"card_choices":[{"not_picked":["Dagger Spray","Bane"],"picked":"Noxious Fumes","floor":1.0},{"not_picked":["Quick Slash","Outmaneuver"],"picked":"Bane","floor":2.0},{"not_picked":["Cloak And Dagger","Prepared"],"picked":"Catalyst","floor":6.0},{"not_picked":["Eviscerate","Expertise"],"picked":"Footwork","floor":8.0},{"not_picked":["Bouncing Flask","Choke"],"picked":"Backstab","floor":11.0},{"not_picked":["Slice","Deflect"],"picked":"Night Terror","floor":11.0},{"not_picked":["Slice","Outmaneuver"],"picked":"Dodge and Roll","floor":12.0},{"not_picked":["Dagger Throw","Flechettes","Prepared"],"picked":"SKIP","floor":12.0},{"not_picked":["Sucker Punch","Infinite Blades","Deadly Poison"],"picked":"SKIP","floor":13.0},{"not_picked":["Skewer","Sucker Punch"],"picked":"Backstab","floor":14.0},{"not_picked":["Dagger Spray","All Out Attack"],"picked":"Slice","floor":14.0},{"not_picked":["Tools of the Trade","Venomology"],"picked":"Wraith Form v2","floor":16.0},{"not_picked":["Tactician+1","Outmaneuver"],"picked":"PiercingWail","floor":18.0},{"not_picked":["Poisoned Stab","Bouncing Flask","Flying Knee"],"picked":"SKIP","floor":18.0},{"not_picked":["All Out Attack","Deadly Poison"],"picked":"Envenom","floor":19.0},{"not_picked":["Reflex","Quick Slash"],"picked":"Deflect","floor":19.0},{"not_picked":["Acrobatics","Dagger Spray"],"picked":"Setup+1","floor":22.0},{"not_picked":["Poisoned Stab","Deadly Poison"],"picked":"Blade Dance+1","floor":22.0},{"not_picked":["Grand Finale","Backflip+1","All Out Attack+1"],"picked":"SKIP","floor":24.0},{"not_picked":["Finisher","Deadly Poison","Backflip"],"picked":"SKIP","floor":28.0},{"not_picked":["Heel Hook","Tactician","Deadly Poison+1"],"picked":"Dodge and Roll","floor":30.0},{"not_picked":["Bouncing Flask","Slice","Predator","Endless Agony"],"picked":"SKIP","floor":30.0},{"not_picked":["Flying Knee","Deadly Poison","Slice"],"picked":"Backstab+1","floor":31.0},{"not_picked":["Accuracy","Masterful Stab","Well Laid Plans","Dagger Spray"],"picked":"SKIP","floor":31.0},{"not_picked":["Storm of Steel","Night Terror","A Thousand Cuts"],"picked":"Burst","floor":33.0},{"not_picked":["Quick Slash","Dagger Spray","Distraction"],"picked":"Blade Dance","floor":35.0},{"not_picked":["Bane","Prepared","Cloak And Dagger+1"],"picked":"Accuracy+1","floor":35.0},{"not_picked":["Acrobatics","Leg Sweep+1","Outmaneuver","Escape Plan"],"picked":"SKIP","floor":37.0},{"not_picked":["Slice","Dagger Throw","Riddle With Holes","Flying Knee"],"picked":"SKIP","floor":37.0},{"not_picked":["PiercingWail","Setup","Deadly Poison","Outmaneuver+1"],"picked":"SKIP","floor":40.0},{"not_picked":["Setup","Heel Hook","Deadly Poison+1"],"picked":"Prepared+1","floor":42.0},{"not_picked":["Escape Plan+1","Infinite Blades","Cloak And Dagger","Deflect+1"],"picked":"SKIP","floor":45},{"not_picked":["Flying Knee+1","Deadly Poison","Dodge and Roll","Flechettes"],"picked":"SKIP","floor":45},{"not_picked":["Sucker Punch","Calculated Gamble","Finisher"],"picked":"Terror+1","floor":46},{"not_picked":["Sucker Punch","Dash","Finisher","Setup"],"picked":"SKIP","floor":46},{"not_picked":["Skewer","Prepared","Quick Slash"],"picked":"A Thousand Cuts","floor":47},{"not_picked":["Cloak And Dagger","Accuracy","Backflip","Acrobatics"],"picked":"SKIP","floor":47}],"player_experience":804497,"relics_obtained":[{"floor":6.0,"key":"Dead Branch"},{"floor":8.0,"key":"Calipers"},{"floor":9.0,"key":"Prayer Wheel"},{"floor":10.0,"key":"Bird Faced Urn"},{"floor":13.0,"key":"Pantograph"},{"floor":24.0,"key":"Strawberry"},{"floor":28.0,"key":"Question Card"},{"floor":39.0,"key":"Shovel"},{"floor":40.0,"key":"Juzu Bracelet"},{"floor":42.0,"key":"Meat on the Bone"},{"floor":43.0,"key":"Darkstone Periapt"},{"floor":44.0,"key":"PreservedInsect"}],"event_choices":[{"damage_healed":0.0,"max_hp_gain":0.0,"max_hp_loss":0.0,"gold_gain":75.0,"event_name":"World of Goop","player_choice":"Gather Gold","floor":4.0,"gold_loss":0.0,"damage_taken":11.0},{"damage_healed":0.0,"max_hp_gain":0.0,"max_hp_loss":0.0,"gold_gain":0.0,"event_name":"Shining Light","player_choice":"Entered Light","floor":5.0,"gold_loss":0.0,"damage_taken":21.0,"cards_upgraded":["Neutralize","Bane"]},{"damage_healed":0.0,"max_hp_gain":0.0,"max_hp_loss":0.0,"gold_gain":0.0,"event_name":"Knowing Skull","player_choice":"","floor":21.0,"potions_obtained":[],"gold_loss":0.0,"damage_taken":7.0,"cards_obtained":[]},{"damage_healed":0.0,"max_hp_gain":0.0,"max_hp_loss":0.0,"gold_gain":0.0,"event_name":"Mysterious Sphere","player_choice":"Fight","floor":39.0,"gold_loss":0.0,"damage_taken":0.0},{"cards_removed":["Bane"],"damage_healed":0.0,"max_hp_gain":0.0,"max_hp_loss":0.0,"gold_gain":0.0,"event_name":"Falling","player_choice":"Removed Attack","floor":41.0,"gold_loss":0.0,"damage_taken":0.0}],"is_beta":false,"boss_relics":[{"not_picked":["HoveringKite","Orrery"],"picked":"Pandora\u0027s Box"},{"not_picked":["Astrolabe","Empty Cage"],"picked":"WristBlade"}],"items_purged_floors":[],"is_endless":false,"potions_floor_spawned":[1,11,12,14,19,28,31,33,35,37,39,42,47],"ascension_level":19}