{"gold_per_floor":[110,129,149,169,169,186,218,218,218,318,335,368,387,402,402,502,502,519,111,111,130,149,149],"floor_reached":23,"playtime":1458,"items_purged":[],"score":207,"play_id":"844c51c8-c20d-4c80-8e76-c40b12b7af25","local_time":"20181230034035","is_ascension_mode":false,"campfire_choices":[{"floor":8,"key":"REST"},{"floor":15,"key":"REST"}],"neow_cost":"NONE","seed_source_timestamp":131472179643366,"circlet_count":0,"master_deck":["Strike_B","Strike_B","Strike_B","Strike_B","Defend_B","Defend_B","Defend_B","Defend_B","Zap","Dualcast","Redo+1","Leap","Heatsinks","Consume","Turbo","Hologram","Sweeping Beam","White Noise","Chill","Melter","Electrodynamics","Chaos","Mayhem","Defragment","Defragment"],"relics":["Cracked Core","Bronze Scales","PreservedInsect","Question Card","Pocketwatch","Sozu","Meat on the Bone","NlothsMask"],"potions_floor_usage":[16],"damage_taken":[{"damage":1,"enemies":"Cultist","floor":1,"turns":3},{"damage":6,"enemies":"Jaw Worm","floor":2,"turns":2},{"damage":7,"enemies":"Small Slimes","floor":3,"turns":2},{"damage":0,"enemies":"Blue Slaver","floor":4,"turns":3},{"damage":16,"enemies":"3 Louse","floor":6,"turns":3},{"damage":19,"enemies":"Gremlin Nob","floor":7,"turns":4},{"damage":17,"enemies":"Lots of Slimes","floor":11,"turns":3},{"damage":9,"enemies":"3 Sentries","floor":12,"turns":4},{"damage":14,"enemies":"Exordium Thugs","floor":13,"turns":4},{"damage":1,"enemies":"2 Fungi Beasts","floor":14,"turns":2},{"damage":21,"enemies":"Hexaghost","floor":16,"turns":10},{"damage":4,"enemies":"Spheric Guardian","floor":18,"turns":4},{"damage":18,"enemies":"Shell Parasite","floor":21,"turns":6},{"damage":52,"enemies":"Shelled Parasite and Fungi","floor":22,"turns":5},{"damage":13,"enemies":"Book of Stabbing","floor":23,"turns":2}],"seed_played":"4259163372634286143","potions_obtained":[{"floor":1,"key":"FearPotion"},{"floor":11,"key":"Dexterity Potion"},{"floor":12,"key":"Weak Potion"}],"is_trial":false,"path_per_floor":["M","M","M","M","?","M","E","R","T","?","M","E","M","M","R","B",null,"M","$","?","M","M","E"],"character_chosen":"DEFECT","items_purchased":["Meat on the Bone","Mayhem"],"campfire_rested":2,"item_purchase_floors":[19,19],"current_hp_per_floor":[74,68,61,61,61,45,26,48,48,48,31,22,8,7,29,8,75,71,71,71,53,13,0],"gold":149,"neow_bonus":"RANDOM_COMMON_RELIC","is_prod":false,"is_daily":false,"chose_seed":false,"campfire_upgraded":0,"win_rate":0.0,"timestamp":1546170035,"path_taken":["M","M","?","M","?","?","E","R","T","?","M","E","M","?","R","BOSS","M","$","?","?","M","E"],"build_version":"2018-12-20","purchased_purges":0,"victory":false,"max_hp_per_floor":[75,75,75,75,75,75,75,75,75,75,75,75,75,75,75,75,75,75,75,75,75,75,75],"card_choices":[{"not_picked":["Gash","Barrage"],"picked":"Redo","floor":1},{"not_picked":["Coolheaded","Beam Cell"],"picked":"Leap","floor":2},{"not_picked":["Gash","Stack"],"picked":"Heatsinks","floor":3},{"not_picked":["Chill","Machine Learning"],"picked":"Consume","floor":4},{"not_picked":["Redo","Streamline"],"picked":"Turbo","floor":6},{"not_picked":["Compile Driver","Leap"],"picked":"Hologram","floor":7},{"not_picked":["Stack","Cold Snap","Turbo"],"picked":"Sweeping Beam","floor":11},{"not_picked":["Rebound","Compile Driver","Hologram"],"picked":"White Noise","floor":12},{"not_picked":["Cold Snap","Redo","Barrage"],"picked":"Chill","floor":13},{"not_picked":["Cold Snap","Force Field","Blizzard"],"picked":"Melter","floor":14},{"not_picked":["Echo Form","Thunder Strike","Buffer"],"picked":"Electrodynamics","floor":16},{"not_picked":["Aggregate","Darkness","Tempest"],"picked":"Chaos","floor":18},{"not_picked":["Conserve Battery","Skim","Sweeping Beam"],"picked":"Defragment","floor":21},{"not_picked":["Gash","Beam Cell","Cold Snap"],"picked":"Defragment","floor":22}],"player_experience":158007,"relics_obtained":[{"floor":7,"key":"PreservedInsect"},{"floor":9,"key":"Question Card"},{"floor":12,"key":"Pocketwatch"}],"event_choices":[{"damage_healed":0,"gold_gain":0,"player_choice":"Forge","damage_taken":0,"max_hp_gain":0,"max_hp_loss":0,"event_name":"Accursed Blacksmith","floor":5,"gold_loss":0,"cards_upgraded":["Redo"]},{"damage_healed":0,"gold_gain":100,"player_choice":"Gold","damage_taken":0,"max_hp_gain":0,"max_hp_loss":0,"event_name":"Wheel of Change","floor":10,"gold_loss":0},{"damage_healed":0,"gold_gain":0,"player_choice":"Trade","damage_taken":0,"relics_obtained":["NlothsMask"],"max_hp_gain":0,"max_hp_loss":0,"event_name":"FaceTrader","floor":20,"gold_loss":0}],"is_beta":false,"boss_relics":[{"not_picked":["Busted Crown","Velvet Choker"],"picked":"Sozu"}],"items_purged_floors":[],"is_endless":false,"potions_floor_spawned":[1,11,12,14,21],"killed_by":"Book of Stabbing","ascension_level":0}