{"gold_per_floor":[110,110,110,110,135,167,167,194,263,263,338,94,94,107,107,181,231,251,201,14,30,45,74,74,94,94,94],"floor_reached":27,"playtime":928,"items_purged":["Regret"],"score":593,"play_id":"1960e69b-d34e-443e-a5f9-acc818c3f682","local_time":"20181109130125","is_ascension_mode":true,"campfire_choices":[{"data":"Neutralize","floor":7.0,"key":"SMITH"},{"data":"Blade Dance","floor":10.0,"key":"SMITH"},{"data":"Storm of Steel","floor":13.0,"key":"SMITH"},{"data":"Accuracy","floor":15.0,"key":"SMITH"},{"floor":24.0,"key":"REST"}],"neow_cost":"NONE","seed_source_timestamp":0,"circlet_count":0,"master_deck":["AscendersBane","Defend_G","Defend_G","Defend_G+1","Defend_G","Defend_G","Strike_G","Strike_G","Strike_G","Strike_G","Strike_G+1","Survivor","Neutralize+1","Catalyst+1","Choke","Blade Dance+1","Storm of Steel+1","Accuracy+1","Acrobatics","Adrenaline","Deflect","Expertise","Trip","Footwork","Backstab+1","Acrobatics+1","Deflect+1","Footwork+1"],"special_seed":0,"relics":["Ring of the Snake","NeowsBlessing","Oddly Smooth Stone","War Paint","Tingsha","Strawberry","Ornamental Fan","Tiny House","PreservedInsect","Happy Flower"],"potions_floor_usage":[],"damage_taken":[{"damage":0.0,"enemies":"Small Slimes","floor":1.0,"turns":1.0},{"damage":0.0,"enemies":"Lagavulin","floor":6.0,"turns":1.0},{"damage":0.0,"enemies":"Gremlin Nob","floor":8.0,"turns":1.0},{"damage":0.0,"enemies":"2 Louse","floor":14.0,"turns":2.0},{"damage":14.0,"enemies":"Hexaghost","floor":16.0,"turns":11.0},{"damage":2.0,"enemies":"3 Byrds","floor":18.0,"turns":3.0},{"damage":13.0,"enemies":"Shell Parasite","floor":21.0,"turns":4.0},{"damage":39.0,"enemies":"Chosen and Byrds","floor":22.0,"turns":6.0},{"damage":0.0,"enemies":"Gremlin Leader","floor":23.0,"turns":5.0},{"damage":28.0,"enemies":"Shelled Parasite and Fungi","floor":25.0,"turns":4.0},{"damage":10,"enemies":"Sentry and Sphere","floor":27,"turns":3}],"seed_played":"-1213372862228427894","potions_obtained":[{"floor":6.0,"key":"FearPotion"},{"floor":14.0,"key":"Strength Potion"},{"floor":17.0,"key":"AttackPotion"},{"floor":25.0,"key":"Weak Potion"}],"is_trial":false,"path_per_floor":["M","?","?","?","T","E","R","E","T","R","?","$","R","M","R","B",null,"M","?","$","M","M","E","R","M","T","M"],"character_chosen":"THE_SILENT","items_purchased":["Storm of Steel","Accuracy","Trip","Footwork"],"campfire_rested":1,"item_purchase_floors":[12,12,20,20],"current_hp_per_floor":[59,59,59,59,59,59,59,66,66,66,55,55,55,55,55,41,70,68,68,68,55,16,16,39,11,11,1],"gold":94,"neow_bonus":"THREE_ENEMY_KILL","is_prod":false,"is_daily":false,"chose_seed":false,"campfire_upgraded":4,"win_rate":0,"timestamp":1541786485,"path_taken":["M","?","?","?","?","E","R","E","T","R","?","$","R","M","R","BOSS","M","?","$","?","?","E","R","M","T","?"],"build_version":"2018-11-08","purchased_purges":1,"victory":false,"max_hp_per_floor":[66,66,66,66,66,66,66,73,73,73,73,73,73,73,73,73,78,78,78,78,78,78,78,78,78,78,78],"card_choices":[{"not_picked":["Flying Knee","Prepared"],"picked":"Catalyst","floor":1.0},{"not_picked":["Eviscerate","Backstab"],"picked":"Choke","floor":6.0},{"not_picked":["Well Laid Plans","Backstab"],"picked":"Blade Dance","floor":8.0},{"not_picked":["Flying Knee","After Image"],"picked":"Acrobatics","floor":14.0},{"not_picked":["Tools of the Trade","Unload"],"picked":"Adrenaline","floor":16.0},{"not_picked":["Quick Slash","Leg Sweep"],"picked":"Deflect","floor":17.0},{"not_picked":["Flechettes","Concentrate"],"picked":"Expertise","floor":18.0},{"not_picked":["Flying Knee","Dagger Throw"],"picked":"Backstab+1","floor":21.0},{"not_picked":["Distraction","Glass Knife"],"picked":"Acrobatics+1","floor":22.0},{"not_picked":["Bane","Riddle With Holes"],"picked":"Deflect+1","floor":23.0},{"not_picked":["Deadly Poison+1","Dagger Throw"],"picked":"Footwork+1","floor":25.0}],"player_experience":709303,"relics_obtained":[{"floor":5.0,"key":"War Paint"},{"floor":6.0,"key":"Tingsha"},{"floor":8.0,"key":"Strawberry"},{"floor":9.0,"key":"Ornamental Fan"},{"floor":23.0,"key":"PreservedInsect"},{"floor":26.0,"key":"Happy Flower"}],"event_choices":[{"damage_healed":0.0,"max_hp_gain":0.0,"max_hp_loss":0.0,"gold_gain":0.0,"event_name":"Golden Idol","player_choice":"Ignored","floor":2.0,"gold_loss":0.0,"damage_taken":0.0},{"damage_healed":0.0,"max_hp_gain":0.0,"max_hp_loss":0.0,"gold_gain":0.0,"event_name":"Big Fish","player_choice":"Box","floor":3.0,"gold_loss":0.0,"damage_taken":0.0,"relics_obtained":["Oddly Smooth Stone"],"cards_obtained":["Regret"]},{"damage_healed":0.0,"max_hp_gain":0.0,"max_hp_loss":0.0,"gold_gain":0.0,"event_name":"Golden Wing","player_choice":"Ignored","floor":4.0,"gold_loss":0.0,"damage_taken":0.0},{"damage_healed":0.0,"max_hp_gain":0.0,"max_hp_loss":0.0,"gold_gain":75.0,"event_name":"World of Goop","player_choice":"Gather Gold","floor":11.0,"gold_loss":0.0,"damage_taken":11.0},{"damage_healed":0.0,"max_hp_gain":0.0,"max_hp_loss":0.0,"gold_gain":0.0,"event_name":"The Joust","player_choice":"Bet on Murderer","floor":19.0,"gold_loss":50.0,"damage_taken":0.0}],"is_beta":false,"boss_relics":[{"not_picked":["Empty Cage","Philosopher\u0027s Stone"],"picked":"Tiny House"}],"items_purged_floors":[12],"is_endless":false,"potions_floor_spawned":[6,14,25],"killed_by":"Sentry and Sphere","ascension_level":18}