{"path_per_floor":["M","M","M","M","?","M","R","$","T","?","M","R","M","E","R","B",null,"M","M","M","$","M","R","M","M","T","M","E","M","E","M","R"],"character_chosen":"THE_SILENT","items_purchased":["Bronze Scales","Toolbox"],"gold_per_floor":[118,132,144,154,154,166,166,22,69,69,81,81,95,128,128,232,232,249,267,286,39,53,53,64,76,76,95,130,150,181,200,200],"floor_reached":33,"campfire_rested":0,"playtime":3283,"current_hp_per_floor":[70,70,70,70,70,64,64,64,64,64,57,57,57,47,47,18,70,70,69,65,65,63,63,65,67,67,69,69,48,41,39,39],"items_purged":[],"gold":200,"play_id":"33d9bbb4-249d-4d82-a334-be0a82dfd931","is_prod":false,"is_daily":false,"campfire_rituals":0,"campfire_upgraded":5,"is_hardmode":false,"path_taken":["M","M","M","M","?","M","R","$","T","?","M","R","M","E","R","BOSS","M","M","M","$","M","R","M","M","T","M","E","M","E","M","R","BOSS"],"build_version":"2018-01-18-PROD4","purchased_purges":0,"victory":false,"master_deck":["Defend_G","Defend_G","Defend_G","Defend_G","Strike_G","Strike_G","Strike_G","Strike_G","Survivor","Neutralize","Quick Slash","Poisoned Stab","Poisoned Stab","Caltrops","Quick Slash","Backflip","Calculated Gamble","Escape Plan","Flying Knee","Flying Knee","Tools of the Trade","Dodge and Roll","Deadly Poison","Footwork","Prepared","Deadly Poison"],"max_hp_per_floor":[70,70,70,70,70,70,70,70,70,70,70,70,70,70,70,70,70,70,70,70,70,70,70,70,70,70,70,70,70,70,72,72],"relics":["Ring of the Snake","Bronze Scales","Oddly Smooth Stone","Blood Vial","Runic Pyramid","Toolbox","Singing Bowl","Bag of Marbles","Pen Nib"],"campfire_meditates":0,"card_choices":[{"not_picked":["Skewer","Deadly Poison"],"picked":"Quick Slash"},{"not_picked":["Flechettes","Skewer"],"picked":"Poisoned Stab"},{"not_picked":["Infinite Blades","A Thousand Cuts"],"picked":"Poisoned Stab"},{"not_picked":["Endless Agony","Slice"],"picked":"Caltrops"},{"not_picked":["Riddle With Holes","Predator"],"picked":"Quick Slash"},{"not_picked":["Dodge and Roll","Prepared"],"picked":"Backflip"},{"not_picked":["Quick Slash","Prepared"],"picked":"Calculated Gamble"},{"not_picked":["Dagger Throw","Riddle With Holes"],"picked":"Escape Plan"},{"not_picked":["Terror","Acrobatics"],"picked":"Flying Knee"},{"not_picked":["Calculated Gamble","Eviscerate"],"picked":"Flying Knee"},{"not_picked":["Predator","Acrobatics"],"picked":"Tools of the Trade"},{"not_picked":["Dagger Throw","Endless Agony"],"picked":"Dodge and Roll"},{"not_picked":["Prepared","All Out Attack"],"picked":"Deadly Poison"},{"not_picked":["Prepared","Dagger Throw"],"picked":"Footwork"},{"not_picked":["Bane","Outmaneuver"],"picked":"Prepared"},{"not_picked":["Unload","Deflect"],"picked":"Deadly Poison"}],"player_experience":79714,"potions_floor_usage":[4,14,14,20,22,28,30,33],"damage_taken":[{"damage":0,"enemies":"Small Slimes","floor":1,"turns":4},{"damage":0,"enemies":"Blue Slaver","floor":2,"turns":6},{"damage":0,"enemies":"2 Louse","floor":3,"turns":3},{"damage":0,"enemies":"Gremlin Gang","floor":4,"turns":5},{"damage":6,"enemies":"3 Louse","floor":6,"turns":2},{"damage":7,"enemies":"Looter","floor":11,"turns":3},{"damage":0,"enemies":"Red Slaver","floor":13,"turns":3},{"damage":16,"enemies":"3 Sentries","floor":14,"turns":4},{"damage":31,"enemies":"The Guardian","floor":16,"turns":10},{"damage":0,"enemies":"3 Byrds","floor":18,"turns":3},{"damage":1,"enemies":"Shell Parasite","floor":19,"turns":5},{"damage":5,"enemies":"Snake Plant","floor":20,"turns":4},{"damage":4,"enemies":"3 Cultists","floor":22,"turns":5},{"damage":0,"enemies":"Snecko","floor":24,"turns":4},{"damage":0,"enemies":"Snake Plant","floor":25,"turns":2},{"damage":0,"enemies":"3 Cultists","floor":27,"turns":5},{"damage":1,"enemies":"Book of Stabbing","floor":28,"turns":6},{"damage":22,"enemies":"Sentry and Sphere","floor":29,"turns":8},{"damage":9,"enemies":"Slavers","floor":30,"turns":6},{"damage":6,"enemies":"Chosen and Byrds","floor":31,"turns":4},{"damage":42,"enemies":"Automaton","floor":33,"turns":8}],"event_choices":[{"event_name":"Upgrade Shrine","player_choice":"Upgraded","floor":5,"damage_taken":0},{"event_name":"Bonfire Elementals","player_choice":"BASIC","floor":10,"damage_taken":0}],"boss_relics":[{"not_picked":["Eternal Feather","Runic Dome"],"picked":"Runic Pyramid"}],"potions_floor_spawned":[2,6,13,14,19,25,28,30],"seed_played":"-6154056451610563502","killed_by":"Automaton","is_trial":false}