{"gold_per_floor":[116,133,151,20,95,128,128,182,182,198,229,229],"floor_reached":12,"playtime":1639,"items_purged":[],"score":88,"play_id":"2445440c-0f6c-4299-8249-bbfad3402151","local_time":"20190427195537","is_ascension_mode":false,"campfire_choices":[{"data":"Defragment","floor":7,"key":"SMITH"}],"neow_cost":"NONE","seed_source_timestamp":1458663689180849,"circlet_count":0,"master_deck":["Strike_B","Strike_B","Strike_B","Strike_B","Defend_B","Defend_B","Defend_B","Defend_B","Zap","Dualcast","Beam Cell","Conserve Battery","Gash","Capacitor","Defragment+1","Streamline","Loop","Beam Cell","Stack","Cold Snap"],"relics":["Cracked Core","Prayer Wheel","Bronze Scales"],"potions_floor_usage":[6,6,12],"damage_taken":[{"damage":0,"enemies":"Small Slimes","floor":1,"turns":3},{"damage":0,"enemies":"2 Louse","floor":2,"turns":2},{"damage":1,"enemies":"Jaw Worm","floor":3,"turns":3},{"damage":44,"enemies":"3 Sentries","floor":6,"turns":6},{"damage":6,"enemies":"3 Louse","floor":10,"turns":3},{"damage":17,"enemies":"Gremlin Nob","floor":11,"turns":4},{"damage":6,"enemies":"Large Slime","floor":12,"turns":1}],"seed_played":"1724334800686088885","potions_obtained":[{"floor":1,"key":"AttackPotion"},{"floor":3,"key":"Fruit Juice"},{"floor":11,"key":"SneckoOil"}],"is_trial":false,"path_per_floor":["M","M","M","$","?","E","R","?","T","M","E","M"],"character_chosen":"DEFECT","items_purchased":["Defragment","Streamline"],"campfire_rested":0,"item_purchase_floors":[4,4],"current_hp_per_floor":[75,75,74,74,63,24,24,24,24,18,1,0],"gold":229,"neow_bonus":"THREE_CARDS","is_prod":false,"is_daily":false,"chose_seed":false,"campfire_upgraded":1,"win_rate":0,"timestamp":1556412937,"path_taken":["M","M","M","$","?","E","R","?","T","M","E","M"],"build_version":"2019-01-23","purchased_purges":0,"victory":false,"max_hp_per_floor":[75,75,75,75,75,80,80,80,80,80,80,80],"card_choices":[{"not_picked":["Steam","Doom and Gloom"],"picked":"Beam Cell","floor":0},{"not_picked":["Compile Driver","Auto Shields"],"picked":"Conserve Battery","floor":1},{"not_picked":["Steam","Ball Lightning"],"picked":"Gash","floor":2},{"not_picked":["Beam Cell","Conserve Battery"],"picked":"Capacitor","floor":3},{"not_picked":["Leap","Reboot"],"picked":"Loop","floor":6},{"not_picked":["Turbo","Storm"],"picked":"Beam Cell","floor":10},{"not_picked":["Force Field","Sweeping Beam"],"picked":"Stack","floor":10},{"not_picked":["Hologram","Coolheaded"],"picked":"Cold Snap","floor":11}],"player_experience":240699,"relics_obtained":[{"floor":6,"key":"Prayer Wheel"},{"floor":11,"key":"Bronze Scales"}],"event_choices":[{"damage_healed":0,"gold_gain":75,"player_choice":"Gather Gold","damage_taken":11,"max_hp_gain":0,"max_hp_loss":0,"event_name":"World of Goop","floor":5,"gold_loss":0},{"damage_healed":0,"gold_gain":54,"player_choice":"Gained Gold","damage_taken":0,"max_hp_gain":0,"max_hp_loss":0,"event_name":"Golden Wing","floor":8,"gold_loss":0}],"is_beta":false,"boss_relics":[],"items_purged_floors":[],"is_endless":false,"potions_floor_spawned":[1,3,11],"killed_by":"Large Slime","ascension_level":0}