{"gold_per_floor":[116,66,81,6,20,20,37,56,83,107,119,119,134,134,134,134],"floor_reached":16,"playtime":437,"items_purged":["Strike_R"],"score":94,"play_id":"935bd625-f966-4139-b181-48a26daedc1d","local_time":"20180719203931","is_ascension_mode":false,"campfire_choices":[{"data":"Fiend Fire","floor":6,"key":"SMITH"},{"data":"Body Slam","floor":15,"key":"SMITH"}],"neow_cost":"TEN_PERCENT_HP_LOSS","seed_source_timestamp":386273945054724,"circlet_count":0,"master_deck":["Strike_R","Strike_R","Defend_R","Defend_R","Defend_R","Defend_R","Bash","Fiend Fire+1","Body Slam+1"],"relics":["Burning Blood","Bag of Preparation","Odd Mushroom"],"potions_floor_usage":[7,13,16],"damage_taken":[{"damage":0,"enemies":"2 Louse","floor":1,"turns":2},{"damage":1,"enemies":"Jaw Worm","floor":3,"turns":3},{"damage":0,"enemies":"Cultist","floor":5,"turns":2},{"damage":16,"enemies":"Lots of Slimes","floor":7,"turns":4},{"damage":21,"enemies":"Exordium Wildlife","floor":8,"turns":4},{"damage":18,"floor":10,"turns":4},{"damage":5,"enemies":"3 Louse","floor":11,"turns":5},{"damage":24,"enemies":"Exordium Thugs","floor":13,"turns":5},{"damage":17,"enemies":"The Guardian","floor":16,"turns":8}],"seed_played":"1002450219089586597","potions_obtained":[{"floor":3,"key":"SkillPotion"},{"floor":5,"key":"GamblersBrew"},{"floor":10,"key":"SkillPotion"}],"is_trial":false,"path_per_floor":["M","?","M","$","M","R","M","M","T","?","M","?","M","?","R"],"character_chosen":"IRONCLAD","items_purchased":[],"campfire_rested":0,"item_purchase_floors":[],"current_hp_per_floor":[72,72,72,72,72,72,62,47,47,35,36,41,23,16,16,0],"gold":134,"neow_bonus":"THREE_RARE_CARDS","is_prod":false,"is_daily":false,"chose_seed":false,"campfire_upgraded":2,"win_rate":0,"timestamp":1532003971,"path_taken":["M","?","?","$","M","R","M","M","T","?","M","?","M","?","R","BOSS"],"build_version":"2018-07-12","purchased_purges":1,"victory":false,"max_hp_per_floor":[72,72,72,72,72,72,72,72,72,72,72,77,77,77,77,77],"card_choices":[{"not_picked":["Double Tap","Dark Embrace"],"picked":"Fiend Fire","floor":0},{"not_picked":["Warcry","Power Through","Iron Wave"],"picked":"SKIP","floor":1},{"not_picked":["Corruption","Flex","Clash"],"picked":"SKIP","floor":3},{"not_picked":["Clothesline","Feel No Pain","Flex"],"picked":"SKIP","floor":5},{"not_picked":["Blood for Blood","Heavy Blade","Intimidate"],"picked":"SKIP","floor":7},{"not_picked":["True Grit","Cleave","Thunderclap"],"picked":"SKIP","floor":8},{"not_picked":["Flame Barrier","Reaper"],"picked":"Body Slam","floor":11},{"not_picked":["Whirlwind","Pummel","Headbutt"],"picked":"SKIP","floor":13}],"player_experience":307817,"relics_obtained":[{"floor":9,"key":"Bag of Preparation"},{"floor":10,"key":"Odd Mushroom"}],"event_choices":[{"event_name":"The Cleric","player_choice":"Card Removal","floor":2,"damage_taken":0},{"event_name":"Mushrooms","player_choice":"Fought Mushrooms","floor":10,"damage_taken":0},{"event_name":"Big Fish","player_choice":"Donut","floor":12,"damage_taken":0},{"event_name":"Golden Wing","player_choice":"Card Removal","floor":14,"damage_taken":0}],"boss_relics":[],"items_purged_floors":[4],"is_endless":false,"potions_floor_spawned":[3,5,10],"killed_by":"The Guardian","ascension_level":0}