{"gold_per_floor":[115,115,65,65,78,78,89,101,126,126,201,201,227,240,240,342,342,355,355,339,339],"floor_reached":21,"playtime":998,"items_purged":[],"score":169,"play_id":"ca1bb2ba-6a08-498d-a168-0eb0f0ab83fa","local_time":"20180810221149","is_ascension_mode":false,"campfire_choices":[{"data":"Hologram","floor":6,"key":"SMITH"},{"data":"Turbo","floor":10,"key":"SMITH"},{"floor":12,"key":"REST"},{"data":"Meteor Strike","floor":15,"key":"SMITH"}],"neow_cost":"TEN_PERCENT_HP_LOSS","seed_source_timestamp":335883200413538,"circlet_count":0,"master_deck":["Strike_B","Strike_B","Strike_B","Defend_B+1","Defend_B","Defend_B","Defend_B+1","Zap","Dualcast","Meteor Strike+1","Hologram+1","Turbo+1","Beam Cell","Compile Driver","Multi-Cast","Machine Learning","Skim","Compile Driver","Undo"],"relics":["Cracked Core"],"potions_floor_usage":[16,16],"damage_taken":[{"damage":0,"enemies":"Small Slimes","floor":1,"turns":3},{"damage":0,"enemies":"Cultist","floor":5,"turns":3},{"damage":2,"enemies":"2 Louse","floor":7,"turns":2},{"damage":8,"enemies":"Lots of Slimes","floor":8,"turns":5},{"damage":16,"enemies":"Red Slaver","floor":14,"turns":4},{"damage":32,"enemies":"Hexaghost","floor":16,"turns":9},{"damage":2,"enemies":"Chosen","floor":18,"turns":3},{"damage":27,"enemies":"2 Thieves","floor":20,"turns":4},{"damage":53,"enemies":"Chosen and Byrds","floor":21,"turns":4}],"seed_played":"3709319204162493420","potions_obtained":[{"floor":1,"key":"Dexterity Potion"},{"floor":8,"key":"FearPotion"},{"floor":16,"key":"Dexterity Potion"}],"is_trial":false,"path_per_floor":["M","?","$","?","M","R","M","M","T","R","?","R","T","M","R","B",null,"M","?","M"],"character_chosen":"DEFECT","items_purchased":["Turbo"],"campfire_rested":1,"item_purchase_floors":[3],"current_hp_per_floor":[68,54,54,54,54,54,52,44,44,44,33,53,53,37,37,5,68,66,66,39,0],"gold":339,"neow_bonus":"THREE_RARE_CARDS","is_prod":false,"is_daily":false,"chose_seed":false,"campfire_upgraded":3,"win_rate":0,"timestamp":1533910309,"path_taken":["M","?","$","?","M","R","M","M","T","R","?","R","?","?","R","BOSS","M","?","M","M"],"build_version":"2018-08-09","purchased_purges":0,"victory":false,"max_hp_per_floor":[68,68,68,68,68,68,68,68,68,68,68,68,68,68,68,68,68,68,68,68,68],"card_choices":[{"not_picked":["Seek","Core Surge"],"picked":"Meteor Strike","floor":0},{"not_picked":["Self Repair","Streamline"],"picked":"Hologram","floor":1},{"not_picked":["Cold Snap","Force Field"],"picked":"Beam Cell","floor":5},{"not_picked":["Lockon","Ball Lightning","Redo"],"picked":"SKIP","floor":7},{"not_picked":["Lockon","Ball Lightning","Redo"],"picked":"SKIP","floor":7},{"not_picked":["White Noise","Aggregate"],"picked":"Compile Driver","floor":8},{"not_picked":["Beam Cell","Go for the Eyes","Multi-Cast"],"picked":"SKIP","floor":14},{"not_picked":["Beam Cell","Go for the Eyes"],"picked":"Multi-Cast","floor":14},{"not_picked":["Creative AI","Biased Cognition"],"picked":"Machine Learning","floor":16},{"not_picked":["Coolheaded","Sweeping Beam"],"picked":"Skim","floor":18},{"not_picked":["Scrape","Go for the Eyes+1"],"picked":"Undo","floor":20}],"player_experience":333706,"relics_obtained":[],"event_choices":[{"event_name":"Shining Light","player_choice":"Entered Light","floor":2,"damage_taken":0},{"event_name":"Bonfire Elementals","player_choice":"BASIC","floor":4,"damage_taken":0},{"event_name":"World of Goop","player_choice":"Gather Gold","floor":11,"damage_taken":0},{"event_name":"The Library","player_choice":"Read","floor":19,"damage_taken":0}],"is_beta":false,"boss_relics":[{"not_picked":["Nuclear Battery","Ectoplasm","Coffee Dripper"]}],"items_purged_floors":[],"is_endless":false,"potions_floor_spawned":[1,8,16],"killed_by":"Chosen and Byrds","ascension_level":0}