{"gold_per_floor":[111,111,131,206,222,222,239,268,322,2,2,15,33,49,49],"floor_reached":15,"playtime":300,"items_purged":[],"score":198,"play_id":"b5218e5a-df54-42a9-9f5a-ba926f65d2f7","local_time":"20190319162043","is_ascension_mode":true,"campfire_choices":[{"data":"Zap","floor":6,"key":"SMITH"},{"floor":11,"key":"REST"}],"neow_cost":"NONE","seed_source_timestamp":33357170125925,"circlet_count":0,"master_deck":["AscendersBane","Strike_B","Strike_B","Strike_B","Strike_B","Defend_B","Defend_B","Defend_B","Defend_B","Zap+1","Dualcast","Cold Snap","Steam","Compile Driver","Tempest","Beam Cell","Swift Strike","Loop","Amplify","Conserve Battery","Multi-Cast","Ball Lightning","Self Repair"],"relics":["Cracked Core","NeowsBlessing","Bottled Lightning","Dream Catcher"],"potions_floor_usage":[8,12],"damage_taken":[{"damage":0,"enemies":"2 Louse","floor":1,"turns":1},{"damage":0,"enemies":"Small Slimes","floor":3,"turns":1},{"damage":0,"enemies":"Jaw Worm","floor":5,"turns":1},{"damage":8,"enemies":"3 Louse","floor":7,"turns":4},{"damage":38,"enemies":"Lagavulin","floor":8,"turns":6},{"damage":5,"enemies":"Looter","floor":12,"turns":3},{"damage":5,"enemies":"Gremlin Gang","floor":13,"turns":4},{"damage":10,"enemies":"3 Louse","floor":14,"turns":2}],"seed_played":"-610604389758241292","potions_obtained":[{"floor":3,"key":"EssenceOfSteel"},{"floor":7,"key":"Dexterity Potion"},{"floor":8,"key":"Swift Potion"},{"floor":13,"key":"EssenceOfSteel"}],"is_trial":false,"path_per_floor":["M","?","M","?","M","R","M","E","T","$","R","M","M","M","R"],"character_chosen":"DEFECT","items_purchased":["Swift Strike","Loop","Amplify"],"campfire_rested":1,"item_purchase_floors":[10,10,10],"current_hp_per_floor":[64,64,64,53,53,53,45,7,7,7,28,23,18,8,8],"gold":49,"neow_bonus":"THREE_ENEMY_KILL","is_prod":false,"is_daily":false,"chose_seed":false,"campfire_upgraded":1,"win_rate":0,"timestamp":1553026843,"path_taken":["M","?","M","?","M","R","M","E","T","$","R","M","M","M","R"],"build_version":"2019-01-23","purchased_purges":0,"victory":false,"max_hp_per_floor":[71,71,71,71,71,71,71,71,71,71,71,71,71,71,71],"card_choices":[{"not_picked":["Barrage","Reinforced Body"],"picked":"Cold Snap","floor":1},{"not_picked":["Coolheaded","Recycle"],"picked":"Steam","floor":3},{"not_picked":["Steam Power","Turbo"],"picked":"Compile Driver","floor":5},{"not_picked":["Go for the Eyes","Hologram"],"picked":"Tempest","floor":7},{"not_picked":["Hologram","Rebound"],"picked":"Beam Cell","floor":8},{"not_picked":["Double Energy","Rebound"],"picked":"Conserve Battery","floor":11},{"not_picked":["Stack","Redo"],"picked":"Multi-Cast","floor":12},{"not_picked":["Recycle","Go for the Eyes"],"picked":"Ball Lightning","floor":13},{"not_picked":["Chaos","Ball Lightning"],"picked":"Self Repair","floor":14}],"player_experience":874103,"relics_obtained":[{"floor":8,"key":"Bottled Lightning"},{"floor":9,"key":"Dream Catcher"}],"event_choices":[{"damage_healed":0,"gold_gain":0,"player_choice":"Fled","damage_taken":0,"max_hp_gain":0,"max_hp_loss":0,"event_name":"Scrap Ooze","floor":2,"gold_loss":0},{"damage_healed":0,"gold_gain":75,"player_choice":"Gather Gold","damage_taken":11,"max_hp_gain":0,"max_hp_loss":0,"event_name":"World of Goop","floor":4,"gold_loss":0}],"is_beta":false,"boss_relics":[],"items_purged_floors":[],"is_endless":false,"potions_floor_spawned":[3,7,8,13],"ascension_level":20}