{"gold_per_floor":[113,288,288,12,12,12,12,12,12,12,12,39,58,93,93,188,188,202,202,219,219,238,238,268,268,322,422,422,454,489,500,500,603,603,622,622,622,633,52,52,403,403,450,450,463,463,17,239,239,239],"floor_reached":51,"playtime":3528,"items_purged":["Doubt"],"score":951,"play_id":"0e2d414c-cff3-444e-9ea2-78a75658d11a","local_time":"20190318180159","is_ascension_mode":true,"campfire_choices":[{"floor":6,"key":"REST"},{"data":"Cloak And Dagger","floor":8,"key":"SMITH"},{"data":"1","floor":15,"key":"LIFT"},{"data":"2","floor":23,"key":"LIFT"},{"data":"3","floor":25,"key":"LIFT"},{"floor":32,"key":"DIG"},{"floor":40,"key":"DIG"},{"floor":44,"key":"REST"},{"floor":46,"key":"DIG"},{"floor":49,"key":"DIG"}],"neow_cost":"PERCENT_DAMAGE","seed_source_timestamp":462431463777309,"circlet_count":0,"master_deck":["Defend_G","Defend_G","Defend_G+1","Defend_G+1","Survivor","Neutralize+1","Cloak And Dagger+1","Flying Knee","Dagger Spray","Crippling Poison","Venomology","Bullet Time+1","Masterful Stab+1","Malaise+1","Prepared+1","Malaise+1","Dodge and Roll+1","Bite","Bite","Bite","Bite","Cloak And Dagger","Infinite Blades+1","Concentrate+1","Tactician+1","Noxious Fumes+1","Underhanded Strike","After Image","Infinite Blades","Madness","Madness","Noxious Fumes+1","Noxious Fumes+1","Infinite Blades+1","Noxious Fumes+1","Expertise","Purity","Magnetism+1","Panache+1","Dagger Spray"],"relics":["Ring of the Snake","FossilizedHelix","Juzu Bracelet","ClockworkSouvenir","Girya","Mercury Hourglass","War Paint","The Courier","Astrolabe","Vajra","Orichalcum","Pantograph","Gambling Chip","Darkstone Periapt","Shovel","Red Mask","Ornamental Fan","Runic Pyramid","Frozen Egg 2","Pear","Smiling Mask","Old Coin","Ancient Tea Set","PreservedInsect","Kunai","Regal Pillow","Incense Burner"],"potions_floor_usage":[18,22,22,24,24,27,27,33,33,33,35,38,38,41,50,50,50],"damage_taken":[{"damage":0,"enemies":"Jaw Worm","floor":1,"turns":3},{"damage":8,"enemies":"Gremlin Nob","floor":12,"turns":4},{"damage":0,"enemies":"2 Louse","floor":13,"turns":3},{"damage":0,"enemies":"3 Sentries","floor":14,"turns":5},{"damage":25,"enemies":"The Guardian","floor":16,"turns":13},{"damage":0,"enemies":"Chosen","floor":18,"turns":3},{"damage":2,"enemies":"Spheric Guardian","floor":20,"turns":6},{"damage":0,"enemies":"Shelled Parasite and Fungi","floor":22,"turns":4},{"damage":0,"enemies":"Book of Stabbing","floor":24,"turns":7},{"damage":9,"enemies":"Colosseum Slavers","floor":27,"turns":4},{"damage":0,"enemies":"Colosseum Nobs","floor":27,"turns":4},{"damage":14,"enemies":"Slavers","floor":29,"turns":5},{"damage":0,"enemies":"Masked Bandits","floor":30,"turns":2},{"damage":0,"enemies":"Chosen and Byrds","floor":31,"turns":4},{"damage":31,"enemies":"Collector","floor":33,"turns":7},{"damage":0,"enemies":"3 Shapes","floor":35,"turns":3},{"damage":2,"enemies":"3 Darklings","floor":38,"turns":3},{"damage":23,"enemies":"2 Orb Walkers","floor":41,"turns":6},{"damage":0,"enemies":"Maw","floor":45,"turns":6},{"damage":28,"enemies":"Time Eater","floor":50,"turns":11}],"seed_played":"4336380380788425288","potions_obtained":[{"floor":14,"key":"Weak Potion"},{"floor":16,"key":"AttackPotion"},{"floor":24,"key":"Ancient Potion"},{"floor":30,"key":"Block Potion"},{"floor":33,"key":"Poison Potion"},{"floor":35,"key":"Swift Potion"},{"floor":45,"key":"AttackPotion"}],"is_trial":false,"path_per_floor":["M","?","T","$","?","R","$","R","T","$","T","E","M","E","R","B",null,"M","?","M","?","M","R","E","R","T","?","?","E","?","M","R","B",null,"M","?","?","M","$","R","?","?","T","R","M","R","$","?","R","B",null],"character_chosen":"THE_SILENT","items_purchased":["ClockworkSouvenir","Frozen Egg 2","Pear","Noxious Fumes+1","Infinite Blades+1","Noxious Fumes+1","Kunai","GhostInAJar","GhostInAJar","Regal Pillow"],"campfire_rested":2,"item_purchase_floors":[4,39,39,39,39,39,47,47,47,47],"current_hp_per_floor":[49,49,49,49,49,70,70,70,70,70,70,62,62,62,62,37,70,70,70,68,49,49,49,49,49,49,49,49,39,43,49,49,18,49,49,49,43,43,53,53,36,26,26,43,53,53,53,53,53,39],"gold":239,"neow_bonus":"ONE_RARE_RELIC","is_prod":false,"is_daily":false,"chose_seed":false,"campfire_upgraded":1,"win_rate":0,"timestamp":1552957319,"path_taken":["M","?","?","?","?","R","$","R","T","$","?","E","M","E","R","BOSS","M","?","M","?","M","R","E","R","T","?","?","E","?","M","R","BOSS","M","?","?","M","$","R","?","?","T","R","M","R","?","?","R","BOSS"],"build_version":"2019-01-23","purchased_purges":1,"victory":true,"max_hp_per_floor":[70,70,70,70,70,70,70,70,70,70,70,70,70,70,70,70,70,70,70,70,49,49,49,49,49,49,49,49,49,49,49,49,49,49,49,49,49,49,59,59,59,59,59,59,59,59,59,59,59,59],"card_choices":[{"not_picked":["Deflect","Deadly Poison"],"picked":"Cloak And Dagger","floor":1},{"not_picked":["Backflip","Deflect"],"picked":"Flying Knee","floor":12},{"not_picked":["Quick Slash","Bane"],"picked":"Dagger Spray","floor":13},{"not_picked":["Slice","Expertise"],"picked":"Crippling Poison","floor":14},{"not_picked":["Night Terror","Doppelganger"],"picked":"Venomology","floor":16},{"not_picked":["Bane","PiercingWail"],"picked":"Prepared+1","floor":18},{"not_picked":["Poisoned Stab","Flying Knee+1"],"picked":"Dodge and Roll+1","floor":20},{"not_picked":["Poisoned Stab","Sucker Punch+1"],"picked":"Cloak And Dagger","floor":22},{"not_picked":["Unload","Poisoned Stab"],"picked":"Infinite Blades+1","floor":24},{"not_picked":["Predator","Flechettes"],"picked":"Concentrate+1","floor":27},{"not_picked":["Die Die Die","Dagger Throw+1"],"picked":"Tactician+1","floor":29},{"not_picked":["Quick Slash+1","Backflip"],"picked":"Noxious Fumes+1","floor":30},{"not_picked":["Deadly Poison+1","Masterful Stab"],"picked":"Underhanded Strike","floor":31},{"not_picked":["Wraith Form v2","Tools of the Trade"],"picked":"After Image","floor":33},{"not_picked":["Blade Dance","Predator"],"picked":"Infinite Blades","floor":35},{"not_picked":["Flechettes","Slice+1"],"picked":"Noxious Fumes+1","floor":38},{"not_picked":["Quick Slash","Bane"],"picked":"Expertise","floor":41},{"not_picked":["Mind Blast","Blind"],"picked":"Purity","floor":42},{"not_picked":["Metamorphosis","Dark Shackles"],"picked":"Magnetism+1","floor":42},{"not_picked":["Good Instincts","Thinking Ahead"],"picked":"Panache+1","floor":42},{"not_picked":["Distraction","Deadly Poison+1"],"picked":"Dagger Spray","floor":45}],"player_experience":293174,"relics_obtained":[{"floor":3,"key":"Juzu Bracelet"},{"floor":9,"key":"Girya"},{"floor":11,"key":"Mercury Hourglass"},{"floor":12,"key":"War Paint"},{"floor":14,"key":"The Courier"},{"floor":24,"key":"Vajra"},{"floor":26,"key":"Orichalcum"},{"floor":27,"key":"Pantograph"},{"floor":27,"key":"Gambling Chip"},{"floor":29,"key":"Shovel"},{"floor":30,"key":"Red Mask"},{"floor":32,"key":"Ornamental Fan"},{"floor":40,"key":"Smiling Mask"},{"floor":41,"key":"Old Coin"},{"floor":43,"key":"Ancient Tea Set"},{"floor":46,"key":"PreservedInsect"},{"floor":49,"key":"Incense Burner"}],"event_choices":[{"damage_healed":0,"gold_gain":175,"player_choice":"AGREE","damage_taken":0,"max_hp_gain":0,"max_hp_loss":0,"event_name":"Liars Game","floor":2,"gold_loss":0,"cards_obtained":["Doubt"]},{"damage_healed":0,"gold_gain":0,"player_choice":"Grow","damage_taken":0,"max_hp_gain":0,"max_hp_loss":0,"event_name":"Living Wall","floor":5,"gold_loss":0,"cards_upgraded":["Neutralize"]},{"damage_healed":0,"gold_gain":0,"player_choice":"Copied","damage_taken":0,"max_hp_gain":0,"max_hp_loss":0,"event_name":"Duplicator","floor":19,"gold_loss":0,"cards_obtained":["Malaise"]},{"damage_healed":0,"gold_gain":0,"player_choice":"Became a vampire","damage_taken":0,"max_hp_gain":0,"max_hp_loss":21,"event_name":"Vampires","floor":21,"gold_loss":0,"cards_obtained":["Bite","Bite","Bite","Bite","Bite"]},{"damage_healed":0,"gold_gain":0,"player_choice":"Fight","damage_taken":0,"max_hp_gain":0,"max_hp_loss":0,"event_name":"Colosseum","floor":27,"gold_loss":0},{"damage_healed":0,"gold_gain":0,"player_choice":"Fought Nobs","damage_taken":0,"max_hp_gain":0,"max_hp_loss":0,"event_name":"Colosseum","floor":27,"gold_loss":0},{"damage_healed":0,"gold_gain":0,"player_choice":"Gave Potion","damage_taken":0,"relics_obtained":["Darkstone Periapt"],"max_hp_gain":0,"max_hp_loss":0,"event_name":"WeMeetAgain","floor":28,"gold_loss":0},{"damage_healed":0,"gold_gain":0,"player_choice":"Fought Bandits","damage_taken":0,"max_hp_gain":0,"max_hp_loss":0,"event_name":"Masked Bandits","floor":30,"gold_loss":0},{"cards_removed":["Bite"],"damage_healed":0,"gold_gain":0,"player_choice":"Removed Attack","damage_taken":0,"max_hp_gain":0,"max_hp_loss":0,"event_name":"Falling","floor":36,"gold_loss":0},{"damage_healed":0,"gold_gain":0,"player_choice":"Embrace Madness","damage_taken":6,"max_hp_gain":0,"max_hp_loss":0,"event_name":"Winding Halls","floor":37,"gold_loss":0,"cards_obtained":["Madness","Madness"]},{"damage_healed":0,"gold_gain":0,"player_choice":"Fight","damage_taken":0,"max_hp_gain":0,"max_hp_loss":0,"event_name":"Mysterious Sphere","floor":41,"gold_loss":0},{"damage_healed":0,"gold_gain":0,"player_choice":"Memory 3","damage_taken":10,"max_hp_gain":0,"max_hp_loss":0,"event_name":"SensoryStone","floor":42,"gold_loss":0},{"damage_healed":0,"gold_gain":222,"player_choice":"Wore Mask","damage_taken":0,"max_hp_gain":0,"max_hp_loss":0,"event_name":"Tomb of Lord Red Mask","floor":48,"gold_loss":0}],"is_beta":false,"boss_relics":[{"not_picked":["Tiny House","Velvet Choker"],"picked":"Astrolabe"},{"not_picked":["Lizard Tail","Sozu"],"picked":"Runic Pyramid"}],"items_purged_floors":[4],"is_endless":false,"potions_floor_spawned":[14,16,24,30,33,35,45],"ascension_level":2}