{"gold_per_floor":[114,189,189,91,110,110,30,30,30,30,30,59,59,78,78,155,155,166,178,178,73,87,87,87],"floor_reached":24,"playtime":731,"items_purged":[],"score":365,"play_id":"faf48e32-d503-492c-9431-f90977197fdc","local_time":"20181112072957","is_ascension_mode":true,"campfire_choices":[{"data":"Dagger Spray","floor":6.0,"key":"SMITH"},{"data":"Noxious Fumes","floor":8.0,"key":"SMITH"},{"data":"Swift Strike","floor":10.0,"key":"SMITH"},{"data":"Accuracy","floor":15.0,"key":"SMITH"},{"data":"Blade Dance","floor":23.0,"key":"SMITH"}],"neow_cost":"NONE","seed_source_timestamp":0,"circlet_count":0,"master_deck":["AscendersBane","Defend_G","Defend_G","Defend_G","Defend_G","Defend_G","Strike_G","Strike_G","Strike_G","Strike_G","Strike_G","Survivor","Neutralize","Die Die Die","Cloak And Dagger+1","Swift Strike+1","Dagger Spray+1","Noxious Fumes+1","Finisher","Accuracy+1","Die Die Die","Backflip","Blade Dance+1","Good Instincts"],"special_seed":0,"relics":["Ring of the Snake","Meat on the Bone","Happy Flower","White Beast Statue"],"potions_floor_usage":[24,24],"damage_taken":[{"damage":1.0,"enemies":"Jaw Worm","floor":1.0,"turns":5.0},{"damage":0.0,"enemies":"2 Louse","floor":5.0,"turns":2.0},{"damage":20.0,"enemies":"Lagavulin","floor":12.0,"turns":7.0},{"damage":0.0,"enemies":"Small Slimes","floor":14.0,"turns":2.0},{"damage":34.0,"enemies":"The Guardian","floor":16.0,"turns":10.0},{"damage":44.0,"enemies":"Shell Parasite","floor":18.0,"turns":5.0},{"damage":1.0,"enemies":"3 Byrds","floor":19.0,"turns":3.0},{"damage":10.0,"enemies":"Snecko","floor":22.0,"turns":5.0},{"damage":35,"enemies":"Slavers","floor":24,"turns":4}],"seed_played":"-3691421399175303839","potions_obtained":[{"floor":5.0,"key":"SkillPotion"},{"floor":12.0,"key":"FearPotion"},{"floor":16.0,"key":"EssenceOfSteel"},{"floor":18.0,"key":"Ancient Potion"},{"floor":19.0,"key":"FearPotion"},{"floor":22.0,"key":"EssenceOfSteel"}],"is_trial":false,"path_per_floor":["M","?","?","$","M","R","$","R","T","R","$","E","$","M","R","B",null,"M","M","?","$","M","R","E"],"character_chosen":"THE_SILENT","items_purchased":["Swift Strike","Noxious Fumes","Good Instincts"],"campfire_rested":0,"item_purchase_floors":[4,7,21],"current_hp_per_floor":[58,47,47,47,47,47,47,47,47,47,47,39,39,39,39,17,54,22,33,33,33,35,35,0],"gold":87,"neow_bonus":"ONE_RANDOM_RARE_CARD","is_prod":false,"is_daily":false,"chose_seed":false,"campfire_upgraded":5,"win_rate":0,"timestamp":1542025797,"path_taken":["M","?","?","$","M","R","?","R","T","R","$","E","?","M","R","BOSS","M","M","?","$","M","R","E"],"build_version":"2018-11-08","purchased_purges":0,"victory":false,"max_hp_per_floor":[66,66,66,66,66,66,66,66,66,66,66,66,66,66,66,66,66,66,66,66,66,66,66,66],"card_choices":[{"not_picked":["Bane","Reflex"],"picked":"Cloak And Dagger","floor":1.0},{"not_picked":["Dagger Throw","Acrobatics"],"picked":"Dagger Spray","floor":5.0},{"not_picked":["Underhanded Strike","Dodge and Roll"],"picked":"Finisher","floor":12.0},{"not_picked":["Reflex","Catalyst"],"picked":"Accuracy","floor":14.0},{"not_picked":["Burst","Malaise"],"picked":"Die Die Die","floor":16.0},{"not_picked":["Prepared","Well Laid Plans"],"picked":"Backflip","floor":18.0},{"not_picked":["Predator","Acrobatics","Underhanded Strike"],"picked":"SKIP","floor":19.0},{"not_picked":["Underhanded Strike","Sucker Punch","Dagger Spray"],"picked":"SKIP","floor":22.0}],"player_experience":716770,"relics_obtained":[{"floor":9.0,"key":"Meat on the Bone"},{"floor":12.0,"key":"Happy Flower"}],"event_choices":[{"damage_healed":0.0,"max_hp_gain":0.0,"max_hp_loss":0.0,"gold_gain":75.0,"event_name":"World of Goop","player_choice":"Gather Gold","floor":2.0,"gold_loss":0.0,"damage_taken":11.0},{"damage_healed":0.0,"max_hp_gain":0.0,"max_hp_loss":0.0,"gold_gain":0.0,"event_name":"Living Wall","player_choice":"Grow","floor":3.0,"gold_loss":0.0,"damage_taken":0.0,"cards_upgraded":["Cloak And Dagger"]},{"damage_healed":0.0,"max_hp_gain":0.0,"max_hp_loss":0.0,"gold_gain":0.0,"event_name":"The Library","player_choice":"Read","floor":20.0,"gold_loss":0.0,"damage_taken":0.0,"cards_obtained":["Blade Dance"]}],"is_beta":false,"boss_relics":[{"not_picked":["Ectoplasm","Black Star"],"picked":"White Beast Statue"}],"items_purged_floors":[],"is_endless":false,"potions_floor_spawned":[5,12,16,18,19,22],"killed_by":"Slavers","ascension_level":18}