{"gold_per_floor":[112,287,287,78,89,117,127,127,127,127,155,168,179,192,192,289,289,308,328,328,341,360,360,372,372,372,403,403,403,19,32,32,32],"floor_reached":33,"playtime":1941,"items_purged":["Doubt","Pain"],"score":307,"play_id":"eb43187b-b7f6-4434-9f67-3367c7c685cc","local_time":"20190318170250","is_ascension_mode":true,"campfire_choices":[{"data":"Noxious Fumes","floor":8,"key":"SMITH"},{"data":"Noxious Fumes","floor":10,"key":"SMITH"},{"floor":15,"key":"REST"},{"floor":23,"key":"REST"},{"floor":25,"key":"REST"},{"floor":29,"key":"REST"},{"floor":32,"key":"REST"}],"neow_cost":"NONE","seed_source_timestamp":460477817423875,"circlet_count":0,"master_deck":["Defend_G","Defend_G","Defend_G","Defend_G","Defend_G","Strike_G","Strike_G","Strike_G","Strike_G","Survivor","Neutralize","Noxious Fumes+1","Noxious Fumes+1","Flying Knee","Dodge and Roll","Flying Knee","Corpse Explosion","Dagger Throw","Acrobatics","Venomology","Deadly Poison","Outmaneuver","Unload","Caltrops","Blade Dance+1","Tactician","Poisoned Stab","Well Laid Plans+1","Footwork+1","Outmaneuver","Prepared","Envenom","Poisoned Stab+1"],"relics":["Ring of the Snake","Orichalcum","Ninja Scroll","Boot","Smiling Mask","Art of War","Cursed Key","Lantern","Calipers","Molten Egg 2","Anchor"],"potions_floor_usage":[16,16,16,19,21,21,21,22,22,24,24,24,27,31,31],"damage_taken":[{"damage":6,"enemies":"Jaw Worm","floor":1,"turns":6},{"damage":1,"enemies":"Small Slimes","floor":5,"turns":2},{"damage":4,"enemies":"3 Sentries","floor":6,"turns":6},{"damage":0,"enemies":"Cultist","floor":7,"turns":3},{"damage":11,"enemies":"Gremlin Nob","floor":11,"turns":4},{"damage":16,"enemies":"Exordium Thugs","floor":12,"turns":3},{"damage":0,"enemies":"3 Louse","floor":13,"turns":2},{"damage":4,"enemies":"Gremlin Gang","floor":14,"turns":4},{"damage":26,"enemies":"The Guardian","floor":16,"turns":7},{"damage":8,"enemies":"Chosen","floor":18,"turns":4},{"damage":9,"enemies":"Spheric Guardian","floor":19,"turns":4},{"damage":10,"enemies":"Shelled Parasite and Fungi","floor":21,"turns":3},{"damage":14,"enemies":"Snake Plant","floor":22,"turns":4},{"damage":14,"enemies":"Snecko","floor":24,"turns":4},{"damage":27,"enemies":"Book of Stabbing","floor":27,"turns":4},{"damage":19,"enemies":"Sentry and Sphere","floor":31,"turns":7},{"damage":81,"enemies":"Automaton","floor":33,"turns":6}],"seed_played":"1619233575025517391","potions_obtained":[{"floor":7,"key":"Strength Potion"},{"floor":14,"key":"SteroidPotion"},{"floor":16,"key":"Block Potion"},{"floor":19,"key":"EssenceOfSteel"},{"floor":21,"key":"EssenceOfSteel"},{"floor":22,"key":"Weak Potion"},{"floor":24,"key":"Fire Potion"}],"is_trial":false,"path_per_floor":["M","?","?","$","M","E","M","R","T","R","E","M","M","M","R","B",null,"M","M","?","M","M","R","M","R","T","E","?","R","$","M","R","B"],"character_chosen":"THE_SILENT","items_purchased":["Noxious Fumes","Flying Knee","Dodge and Roll","Prepared","Envenom","Anchor"],"campfire_rested":5,"item_purchase_floors":[4,4,4,30,30,30],"current_hp_per_floor":[64,64,64,64,63,59,59,59,59,59,48,32,32,28,49,23,70,62,53,53,43,29,50,36,57,57,30,30,51,51,32,53,0],"gold":32,"neow_bonus":"RANDOM_COMMON_RELIC","is_prod":false,"is_daily":false,"chose_seed":false,"campfire_upgraded":2,"win_rate":0,"timestamp":1552953770,"path_taken":["M","?","?","$","M","E","M","R","T","R","E","M","?","M","R","BOSS","M","M","?","M","M","R","M","R","T","E","?","R","$","M","R","BOSS"],"build_version":"2019-01-23","purchased_purges":2,"victory":false,"max_hp_per_floor":[70,70,70,70,70,70,70,70,70,70,70,70,70,70,70,70,70,70,70,70,70,70,70,70,70,70,70,70,70,70,70,70,70],"card_choices":[{"not_picked":["Dodge and Roll","Acrobatics"],"picked":"Noxious Fumes","floor":1},{"not_picked":["Deflect","Sucker Punch"],"picked":"Flying Knee","floor":5},{"not_picked":["Footwork","Dodge and Roll"],"picked":"Corpse Explosion","floor":6},{"not_picked":["Dash","Backflip"],"picked":"Dagger Throw","floor":7},{"not_picked":["Deflect","Flying Knee"],"picked":"Acrobatics","floor":11},{"not_picked":["Choke","Sucker Punch"],"picked":"Venomology","floor":12},{"not_picked":["Finisher","Backflip"],"picked":"Deadly Poison","floor":13},{"not_picked":["Endless Agony","Sucker Punch"],"picked":"Outmaneuver","floor":14},{"not_picked":["Grand Finale","Venomology"],"picked":"Unload","floor":16},{"not_picked":["Quick Slash","Endless Agony"],"picked":"Caltrops","floor":18},{"not_picked":["Dagger Spray","Setup+1"],"picked":"Blade Dance+1","floor":19},{"not_picked":["Leg Sweep","Slice+1"],"picked":"Tactician","floor":21},{"not_picked":["Skewer","Dagger Throw+1"],"picked":"Poisoned Stab","floor":22},{"not_picked":["Deflect","Outmaneuver+1"],"picked":"Well Laid Plans+1","floor":24},{"not_picked":["Bane+1","Bouncing Flask"],"picked":"Footwork+1","floor":27},{"not_picked":["Prepared+1","Blade Dance"],"picked":"Poisoned Stab+1","floor":31}],"player_experience":291233,"relics_obtained":[{"floor":3,"key":"Ninja Scroll"},{"floor":6,"key":"Boot"},{"floor":9,"key":"Smiling Mask"},{"floor":11,"key":"Art of War"},{"floor":26,"key":"Calipers"},{"floor":27,"key":"Molten Egg 2"}],"event_choices":[{"damage_healed":0,"gold_gain":175,"player_choice":"AGREE","damage_taken":0,"max_hp_gain":0,"max_hp_loss":0,"event_name":"Liars Game","floor":2,"gold_loss":0,"cards_obtained":["Doubt"]},{"damage_healed":0,"gold_gain":0,"player_choice":"Relic","damage_taken":0,"max_hp_gain":0,"max_hp_loss":0,"event_name":"Wheel of Change","floor":3,"gold_loss":0},{"damage_healed":0,"gold_gain":0,"player_choice":"Opened","damage_taken":0,"relics_obtained":["Lantern"],"max_hp_gain":0,"max_hp_loss":0,"event_name":"The Mausoleum","floor":20,"gold_loss":0},{"damage_healed":0,"gold_gain":0,"cards_transformed":["Strike_G"],"player_choice":"Transformed","damage_taken":0,"max_hp_gain":0,"max_hp_loss":0,"event_name":"Transmorgrifier","floor":28,"gold_loss":0,"cards_obtained":["Outmaneuver"]}],"is_beta":false,"boss_relics":[{"not_picked":["Orrery","Eternal Feather"],"picked":"Cursed Key"}],"items_purged_floors":[4,30],"is_endless":false,"potions_floor_spawned":[7,14,16,19,21,22,24],"killed_by":"Automaton","ascension_level":2}