{"gold_per_floor":[117,132,64,64,64,64,98,116,116,116,116,99,60,84,84,203,203,222,25,25,48,48,48,82,82,82,95,47,47,60,60],"floor_reached":31,"playtime":1686,"items_purged":[],"score":266,"play_id":"db950561-24b9-48a1-9852-68980b8b7d29","local_time":"20190502123917","is_ascension_mode":true,"campfire_choices":[{"floor":6,"key":"REST"},{"floor":10,"key":"REST"},{"data":"Inflame","floor":15,"key":"SMITH"},{"floor":23,"key":"REST"},{"floor":25,"key":"REST"},{"floor":29,"key":"REST"}],"neow_cost":"NONE","seed_source_timestamp":578604291144500,"circlet_count":0,"master_deck":["Strike_R","Strike_R","Defend_R","Defend_R","Bash","Blind","Ghostly Armor","Shrug It Off","Inflame+1","Armaments","Heavy Blade","Rupture","Uppercut","Double Tap","Infernal Blade+1","Demon Form+1","Flex+1","Dropkick+1","Mayhem","Heavy Blade","Bludgeon","Seeing Red+1","Searing Blow"],"relics":["Burning Blood","Paper Frog","Pear","Astrolabe","Nloth\u0027s Gift","Bag of Preparation","Bottled Lightning"],"potions_floor_usage":[16,16,21,24,27,31],"damage_taken":[{"damage":6,"enemies":"Jaw Worm","floor":1,"turns":4},{"damage":0,"enemies":"Cultist","floor":2,"turns":4},{"damage":32,"enemies":"Gremlin Nob","floor":7,"turns":6},{"damage":0,"enemies":"Small Slimes","floor":8,"turns":4},{"damage":7,"enemies":"Exordium Thugs","floor":12,"turns":6},{"damage":2,"enemies":"3 Louse","floor":14,"turns":6},{"damage":44,"enemies":"Hexaghost","floor":16,"turns":9},{"damage":39,"enemies":"2 Thieves","floor":18,"turns":5},{"damage":9,"enemies":"Colosseum Slavers","floor":20,"turns":4},{"damage":37,"enemies":"3 Byrds","floor":21,"turns":6},{"damage":29,"enemies":"Book of Stabbing","floor":24,"turns":5},{"damage":26,"enemies":"Shelled Parasite and Fungi","floor":27,"turns":4},{"damage":37,"enemies":"Snecko","floor":30,"turns":5},{"damage":35,"enemies":"Chosen and Byrds","floor":31,"turns":5}],"seed_played":"5746392433642776814","potions_obtained":[{"floor":2,"key":"Strength Potion"},{"floor":8,"key":"LiquidBronze"},{"floor":16,"key":"AttackPotion"},{"floor":21,"key":"Explosive Potion"},{"floor":24,"key":"LiquidBronze"}],"is_trial":false,"path_per_floor":["M","M","$","?","?","R","E","M","T","R","?","M","$","M","R","B",null,"M","$","?","M","?","R","E","R","T","M","$","R","M","M"],"character_chosen":"IRONCLAD","items_purchased":["Inflame","Rupture","Mayhem","Energy Potion"],"campfire_rested":5,"item_purchase_floors":[3,13,19,28],"current_hp_per_floor":[80,80,80,80,60,80,54,60,70,90,83,82,82,86,86,48,90,57,57,54,23,23,50,27,54,54,34,34,61,30,0],"gold":60,"neow_bonus":"RANDOM_COLORLESS","is_prod":false,"is_daily":false,"chose_seed":false,"campfire_upgraded":1,"win_rate":0,"timestamp":1556815157,"path_taken":["M","M","$","?","?","R","E","M","T","R","?","?","$","?","R","BOSS","M","$","?","M","?","R","E","R","T","?","$","R","M","M"],"build_version":"2019-01-23","purchased_purges":0,"victory":false,"max_hp_per_floor":[80,80,80,80,80,80,80,80,90,90,90,90,90,90,90,90,90,90,90,90,90,90,90,90,90,90,90,90,90,90,90],"card_choices":[{"not_picked":["Shrug It Off","Thunderclap"],"picked":"Ghostly Armor","floor":1},{"not_picked":["Flex","Clothesline"],"picked":"Shrug It Off","floor":2},{"not_picked":["Anger","Iron Wave","Twin Strike"],"picked":"SKIP","floor":7},{"not_picked":["Second Wind","Warcry"],"picked":"Armaments","floor":8},{"not_picked":["Headbutt","Warcry"],"picked":"Heavy Blade","floor":12},{"not_picked":["Berserk","Headbutt"],"picked":"Uppercut","floor":14},{"not_picked":["Fiend Fire","Bludgeon"],"picked":"Double Tap","floor":16},{"not_picked":["Clothesline","Twin Strike"],"picked":"Dropkick+1","floor":18},{"not_picked":["Dropkick","Clash"],"picked":"Heavy Blade","floor":21},{"not_picked":["Clothesline","Exhume"],"picked":"Bludgeon","floor":24},{"not_picked":["Rampage+1","Armaments"],"picked":"Seeing Red+1","floor":27},{"not_picked":["Combust","Cleave+1"],"picked":"Searing Blow","floor":30}],"player_experience":61959,"relics_obtained":[{"floor":7,"key":"Paper Frog"},{"floor":9,"key":"Pear"},{"floor":24,"key":"Bag of Preparation"},{"floor":26,"key":"Bottled Lightning"}],"event_choices":[{"cards_removed":["Defend_R"],"damage_healed":0,"gold_gain":0,"player_choice":"Forget","damage_taken":0,"max_hp_gain":0,"max_hp_loss":0,"event_name":"Living Wall","floor":4,"gold_loss":0},{"damage_healed":0,"gold_gain":0,"player_choice":"Take Damage","damage_taken":20,"relics_obtained":["Golden Idol"],"max_hp_gain":0,"max_hp_loss":0,"event_name":"Golden Idol","floor":5,"gold_loss":0},{"cards_removed":["Strike_R"],"damage_healed":0,"gold_gain":0,"player_choice":"Card Removal","damage_taken":7,"max_hp_gain":0,"max_hp_loss":0,"event_name":"Golden Wing","floor":11,"gold_loss":0},{"damage_healed":0,"gold_gain":0,"player_choice":"Fight","damage_taken":0,"max_hp_gain":0,"max_hp_loss":0,"event_name":"Colosseum","floor":20,"gold_loss":0},{"damage_healed":0,"gold_gain":0,"player_choice":"Fled From Nobs","damage_taken":0,"max_hp_gain":0,"max_hp_loss":0,"event_name":"Colosseum","floor":20,"gold_loss":0},{"damage_healed":0,"gold_gain":0,"player_choice":"Traded Relic","damage_taken":0,"relics_obtained":["Nloth\u0027s Gift"],"max_hp_gain":0,"max_hp_loss":0,"event_name":"N\u0027loth","floor":22,"relics_lost":["Golden Idol"],"gold_loss":0}],"is_beta":false,"boss_relics":[{"not_picked":["Lizard Tail","Empty Cage"],"picked":"Astrolabe"}],"items_purged_floors":[],"is_endless":false,"potions_floor_spawned":[2,8,16,21,24],"killed_by":"Chosen and Byrds","ascension_level":1}