{"gold_per_floor":[114,114,129,90,108,108,137,137,137,137,169,169,189,209,209,311,311,326,130,144,144,154,154,181,197,273,273,285,285],"floor_reached":29,"playtime":2052,"items_purged":[],"score":268,"play_id":"d9a8d44a-cd81-4c10-bc92-d86014ded3a9","local_time":"20190503203416","is_ascension_mode":true,"campfire_choices":[{"data":"Rage","floor":6,"key":"SMITH"},{"data":"Inflame","floor":8,"key":"SMITH"},{"data":"Armaments","floor":10,"key":"SMITH"},{"floor":12,"key":"REST"},{"floor":15,"key":"REST"},{"floor":23,"key":"REST"}],"neow_cost":"NONE","seed_source_timestamp":1991106442878900,"circlet_count":0,"master_deck":["Strike_R","Strike_R","Strike_R","Strike_R","Defend_R","Defend_R","Defend_R","Defend_R","Bash","Armaments+1","Offering","Inflame+1","Rage+1","Rage","Pommel Strike+1","Battle Trance","Reaper+1","Dual Wield","Disarm+1","Sentinel+1","Whirlwind+1"],"relics":["Black Blood","NeowsBlessing","Bottled Flame","Question Card","Molten Egg 2","Happy Flower","Mummified Hand","Pantograph"],"potions_floor_usage":[14,16,21,21,21,29,29],"damage_taken":[{"damage":0,"enemies":"2 Louse","floor":1,"turns":1},{"damage":0,"enemies":"Cultist","floor":3,"turns":1},{"damage":0,"enemies":"Small Slimes","floor":5,"turns":1},{"damage":11,"enemies":"Lagavulin","floor":7,"turns":6},{"damage":19,"enemies":"Gremlin Nob","floor":11,"turns":3},{"damage":7,"enemies":"Exordium Wildlife","floor":13,"turns":3},{"damage":19,"enemies":"3 Louse","floor":14,"turns":2},{"damage":22,"enemies":"Hexaghost","floor":16,"turns":8},{"damage":40,"enemies":"3 Byrds","floor":18,"turns":8},{"damage":22,"enemies":"Shell Parasite","floor":20,"turns":7},{"damage":42,"enemies":"Colosseum Slavers","floor":21,"turns":6},{"damage":27,"enemies":"Snecko","floor":22,"turns":7},{"damage":59,"enemies":"Book of Stabbing","floor":24,"turns":8},{"damage":11,"enemies":"Shelled Parasite and Fungi","floor":25,"turns":8},{"damage":34,"enemies":"Snake Plant","floor":28,"turns":5},{"damage":39,"enemies":"Gremlin Leader","floor":29,"turns":9}],"seed_played":"-5958462673239480257","potions_obtained":[{"floor":5,"key":"Explosive Potion"},{"floor":7,"key":"LiquidBronze"},{"floor":13,"key":"GamblersBrew"},{"floor":16,"key":"PowerPotion"},{"floor":18,"key":"Weak Potion"},{"floor":25,"key":"EssenceOfSteel"},{"floor":28,"key":"Ancient Potion"}],"is_trial":false,"path_per_floor":["M","?","M","$","M","R","E","R","T","R","E","R","M","M","R","B",null,"M","$","M","?","M","R","E","M","T","?","M","E"],"character_chosen":"IRONCLAD","items_purchased":["Inflame","Happy Flower","SkillPotion"],"campfire_rested":3,"item_purchase_floors":[4,19,19],"current_hp_per_floor":[80,80,80,80,80,80,75,75,75,75,62,80,79,66,80,64,80,64,64,65,33,27,51,13,20,20,46,22,0],"gold":285,"neow_bonus":"THREE_ENEMY_KILL","is_prod":false,"is_daily":false,"chose_seed":false,"campfire_upgraded":3,"win_rate":0,"timestamp":1556930056,"path_taken":["M","?","?","$","M","R","E","R","T","R","E","R","M","M","R","BOSS","M","$","M","?","M","R","E","M","T","?","M","E"],"build_version":"2019-01-23","purchased_purges":0,"victory":false,"max_hp_per_floor":[80,80,80,80,80,80,80,80,80,80,80,80,80,80,80,80,80,80,80,80,80,80,80,80,80,80,80,80,80],"card_choices":[{"not_picked":["Flex","Sentinel"],"picked":"Armaments","floor":1},{"not_picked":["Warcry","Evolve","Havoc"],"picked":"SKIP","floor":3},{"not_picked":["Clothesline","Rampage"],"picked":"Rage","floor":5},{"not_picked":["Armaments","Body Slam","Blood for Blood"],"picked":"SKIP","floor":7},{"not_picked":["Twin Strike","Perfected Strike","Heavy Blade"],"picked":"Rage","floor":11},{"not_picked":["Cleave+1","Anger+1","Thunderclap+1"],"picked":"Pommel Strike+1","floor":13},{"not_picked":["Armaments","Body Slam+1","Wild Strike+1"],"picked":"Battle Trance","floor":14},{"not_picked":["Immolate+1","Dark Embrace","Bludgeon+1"],"picked":"Reaper+1","floor":16},{"not_picked":["Sword Boomerang+1","Wild Strike+1","Searing Blow+1"],"picked":"Dual Wield","floor":18},{"not_picked":["Clash+1","Dual Wield","Rage"],"picked":"Disarm+1","floor":20},{"not_picked":["Havoc","Perfected Strike+1","Clash+1","Iron Wave+1"],"picked":"SKIP","floor":22},{"not_picked":["Intimidate+1","Clothesline+1","Combust"],"picked":"Sentinel+1","floor":24},{"not_picked":["Hemokinesis+1","Cleave+1","Sword Boomerang+1"],"picked":"Whirlwind+1","floor":25},{"not_picked":["Heavy Blade+1","Sword Boomerang+1","Thunderclap+1","Dark Embrace"],"picked":"SKIP","floor":28}],"player_experience":86891,"relics_obtained":[{"floor":7,"key":"Bottled Flame"},{"floor":9,"key":"Question Card"},{"floor":11,"key":"Molten Egg 2"},{"floor":24,"key":"Mummified Hand"},{"floor":26,"key":"Pantograph"}],"event_choices":[{"damage_healed":0,"gold_gain":0,"cards_transformed":["Strike_R"],"player_choice":"Transformed","damage_taken":0,"max_hp_gain":0,"max_hp_loss":0,"event_name":"Transmorgrifier","floor":2,"gold_loss":0,"cards_obtained":["Offering"]},{"damage_healed":0,"gold_gain":0,"player_choice":"Fight","damage_taken":0,"max_hp_gain":0,"max_hp_loss":0,"event_name":"Colosseum","floor":21,"gold_loss":0},{"damage_healed":0,"gold_gain":0,"player_choice":"Fled From Nobs","damage_taken":0,"max_hp_gain":0,"max_hp_loss":0,"event_name":"Colosseum","floor":21,"gold_loss":0},{"damage_healed":26,"gold_gain":0,"player_choice":"Heal","damage_taken":0,"max_hp_gain":0,"max_hp_loss":0,"event_name":"The Library","floor":27,"gold_loss":0}],"is_beta":false,"boss_relics":[{"not_picked":["Astrolabe","Tiny House"],"picked":"Black Blood"}],"items_purged_floors":[],"is_endless":false,"potions_floor_spawned":[5,7,13,16,18,21,25,28],"killed_by":"Gremlin Leader","ascension_level":1}