{"gold_per_floor":[11,11,86,18,29,29,39,39,39,39,51,81,100,25,25,25],"floor_reached":16,"playtime":447,"items_purged":["Strike_G"],"score":175,"play_id":"b8462664-bb35-4f40-8c4e-f481fb3a832f","local_time":"20190304171059","is_ascension_mode":true,"campfire_choices":[{"data":"Glass Knife","floor":6,"key":"SMITH"},{"data":"Neutralize","floor":8,"key":"SMITH"},{"data":"Footwork","floor":10,"key":"SMITH"},{"data":"Grand Finale","floor":15,"key":"SMITH"}],"neow_cost":"NO_GOLD","seed_source_timestamp":166945180628281,"circlet_count":0,"master_deck":["AscendersBane","Defend_G","Defend_G","Defend_G","Defend_G","Defend_G","Strike_G","Strike_G","Survivor","Neutralize+1","Grand Finale+1","Glass Knife+1","Footwork+1"],"relics":["Ring of the Snake","Bag of Marbles","Potion Belt","Anchor"],"potions_floor_usage":[13],"damage_taken":[{"damage":0,"enemies":"2 Louse","floor":1,"turns":2},{"damage":1,"enemies":"Small Slimes","floor":5,"turns":3},{"damage":0,"enemies":"Cultist","floor":7,"turns":1},{"damage":0,"enemies":"3 Louse","floor":11,"turns":4},{"damage":1,"enemies":"Gremlin Nob","floor":12,"turns":4},{"damage":0,"enemies":"Exordium Thugs","floor":13,"turns":4},{"damage":45,"enemies":"The Guardian","floor":16,"turns":33}],"seed_played":"4843712213404454465","potions_obtained":[{"floor":5,"key":"SmokeBomb"},{"floor":12,"key":"Poison Potion"}],"is_trial":false,"path_per_floor":["M","?","?","?","M","R","M","R","T","R","M","E","M","$","R","B"],"character_chosen":"THE_SILENT","items_purchased":[],"campfire_rested":0,"item_purchase_floors":[],"current_hp_per_floor":[59,59,48,48,47,47,47,47,47,47,47,46,46,46,46,1],"gold":25,"neow_bonus":"TRANSFORM_TWO_CARDS","is_prod":false,"is_daily":false,"chose_seed":false,"campfire_upgraded":4,"win_rate":0,"timestamp":1551690659,"path_taken":["M","?","?","?","M","R","M","R","T","R","M","E","M","$","R","BOSS"],"build_version":"2019-01-23","purchased_purges":1,"victory":false,"max_hp_per_floor":[66,66,66,66,66,66,66,66,66,66,66,66,66,66,66,66],"card_choices":[{"not_picked":["Prepared","Underhanded Strike","Dagger Spray"],"picked":"SKIP","floor":1},{"not_picked":["PiercingWail","All Out Attack","Sucker Punch"],"picked":"SKIP","floor":5},{"not_picked":["Blade Dance","Predator"],"picked":"Footwork","floor":7},{"not_picked":["Predator","Poisoned Stab","Underhanded Strike"],"picked":"SKIP","floor":11},{"not_picked":["Predator","Night Terror","Endless Agony"],"picked":"SKIP","floor":12},{"not_picked":["All Out Attack","Blade Dance","Catalyst"],"picked":"SKIP","floor":13}],"player_experience":1107513,"relics_obtained":[{"floor":9,"key":"Potion Belt"},{"floor":12,"key":"Anchor"}],"event_choices":[{"damage_healed":0,"gold_gain":0,"player_choice":"Ignored","damage_taken":0,"max_hp_gain":0,"max_hp_loss":0,"event_name":"Liars Game","floor":2,"gold_loss":0},{"damage_healed":0,"gold_gain":75,"player_choice":"Gather Gold","damage_taken":11,"max_hp_gain":0,"max_hp_loss":0,"event_name":"World of Goop","floor":3,"gold_loss":0},{"damage_healed":0,"gold_gain":0,"player_choice":"Paid Gold","damage_taken":0,"relics_obtained":["Bag of Marbles"],"max_hp_gain":0,"max_hp_loss":0,"event_name":"WeMeetAgain","floor":4,"gold_loss":68}],"is_beta":false,"boss_relics":[],"items_purged_floors":[14],"is_endless":false,"potions_floor_spawned":[5,12],"killed_by":"The Guardian","ascension_level":15}