{"gold_per_floor":[116,36,36,55,230,268,268,303,349,349,369,369,393,424,424,544,544,559,48,62,75,75,114,114,114,114,79,79,119,44,57,57,176,176,190,190,204,224,349,349,349],"floor_reached":41,"playtime":2412,"items_purged":["Doubt"],"score":761,"play_id":"91e94cee-8bd1-41d2-8d7a-ab533f2de1fd","local_time":"20190322215754","is_ascension_mode":true,"campfire_choices":[{"floor":7,"key":"REST"},{"data":"Bouncing Flask","floor":10,"key":"SMITH"},{"data":"Leg Sweep","floor":12,"key":"SMITH"},{"floor":15,"key":"REST"},{"data":"Adrenaline","floor":24,"key":"SMITH"},{"data":"A Thousand Cuts","floor":28,"key":"SMITH"},{"floor":32,"key":"REST"},{"data":"Catalyst","floor":40,"key":"SMITH"}],"neow_cost":"NONE","seed_source_timestamp":823304026444112,"circlet_count":0,"master_deck":["Survivor","Neutralize","Dagger Throw","Backstab","Bouncing Flask+1","Leg Sweep+1","Unload","Predator","Underhanded Strike","Venomology","Corpse Explosion","Slice","Slice","Night Terror","Slice","Adrenaline+1","A Thousand Cuts+1","Distraction","Wraith Form v2","Poisoned Stab","Deadly Poison+1","Slice","Prepared","Concentrate","Concentrate+1","Deflect","Catalyst+1","Dodge and Roll+1","Catalyst","Expertise","Heel Hook","Dash+1","Phantasmal Killer","Terror+1","Dash+1","Poisoned Stab+1","Outmaneuver+1"],"relics":["Ring of the Serpent","NeowsBlessing","Golden Idol","War Paint","Kunai","Lantern","Pandora\u0027s Box","Bag of Marbles","Regal Pillow","Pen Nib","Enchiridion","Blue Candle","Snake Skull","Torii"],"potions_floor_usage":[8,8,14,20,21,21,23,23,29,37,37,39,41,41,41],"damage_taken":[{"damage":0,"enemies":"Small Slimes","floor":1,"turns":1},{"damage":0,"enemies":"Jaw Worm","floor":4,"turns":1},{"damage":0,"enemies":"Lagavulin","floor":6,"turns":1},{"damage":24,"enemies":"Gremlin Nob","floor":8,"turns":4},{"damage":0,"enemies":"2 Louse","floor":11,"turns":1},{"damage":0,"enemies":"Blue Slaver","floor":13,"turns":3},{"damage":21,"enemies":"3 Sentries","floor":14,"turns":8},{"damage":26,"enemies":"The Guardian","floor":16,"turns":11},{"damage":0,"enemies":"Shell Parasite","floor":18,"turns":3},{"damage":0,"enemies":"2 Thieves","floor":20,"turns":1},{"damage":0,"enemies":"Cultist and Chosen","floor":21,"turns":4},{"damage":0,"enemies":"Gremlin Leader","floor":23,"turns":4},{"damage":0,"enemies":"Slavers","floor":29,"turns":1},{"damage":0,"enemies":"Snake Plant","floor":31,"turns":2},{"damage":64,"enemies":"Automaton","floor":33,"turns":5},{"damage":11,"enemies":"Orb Walker","floor":35,"turns":2},{"damage":4,"enemies":"3 Shapes","floor":37,"turns":3},{"damage":5,"enemies":"Maw","floor":38,"turns":4},{"damage":10,"enemies":"Mind Bloom Boss Battle","floor":39,"turns":6},{"damage":69,"enemies":"Giant Head","floor":41,"turns":6}],"seed_played":"-4522131201750977394","potions_obtained":[{"floor":1,"key":"Ancient Potion"},{"floor":4,"key":"SkillPotion"},{"floor":13,"key":"Regen Potion"},{"floor":14,"key":"Explosive Potion"},{"floor":18,"key":"Poison Potion"},{"floor":23,"key":"Explosive Potion"},{"floor":29,"key":"Strength Potion"},{"floor":35,"key":"Fruit Juice"},{"floor":38,"key":"Regen Potion"}],"is_trial":false,"path_per_floor":["M","$","?","M","?","E","R","E","T","R","M","R","M","E","R","B",null,"M","$","M","M","?","E","R","?","T","$","R","E","$","M","R","B",null,"M","?","M","M","?","R","E"],"character_chosen":"THE_SILENT","items_purchased":["Backstab","Bag of Marbles","Regal Pillow","Slice","Prepared","Concentrate","Catalyst","Heel Hook"],"campfire_rested":3,"item_purchase_floors":[2,19,19,19,19,19,27,30],"current_hp_per_floor":[63,63,46,46,46,46,67,43,43,43,43,43,43,37,58,32,61,61,61,61,61,61,61,61,45,45,45,45,45,45,45,70,6,54,43,43,56,51,56,56,0],"gold":349,"neow_bonus":"THREE_ENEMY_KILL","is_prod":false,"is_daily":false,"chose_seed":false,"campfire_upgraded":5,"win_rate":0,"timestamp":1553317074,"path_taken":["M","$","?","M","?","E","R","E","T","R","M","R","M","E","R","BOSS","M","$","M","M","?","E","R","?","T","$","R","E","$","M","R","BOSS","M","?","?","?","?","R","E"],"build_version":"2019-01-23","purchased_purges":1,"victory":false,"max_hp_per_floor":[70,70,70,70,70,70,70,70,70,70,70,70,70,70,70,70,70,70,70,70,70,70,70,70,70,70,70,70,70,70,70,70,70,70,70,70,75,75,75,75,75],"card_choices":[{"not_picked":["Choke","Cloak And Dagger"],"picked":"Dagger Throw","floor":1},{"not_picked":["Eviscerate","Prepared"],"picked":"Bouncing Flask","floor":4},{"not_picked":["Deflect","Reflex"],"picked":"Leg Sweep","floor":6},{"not_picked":["Dodge and Roll","Predator"],"picked":"Unload","floor":8},{"not_picked":["Blade Dance","Cloak And Dagger"],"picked":"Predator","floor":11},{"not_picked":["Dagger Throw","Deflect"],"picked":"Underhanded Strike","floor":13},{"not_picked":["Poisoned Stab","Dagger Throw"],"picked":"Venomology","floor":14},{"not_picked":["Bullet Time","Grand Finale"],"picked":"Corpse Explosion","floor":16},{"not_picked":["Acrobatics","Sucker Punch"],"picked":"Deadly Poison+1","floor":18},{"not_picked":["Backflip","Infinite Blades"],"picked":"Concentrate+1","floor":20},{"not_picked":["Riddle With Holes","Endless Agony"],"picked":"Deflect","floor":21},{"not_picked":["Expertise","Finisher"],"picked":"Dodge and Roll+1","floor":23},{"not_picked":["Skewer","Accuracy"],"picked":"Expertise","floor":29},{"not_picked":["Setup","Catalyst"],"picked":"Dash+1","floor":31},{"not_picked":["Storm of Steel","Venomology"],"picked":"Phantasmal Killer","floor":33},{"not_picked":["Quick Slash","Dodge and Roll+1"],"picked":"Terror+1","floor":35},{"not_picked":["Prepared","Riddle With Holes"],"picked":"Dash+1","floor":37},{"not_picked":["Concentrate+1","Cloak And Dagger+1"],"picked":"Poisoned Stab+1","floor":38},{"not_picked":["Endless Agony","Slice+1"],"picked":"Outmaneuver+1","floor":39}],"player_experience":380727,"relics_obtained":[{"floor":6,"key":"War Paint"},{"floor":8,"key":"Kunai"},{"floor":14,"key":"Lantern"},{"floor":23,"key":"Pen Nib"},{"floor":25,"key":"Enchiridion"},{"floor":26,"key":"Blue Candle"},{"floor":29,"key":"Snake Skull"},{"floor":39,"key":"Torii"}],"event_choices":[{"damage_healed":0,"gold_gain":0,"player_choice":"Take Damage","damage_taken":17,"relics_obtained":["Golden Idol"],"max_hp_gain":0,"max_hp_loss":0,"event_name":"Golden Idol","floor":3,"gold_loss":0},{"damage_healed":0,"gold_gain":175,"player_choice":"AGREE","damage_taken":0,"max_hp_gain":0,"max_hp_loss":0,"event_name":"Liars Game","floor":5,"gold_loss":0,"cards_obtained":["Doubt"]},{"damage_healed":0,"gold_gain":0,"player_choice":"Read","damage_taken":0,"max_hp_gain":0,"max_hp_loss":0,"event_name":"The Library","floor":22,"gold_loss":0,"cards_obtained":["Catalyst"]},{"damage_healed":0,"gold_gain":0,"player_choice":"Obtained Book","damage_taken":16,"max_hp_gain":0,"max_hp_loss":0,"event_name":"Cursed Tome","floor":25,"gold_loss":0},{"cards_removed":["Underhanded Strike"],"damage_healed":0,"gold_gain":0,"player_choice":"Purged","damage_taken":0,"max_hp_gain":0,"max_hp_loss":0,"event_name":"Purifier","floor":36,"gold_loss":0},{"damage_healed":0,"gold_gain":0,"player_choice":"Fight","damage_taken":0,"max_hp_gain":0,"max_hp_loss":0,"event_name":"MindBloom","floor":39,"gold_loss":0}],"is_beta":false,"boss_relics":[{"not_picked":["Runic Dome","Snecko Eye"],"picked":"Pandora\u0027s Box"},{"not_picked":["Orrery","Coffee Dripper"],"picked":"Ring of the Serpent"}],"items_purged_floors":[19],"is_endless":false,"potions_floor_spawned":[1,4,13,14,18,23,29,35,38],"killed_by":"Giant Head","ascension_level":6}