{"gold_per_floor":[119,129,18,18,28,61,75,75,99,24,24,24,24,43,43,145,145,157,171,261,261,281,298,298,315,315,315],"floor_reached":27,"playtime":1058,"items_purged":[],"score":323,"play_id":"52f5bbc5-86e5-4f82-b170-b6e66da2a6fc","local_time":"20180918101555","is_ascension_mode":true,"campfire_choices":[{"data":"Hologram","floor":8,"key":"SMITH"},{"floor":13,"key":"REST"},{"floor":15,"key":"REST"},{"data":"Consume","floor":24,"key":"SMITH"}],"neow_cost":"PERCENT_DAMAGE","seed_source_timestamp":93465559146305,"circlet_count":0,"master_deck":["Strike_B","Strike_B","Strike_B","Strike_B","Defend_B","Defend_B","Defend_B","Defend_B","Zap","Dualcast","AscendersBane","Rebound","Rip and Tear","Rip and Tear","Hologram+1","White Noise","Turbo","Skim","Tempest","Amplify","Writhe","Consume+1","Coolheaded+1","Beam Cell+1"],"relics":["Cracked Core","Thread and Needle","DataDisk","Pen Nib","Orichalcum","Velvet Choker","Meat on the Bone","Singing Bowl"],"potions_floor_usage":[6,6,19,19,22,27],"damage_taken":[{"damage":0,"enemies":"Cultist","floor":1,"turns":3},{"damage":3,"enemies":"Jaw Worm","floor":2,"turns":3},{"damage":0,"enemies":"Small Slimes","floor":5,"turns":2},{"damage":28,"enemies":"Lagavulin","floor":6,"turns":4},{"damage":4,"enemies":"Blue Slaver","floor":7,"turns":2},{"damage":0,"enemies":"Lots of Slimes","floor":14,"turns":3},{"damage":26,"enemies":"Hexaghost","floor":16,"turns":7},{"damage":20,"enemies":"Shell Parasite","floor":18,"turns":5},{"damage":1,"enemies":"3 Byrds","floor":19,"turns":3},{"damage":30,"enemies":"Shelled Parasite and Fungi","floor":22,"turns":6},{"damage":15,"enemies":"Snecko","floor":23,"turns":5},{"damage":21,"enemies":"Sentry and Sphere","floor":25,"turns":5},{"damage":22,"enemies":"Cultist and Chosen","floor":27,"turns":4}],"seed_played":"-2746497167073397245","potions_obtained":[{"floor":1,"key":"Fire Potion"},{"floor":5,"key":"SkillPotion"},{"floor":16,"key":"Explosive Potion"},{"floor":18,"key":"Regen Potion"},{"floor":25,"key":"AttackPotion"}],"is_trial":false,"path_per_floor":["M","M","$","?","M","E","M","R","T","$","?","$","R","M","R","B",null,"M","M","?","?","M","M","R","M","T"],"character_chosen":"DEFECT","items_purchased":["Regen Potion","Rip and Tear","Skim"],"campfire_rested":2,"item_purchase_floors":[3,3,10],"current_hp_per_floor":[50,47,47,35,35,19,15,15,15,15,15,15,37,37,59,33,65,45,44,30,30,27,24,24,15,15,0],"gold":315,"neow_bonus":"ONE_RARE_RELIC","is_prod":false,"is_daily":false,"chose_seed":false,"campfire_upgraded":2,"win_rate":0,"timestamp":1537280155,"path_taken":["M","?","$","?","M","E","?","R","T","$","?","$","R","M","R","BOSS","M","?","?","?","M","M","R","M","T","?"],"build_version":"2018-09-06","purchased_purges":0,"victory":false,"max_hp_per_floor":[75,75,75,75,75,75,75,75,75,75,75,75,75,75,75,75,75,75,75,75,75,75,75,75,75,75,75],"card_choices":[{"not_picked":["Heatsinks","Undo"],"picked":"Rebound","floor":1},{"not_picked":["Coolheaded","Rebound"],"picked":"Rip and Tear","floor":2},{"not_picked":["Coolheaded","Sweeping Beam"],"picked":"Hologram","floor":5},{"not_picked":["Machine Learning","Ball Lightning"],"picked":"White Noise","floor":6},{"not_picked":["Go for the Eyes","Recycle"],"picked":"Turbo","floor":7},{"not_picked":["Steam","Steam Power"],"picked":"Tempest","floor":14},{"not_picked":["All For One","Fission"],"picked":"Amplify","floor":16},{"not_picked":["Rebound","Cold Snap","Double Energy"],"picked":"SKIP","floor":18},{"not_picked":["Reinforced Body","Fusion","Heatsinks"],"picked":"SKIP","floor":19},{"not_picked":["Hologram","Heatsinks+1"],"picked":"Consume","floor":22},{"not_picked":["Barrage","Sweeping Beam"],"picked":"Coolheaded+1","floor":23},{"not_picked":["Capacitor","Barrage"],"picked":"Beam Cell+1","floor":25}],"player_experience":551179,"relics_obtained":[{"floor":6,"key":"Pen Nib"},{"floor":9,"key":"Orichalcum"},{"floor":26,"key":"Singing Bowl"}],"event_choices":[{"event_name":"Scrap Ooze","player_choice":"success","floor":4,"damage_taken":12},{"event_name":"The Cleric","player_choice":"Leave","floor":11,"damage_taken":0},{"event_name":"Knowing Skull","player_choice":"GOLD ","floor":20,"damage_taken":0},{"event_name":"The Mausoleum","player_choice":"Yes","floor":21,"damage_taken":0}],"is_beta":false,"boss_relics":[{"not_picked":["Coffee Dripper","Calling Bell"],"picked":"Velvet Choker"}],"items_purged_floors":[],"is_endless":false,"potions_floor_spawned":[1,5,16,18,25],"killed_by":"Cultist and Chosen","ascension_level":10}