{"gold_per_floor":[118,43,43,59,76,76,102,102,125,139,170,345,362,379,379,379],"floor_reached":16,"playtime":1442,"items_purged":["Defend_B"],"score":112,"play_id":"1396beff-07f7-4c1a-92af-436891349ce3","local_time":"20180814215443","is_ascension_mode":false,"campfire_choices":[{"data":"Dualcast","floor":6,"key":"SMITH"},{"floor":8,"key":"REST"},{"floor":15,"key":"REST"}],"neow_cost":"NONE","seed_source_timestamp":680045120687179,"circlet_count":0,"master_deck":["Strike_B","Strike_B","Defend_B","Defend_B","Defend_B","Zap","Dualcast+1","Hyperbeam","Doubt","Coolheaded"],"relics":["Cracked Core","Lantern","Blood Vial","Oddly Smooth Stone"],"potions_floor_usage":[7,7,11,16],"damage_taken":[{"damage":6,"enemies":"Cultist","floor":1,"turns":3},{"damage":1,"enemies":"2 Louse","floor":4,"turns":2},{"damage":3,"enemies":"Jaw Worm","floor":5,"turns":3},{"damage":40,"enemies":"3 Sentries","floor":7,"turns":6},{"damage":0,"enemies":"Large Slime","floor":10,"turns":4},{"damage":36,"enemies":"Lagavulin","floor":11,"turns":4},{"damage":1,"enemies":"Lots of Slimes","floor":13,"turns":2},{"damage":0,"enemies":"Exordium Wildlife","floor":14,"turns":2},{"damage":45,"enemies":"Slime Boss","floor":16,"turns":5}],"seed_played":"-8795669354953765699","potions_obtained":[{"floor":1,"key":"LiquidBronze"},{"floor":4,"key":"Swift Potion"},{"floor":5,"key":"SkillPotion"},{"floor":14,"key":"Explosive Potion"}],"is_trial":false,"path_per_floor":["M","$","?","M","M","R","E","R","T","M","E","?","M","M","R"],"character_chosen":"DEFECT","items_purchased":[],"campfire_rested":2,"item_purchase_floors":[],"current_hp_per_floor":[69,69,69,68,65,65,25,47,47,49,15,15,16,18,40,0],"gold":379,"neow_bonus":"REMOVE_CARD","is_prod":false,"is_daily":false,"chose_seed":false,"campfire_upgraded":1,"win_rate":0,"timestamp":1534254883,"path_taken":["M","$","?","M","M","R","E","R","T","?","E","?","M","M","R","BOSS"],"build_version":"2018-08-09","purchased_purges":1,"victory":false,"max_hp_per_floor":[75,75,75,75,75,75,75,75,75,75,75,75,75,75,75,75],"card_choices":[{"not_picked":["Static Discharge","Leap","Aggregate"],"picked":"SKIP","floor":1},{"not_picked":["Sweeping Beam","Darkness","Melter"],"picked":"SKIP","floor":4},{"not_picked":["Gash","Hologram","Barrage"],"picked":"SKIP","floor":5},{"not_picked":["Consume","Leap"],"picked":"Hyperbeam","floor":7},{"not_picked":["Steam","Sweeping Beam","Ball Lightning"],"picked":"SKIP","floor":10},{"not_picked":["Ball Lightning","Cold Snap","Gash"],"picked":"SKIP","floor":11},{"not_picked":["Rebound","Aggregate","Reinforced Body"],"picked":"SKIP","floor":13},{"not_picked":["Cold Snap","Ball Lightning"],"picked":"Coolheaded","floor":14}],"player_experience":337980,"relics_obtained":[{"floor":7,"key":"Lantern"},{"floor":9,"key":"Blood Vial"},{"floor":11,"key":"Oddly Smooth Stone"}],"event_choices":[{"event_name":"Bonfire Elementals","player_choice":"BASIC","floor":3,"damage_taken":0},{"event_name":"Liars Game","player_choice":"agreed","floor":12,"damage_taken":0}],"is_beta":false,"boss_relics":[],"items_purged_floors":[2],"is_endless":false,"potions_floor_spawned":[1,4,5,14],"killed_by":"Slime Boss","ascension_level":0}