{"gold_per_floor":[19,29,40,40,53,53,53,53,53,93,168,192,192,192,192,290,290,305,355,355,380,305,345,191,214,282,296,296,316,316,266,266,357,357,380,1379,633,656,297,297,317,358,358,402,402,436,436,459,459,459,459,459,44,88,88],"floor_reached":56,"playtime":2100,"items_purged":["Strike_B","Streamline","Normality","Normality","Melter"],"score":1989,"play_id":"39c09d9d-1394-49e6-80a6-a7df8c456d2c","local_time":"20190330223903","is_ascension_mode":true,"campfire_choices":[{"data":"Darkness","floor":6.0,"key":"SMITH"},{"data":"Zap","floor":8.0,"key":"SMITH"},{"data":"Fission","floor":13.0,"key":"SMITH"},{"floor":15.0,"key":"REST"},{"data":"Coolheaded","floor":28.0,"key":"SMITH"},{"data":"Redo","floor":30.0,"key":"SMITH"},{"data":"Blizzard","floor":32.0,"key":"SMITH"},{"data":"Apotheosis","floor":40.0,"key":"SMITH"},{"floor":45.0,"key":"REST"},{"floor":49.0,"key":"RECALL"},{"floor":52.0,"key":"REST"}],"neow_cost":"NO_GOLD","seed_source_timestamp":0,"circlet_count":0,"master_deck":["AscendersBane","Defend_B","Defend_B","Defend_B+1","Defend_B","Zap+1","Dualcast","Cold Snap+1","Darkness+1","Gash","Turbo","Fission+1","Ball Lightning","Electrodynamics","Tempest","Coolheaded+1","Redo+1","Capacitor","Blizzard+1","Heatsinks","Glacier","Meteor Strike","Chaos+1","Apotheosis+1","Capacitor","Coolheaded","Discovery","Coolheaded","Reinforced Body+1","Multi-Cast","Fusion","Meteor Strike","Finesse","Barrage+1"],"special_seed":0,"relics":["Cracked Core","Golden Idol","Letter Opener","Singing Bowl","Orichalcum","White Beast Statue","Dodecahedron","Smiling Mask","Gremlin Horn","Runic Pyramid","Bottled Lightning","Chemical X","Bag of Preparation","Bird Faced Urn","Darkstone Periapt","Bronze Scales","Happy Flower"],"potions_floor_usage":[55,55],"damage_taken":[{"damage":0.0,"enemies":"Small Slimes","floor":1.0,"turns":2.0},{"damage":0.0,"enemies":"Jaw Worm","floor":2.0,"turns":3.0},{"damage":0.0,"enemies":"2 Louse","floor":3.0,"turns":1.0},{"damage":0.0,"enemies":"Exordium Wildlife","floor":5.0,"turns":3.0},{"damage":24.0,"enemies":"Gremlin Nob","floor":10.0,"turns":4.0},{"damage":6.0,"enemies":"Blue Slaver","floor":12.0,"turns":3.0},{"damage":18.0,"enemies":"The Guardian","floor":16.0,"turns":10.0},{"damage":7.0,"enemies":"3 Byrds","floor":18.0,"turns":3.0},{"damage":2.0,"enemies":"Chosen","floor":21.0,"turns":4.0},{"damage":12.0,"enemies":"Gremlin Leader","floor":23.0,"turns":6.0},{"damage":8.0,"enemies":"Snake Plant","floor":27.0,"turns":3.0},{"damage":2.0,"enemies":"Sentry and Sphere","floor":29.0,"turns":3.0},{"damage":27.0,"enemies":"Champ","floor":33.0,"turns":7.0},{"damage":10.0,"enemies":"3 Shapes","floor":35.0,"turns":3.0},{"damage":12.0,"enemies":"Orb Walker","floor":38.0,"turns":4.0},{"damage":0.0,"enemies":"Sphere and 2 Shapes","floor":41.0,"turns":3.0},{"damage":9.0,"enemies":"Nemesis","floor":42.0,"turns":7.0},{"damage":14.0,"enemies":"Giant Head","floor":44.0,"turns":8.0},{"damage":0.0,"enemies":"Reptomancer","floor":46.0,"turns":4.0},{"damage":0.0,"enemies":"3 Darklings","floor":48.0,"turns":3.0},{"damage":24.0,"enemies":"Donu and Deca","floor":50.0,"turns":6.0},{"damage":6.0,"enemies":"Shield and Spear","floor":54.0,"turns":2.0},{"damage":80,"enemies":"The Heart","floor":55,"turns":8}],"seed_played":"-6173934458395488400","potions_obtained":[{"floor":2.0,"key":"PowerPotion"},{"floor":5.0,"key":"Fire Potion"},{"floor":18.0,"key":"Poison Potion"},{"floor":21.0,"key":"Regen Potion"},{"floor":23.0,"key":"FearPotion"},{"floor":29.0,"key":"FocusPotion"},{"floor":33.0,"key":"FairyPotion"},{"floor":35.0,"key":"PowerPotion"},{"floor":38.0,"key":"Swift Potion"},{"floor":42.0,"key":"FearPotion"},{"floor":44.0,"key":"SteroidPotion"},{"floor":46.0,"key":"Energy Potion"},{"floor":48.0,"key":"Block Potion"}],"is_trial":false,"path_per_floor":["M","M","M","?","M","R","?","R","T","E","?","M","R","?","R","B",null,"M","?","?","M","?","E","$","T","T","M","R","M","R","$","R","B",null,"M","?","$","M","$","R","M","E","T","E","R","E","?","M","R","B",null,"R","$","E","B",null],"character_chosen":"DEFECT","items_purchased":["Blizzard","Apotheosis","Bottled Lightning","Chemical X","Capacitor","Discovery","Bag of Preparation","Coolheaded","SkillPotion","Meteor Strike","SpeedPotion","Finesse","Regen Potion"],"campfire_rested":3,"item_purchase_floors":[24,37,37,37,37,39,39,39,39,53,53,53,53],"current_hp_per_floor":[64,64,64,64,64,64,64,64,64,40,29,23,23,4,23,5,49,42,42,42,40,40,43,43,43,43,35,35,33,33,33,33,6,50,40,40,40,28,28,28,28,19,19,19,38,46,46,52,52,36,60,68,68,66,3],"gold":88,"neow_bonus":"TRANSFORM_TWO_CARDS","is_prod":false,"is_daily":false,"chose_seed":true,"campfire_upgraded":7,"win_rate":0,"timestamp":1553956743,"path_taken":["M","M","M","?","M","R","?","R","T","E","?","M","R","?","R","BOSS","M","?","?","M","?","E","?","?","T","M","R","?","R","$","R","BOSS","M","?","$","M","$","R","M","E","T","E","R","E","?","?","R","BOSS","R","$","E","BOSS"],"build_version":"2019-01-23","purchased_purges":5,"victory":true,"max_hp_per_floor":[71,71,71,64,64,64,64,64,64,64,64,64,64,64,64,64,64,64,64,64,64,64,64,64,64,64,64,64,64,64,64,64,64,64,64,64,64,64,64,64,64,64,64,66,66,66,66,68,68,68,68,68,68,68,68],"card_choices":[{"not_picked":["Steam","Ball Lightning"],"picked":"Cold Snap","floor":1.0},{"not_picked":["Barrage","Rip and Tear"],"picked":"Darkness","floor":2.0},{"not_picked":["Go for the Eyes","Steam"],"picked":"Gash","floor":3.0},{"not_picked":["Streamline","Force Field"],"picked":"Turbo","floor":5.0},{"not_picked":["Lockon","Turbo"],"picked":"Fission","floor":10.0},{"not_picked":["Scrape","Stack"],"picked":"Ball Lightning","floor":12.0},{"not_picked":["Fission","Machine Learning"],"picked":"Electrodynamics","floor":16.0},{"not_picked":["Cold Snap","Rebound"],"picked":"Tempest","floor":18.0},{"not_picked":["Gash","FTL"],"picked":"Redo","floor":21.0},{"not_picked":["Darkness","Rebound+1"],"picked":"Capacitor","floor":23.0},{"not_picked":["FTL","Gash"],"picked":"Heatsinks","floor":27.0},{"not_picked":["Blizzard","Coolheaded"],"picked":"Glacier","floor":29.0},{"not_picked":["Thunder Strike","Amplify"],"picked":"Meteor Strike","floor":33.0},{"not_picked":["Blizzard","Barrage+1"],"picked":"Chaos+1","floor":35.0},{"not_picked":["Barrage","Beam Cell"],"picked":"Coolheaded","floor":38.0},{"not_picked":["Barrage+1","Scrape"],"picked":"Reinforced Body+1","floor":41.0},{"not_picked":["Streamline","Aggregate"],"picked":"Multi-Cast","floor":42.0},{"not_picked":["Steam","Leap","Go for the Eyes"],"picked":"Singing Bowl","floor":44.0},{"not_picked":["Reinforced Body","Steam+1"],"picked":"Fusion","floor":46.0},{"not_picked":["Cold Snap","Redo","Compile Driver"],"picked":"Singing Bowl","floor":48.0},{"not_picked":["Force Field","Compile Driver"],"picked":"Barrage+1","floor":54.0}],"player_experience":1299187,"relics_obtained":[{"floor":9.0,"key":"Singing Bowl"},{"floor":10.0,"key":"Orichalcum"},{"floor":23.0,"key":"Dodecahedron"},{"floor":25.0,"key":"Smiling Mask"},{"floor":26.0,"key":"Gremlin Horn"},{"floor":42.0,"key":"Bird Faced Urn"},{"floor":44.0,"key":"Darkstone Periapt"},{"floor":46.0,"key":"Bronze Scales"},{"floor":54.0,"key":"Happy Flower"}],"event_choices":[{"damage_healed":0.0,"max_hp_gain":0.0,"max_hp_loss":7.0,"gold_gain":0.0,"event_name":"Golden Idol","player_choice":"Lose Max HP","floor":4.0,"gold_loss":0.0,"damage_taken":0.0,"relics_obtained":["Golden Idol"]},{"damage_healed":0.0,"max_hp_gain":0.0,"max_hp_loss":0.0,"gold_gain":0.0,"event_name":"Dead Adventurer","player_choice":"Searched \u00271\u0027 times","floor":7.0,"gold_loss":0.0,"damage_taken":0.0,"relics_obtained":["Letter Opener"]},{"damage_healed":0.0,"max_hp_gain":0.0,"max_hp_loss":0.0,"gold_gain":75.0,"event_name":"World of Goop","player_choice":"Gather Gold","floor":11.0,"gold_loss":0.0,"damage_taken":11.0},{"damage_healed":0.0,"max_hp_gain":0.0,"max_hp_loss":0.0,"gold_gain":0.0,"event_name":"Shining Light","player_choice":"Entered Light","floor":14.0,"gold_loss":0.0,"damage_taken":19.0,"cards_upgraded":["Cold Snap","Defend_B"]},{"damage_healed":0.0,"max_hp_gain":0.0,"max_hp_loss":0.0,"gold_gain":50.0,"event_name":"Nest","player_choice":"Stole From Cult","floor":19.0,"gold_loss":0.0,"damage_taken":0.0},{"damage_healed":0.0,"max_hp_gain":0.0,"max_hp_loss":0.0,"gold_gain":0.0,"event_name":"The Library","player_choice":"Read","floor":20.0,"gold_loss":0.0,"damage_taken":0.0,"cards_obtained":["Coolheaded"]},{"cards_removed":["Strike_B"],"damage_healed":0.0,"max_hp_gain":0.0,"max_hp_loss":0.0,"gold_gain":0.0,"event_name":"Beggar","player_choice":"Gave Gold","floor":22.0,"gold_loss":75.0,"damage_taken":0.0},{"damage_healed":0.0,"max_hp_gain":0.0,"max_hp_loss":0.0,"gold_gain":999.0,"event_name":"MindBloom","player_choice":"Gold","floor":36.0,"gold_loss":0.0,"damage_taken":0.0,"cards_obtained":["Normality","Normality"]},{"damage_healed":0.0,"max_hp_gain":0.0,"max_hp_loss":0.0,"gold_gain":0.0,"event_name":"Tomb of Lord Red Mask","player_choice":"Ignored","floor":47.0,"gold_loss":0.0,"damage_taken":0.0}],"is_beta":false,"boss_relics":[{"not_picked":["Fusion Hammer","Calling Bell"],"picked":"White Beast Statue"},{"not_picked":["Philosopher\u0027s Stone","Orrery"],"picked":"Runic Pyramid"}],"items_purged_floors":[24,31,37,39,53],"is_endless":false,"potions_floor_spawned":[2,5,12,16,18,21,23,27,29,33,35,38,41,42,44,46,48,54],"ascension_level":15}