{"gold_per_floor":[40,76,226,226,226,226,286,322,322,322,357,94,136,36,36,112,112,112,112,112,112,35,35,35,35,35,35,35,35,35,35,35,35],"floor_reached":33,"playtime":1250,"items_purged":[],"score":681,"play_id":"812fb5f0-b58a-47c6-8d32-1a5861b10d7e","local_time":"20190226123614","is_ascension_mode":true,"campfire_choices":[{"data":"HandOfGreed","floor":6.0,"key":"SMITH"},{"floor":10.0,"key":"REST"},{"floor":15.0,"key":"REST"},{"data":"Footwork","floor":23.0,"key":"SMITH"},{"data":"Footwork","floor":29,"key":"SMITH"},{"data":"Footwork","floor":32,"key":"SMITH"}],"neow_cost":"NO_GOLD","seed_source_timestamp":0,"circlet_count":0,"master_deck":["AscendersBane","Defend_G","Defend_G","Defend_G+1","Defend_G","Defend_G","Survivor","Neutralize","HandOfGreed+1","Trip","Deflect+1","Well Laid Plans","Backstab","Escape Plan","Footwork+1","Footwork+1","Mind Blast","Wraith Form v2+1","Bite","Bite","Bite","Bite","Bite","Caltrops","Blade Dance","Footwork+1"],"special_seed":0,"relics":["Ring of the Snake","Mercury Hourglass","Matryoshka","War Paint","Ectoplasm","Ninja Scroll","Happy Flower","The Courier","Potion Belt","Smiling Mask"],"potions_floor_usage":[27,31,33],"damage_taken":[{"damage":0.0,"enemies":"Cultist","floor":1.0,"turns":4.0},{"damage":0.0,"enemies":"2 Louse","floor":2.0,"turns":3.0},{"damage":42.0,"enemies":"Lagavulin","floor":7.0,"turns":8.0},{"damage":0.0,"enemies":"Jaw Worm","floor":8.0,"turns":2.0},{"damage":0.0,"enemies":"Blue Slaver","floor":11.0,"turns":1.0},{"damage":0.0,"enemies":"2 Fungi Beasts","floor":13.0,"turns":2.0},{"damage":28.0,"enemies":"Hexaghost","floor":16.0,"turns":11.0},{"damage":1.0,"enemies":"Chosen","floor":18.0,"turns":5.0},{"damage":7.0,"enemies":"Spheric Guardian","floor":21.0,"turns":4.0},{"damage":30.0,"enemies":"Shelled Parasite and Fungi","floor":24.0,"turns":6.0},{"damage":0.0,"enemies":"Gremlin Leader","floor":25.0,"turns":9.0},{"damage":6,"enemies":"Slavers","floor":27,"turns":5},{"damage":0,"enemies":"3 Cultists","floor":28,"turns":5},{"damage":20,"enemies":"Book of Stabbing","floor":31,"turns":5},{"damage":49,"enemies":"Automaton","floor":33,"turns":14}],"seed_played":"-2497851473105938668","potions_obtained":[{"floor":11.0,"key":"Fire Potion"},{"floor":16.0,"key":"Weak Potion"},{"floor":24.0,"key":"Fire Potion"},{"floor":25.0,"key":"SkillPotion"},{"floor":27,"key":"SteroidPotion"}],"is_trial":false,"path_per_floor":["M","M","?","?","?","R","E","M","T","R","M","$","M","$","R","B",null,"M","?","?","M","$","R","M","E","T","E","M","R","$","E","R","B"],"character_chosen":"THE_SILENT","items_purchased":["Footwork","War Paint","Mind Blast","Caltrops"],"campfire_rested":2,"item_purchase_floors":[12,12,14,22],"current_hp_per_floor":[59,59,59,52,52,52,10,10,10,29,29,29,29,29,48,20,55,54,46,46,39,39,39,25,46,46,46,46,46,46,36,36,10],"gold":35,"neow_bonus":"RANDOM_COLORLESS_2","is_prod":false,"is_daily":false,"chose_seed":false,"campfire_upgraded":4,"win_rate":0,"timestamp":1551202574,"path_taken":["M","M","?","?","?","R","E","M","T","R","M","?","M","$","R","BOSS","M","?","?","M","$","R","?","E","T","E","?","R","?","E","R","BOSS"],"build_version":"2019-01-23","purchased_purges":0,"victory":false,"max_hp_per_floor":[66,66,66,66,66,66,66,66,66,66,66,66,66,66,66,66,66,66,46,46,46,46,46,46,46,46,46,46,46,46,46,46,46],"card_choices":[{"not_picked":["Poisoned Stab","Skewer"],"picked":"Deflect","floor":1.0},{"not_picked":["Flying Knee","Backflip","Underhanded Strike"],"picked":"SKIP","floor":2.0},{"not_picked":["Tools of the Trade","Quick Slash"],"picked":"Well Laid Plans","floor":7.0},{"not_picked":["Cloak And Dagger","Finisher"],"picked":"Backstab","floor":8.0},{"not_picked":["Blur","Backflip"],"picked":"Escape Plan","floor":11.0},{"not_picked":["Bouncing Flask","Bane"],"picked":"Footwork","floor":13.0},{"not_picked":["Grand Finale","Storm of Steel"],"picked":"Wraith Form v2","floor":16.0},{"not_picked":["Deadly Poison","Sucker Punch","Cloak And Dagger"],"picked":"SKIP","floor":18.0},{"not_picked":["Quick Slash","Underhanded Strike","Deadly Poison"],"picked":"SKIP","floor":21.0},{"not_picked":["Cloak And Dagger","Crippling Poison","Choke"],"picked":"SKIP","floor":24.0},{"not_picked":["All Out Attack","Bane","Prepared"],"picked":"SKIP","floor":25.0},{"not_picked":["Outmaneuver","Reflex"],"picked":"Blade Dance","floor":27},{"not_picked":["Poisoned Stab","Concentrate","Slice"],"picked":"SKIP","floor":28},{"not_picked":["Outmaneuver","Well Laid Plans"],"picked":"Footwork","floor":31}],"player_experience":841514,"relics_obtained":[{"floor":7.0,"key":"Mercury Hourglass"},{"floor":9.0,"key":"Matryoshka"},{"floor":25.0,"key":"Ninja Scroll"},{"floor":26.0,"key":"Happy Flower"},{"floor":26.0,"key":"The Courier"},{"floor":27,"key":"Potion Belt"},{"floor":31,"key":"Smiling Mask"}],"event_choices":[{"damage_healed":0.0,"max_hp_gain":0.0,"max_hp_loss":0.0,"gold_gain":150.0,"event_name":"Liars Game","player_choice":"AGREE","floor":3.0,"gold_loss":0.0,"damage_taken":0.0,"cards_obtained":["Doubt"]},{"cards_removed":["Doubt"],"damage_healed":0.0,"max_hp_gain":0.0,"max_hp_loss":0.0,"gold_gain":0.0,"event_name":"Golden Wing","player_choice":"Card Removal","floor":4.0,"gold_loss":0.0,"damage_taken":7.0},{"damage_healed":0.0,"max_hp_gain":0.0,"max_hp_loss":0.0,"gold_gain":0.0,"event_name":"Shining Light","player_choice":"Ignored","floor":5.0,"gold_loss":0.0,"damage_taken":0.0},{"damage_healed":0.0,"max_hp_gain":0.0,"max_hp_loss":20.0,"gold_gain":0.0,"event_name":"Vampires","player_choice":"Became a vampire","floor":19.0,"gold_loss":0.0,"damage_taken":0.0,"cards_obtained":["Bite","Bite","Bite","Bite","Bite"]},{"damage_healed":0.0,"max_hp_gain":0.0,"max_hp_loss":0.0,"gold_gain":0.0,"event_name":"Accursed Blacksmith","player_choice":"Forge","floor":20.0,"gold_loss":0.0,"damage_taken":0.0,"cards_upgraded":["Wraith Form v2"]}],"is_beta":false,"boss_relics":[{"not_picked":["Fusion Hammer","Runic Dome"],"picked":"Ectoplasm"}],"items_purged_floors":[],"is_endless":false,"potions_floor_spawned":[11,16,24,25,27],"killed_by":"Automaton","ascension_level":20}