{"gold_per_floor":[109,125,138,151,76,76,90,116,188,206,220,220,192,192,192,316,316,330,148,171,189,64,64,64,64],"floor_reached":25,"playtime":1202,"items_purged":["Strike_R","Clothesline","Strike_R"],"score":287,"play_id":"481ba6c5-f093-425d-a275-7f7ccc14f24f","local_time":"20190416011551","is_ascension_mode":true,"campfire_choices":[{"data":"Bash","floor":6,"key":"SMITH"},{"floor":15,"key":"REST"},{"data":"Entrench","floor":23,"key":"SMITH"}],"neow_cost":"NONE","seed_source_timestamp":405689055068200,"circlet_count":0,"master_deck":["Strike_R","Strike_R","Defend_R","Defend_R","Defend_R","Defend_R","Bash+1","Dropkick","Shrug It Off","Battle Trance","Entrench+1","Double Tap","Barricade","Uppercut+1","Metallicize"],"relics":["Burning Blood","Boot","Molten Egg 2","Golden Idol","Busted Crown"],"potions_floor_usage":[8,16],"damage_taken":[{"damage":1,"enemies":"Cultist","floor":1,"turns":3},{"damage":9,"enemies":"2 Louse","floor":2,"turns":3},{"damage":7,"enemies":"Small Slimes","floor":3,"turns":4},{"damage":6,"enemies":"Looter","floor":4,"turns":4},{"damage":8,"enemies":"Exordium Wildlife","floor":7,"turns":5},{"damage":37,"enemies":"3 Sentries","floor":8,"turns":8},{"damage":5,"enemies":"Red Slaver","floor":10,"turns":5},{"damage":16,"enemies":"Gremlin Gang","floor":11,"turns":6},{"damage":40,"enemies":"Hexaghost","floor":16,"turns":10},{"damage":33,"enemies":"Chosen","floor":18,"turns":6},{"damage":6,"enemies":"3 Byrds","floor":20,"turns":7},{"damage":11,"enemies":"Snake Plant","floor":21,"turns":6},{"damage":32,"enemies":"Shelled Parasite and Fungi","floor":25,"turns":6}],"seed_played":"-5378001269330907437","potions_obtained":[{"floor":3,"key":"Strength Potion"},{"floor":4,"key":"FairyPotion"},{"floor":11,"key":"PowerPotion"},{"floor":16,"key":"Strength Potion"},{"floor":18,"key":"Poison Potion"}],"is_trial":false,"path_per_floor":["M","M","M","M","$","R","M","E","T","M","M","?","?","?","R","B",null,"M","$","M","M","$","R","?","M"],"character_chosen":"IRONCLAD","items_purchased":["Metallicize"],"campfire_rested":1,"item_purchase_floors":[19],"current_hp_per_floor":[77,74,73,73,73,73,71,40,40,41,31,11,11,11,35,11,63,36,36,36,31,31,31,31,0],"gold":64,"neow_bonus":"REMOVE_CARD","is_prod":false,"is_daily":false,"chose_seed":false,"campfire_upgraded":2,"win_rate":0,"timestamp":1555348551,"path_taken":["M","M","M","M","?","R","M","E","T","M","M","?","?","?","R","BOSS","M","$","M","M","$","R","?","M"],"build_version":"2019-01-23","purchased_purges":3,"victory":false,"max_hp_per_floor":[80,80,80,80,80,80,80,80,80,80,80,80,80,80,80,80,80,80,80,80,80,80,80,80,80],"card_choices":[{"not_picked":["Heavy Blade","Feel No Pain"],"picked":"Clothesline","floor":1},{"not_picked":["Rupture","Twin Strike"],"picked":"Dropkick","floor":2},{"not_picked":["Pommel Strike","Perfected Strike"],"picked":"Shrug It Off","floor":3},{"not_picked":["Rupture","Feel No Pain"],"picked":"Battle Trance","floor":4},{"not_picked":["Perfected Strike","Feel No Pain","Anger"],"picked":"SKIP","floor":7},{"not_picked":["Infernal Blade","Dual Wield"],"picked":"Entrench","floor":8},{"not_picked":["Thunderclap+1","Iron Wave+1"],"picked":"Double Tap","floor":10},{"not_picked":["Dual Wield","Clothesline+1","Entrench"],"picked":"SKIP","floor":11},{"not_picked":["Offering","Berserk"],"picked":"Barricade","floor":16},{"not_picked":[],"picked":"Uppercut+1","floor":18},{"not_picked":["Wild Strike+1"],"picked":"SKIP","floor":20},{"not_picked":["Combust"],"picked":"SKIP","floor":21}],"player_experience":493381,"relics_obtained":[{"floor":8,"key":"Boot"},{"floor":9,"key":"Molten Egg 2"}],"event_choices":[{"damage_healed":0,"gold_gain":0,"player_choice":"Take Damage","damage_taken":20,"relics_obtained":["Golden Idol"],"max_hp_gain":0,"max_hp_loss":0,"event_name":"Golden Idol","floor":12,"gold_loss":0},{"damage_healed":0,"gold_gain":0,"player_choice":"Left Gold","damage_taken":0,"max_hp_gain":0,"max_hp_loss":0,"event_name":"World of Goop","floor":13,"gold_loss":28},{"damage_healed":0,"gold_gain":0,"player_choice":"Searched \u00271\u0027 times","damage_taken":0,"max_hp_gain":0,"max_hp_loss":0,"event_name":"Dead Adventurer","floor":14,"gold_loss":0}],"is_beta":false,"boss_relics":[{"not_picked":["Mark of Pain","Coffee Dripper"],"picked":"Busted Crown"}],"items_purged_floors":[5,19,22],"is_endless":false,"potions_floor_spawned":[3,4,11,16,18],"killed_by":"Shelled Parasite and Fungi","ascension_level":8}