{"gold_per_floor":[117,129,145,145,145,172,183,217,217,230,240,240,319,284,284,388,388,399,6,21,31,121,153,153,172,172,172,200,220,240,252,252,357,357,369,469,489,499,499,499,525,625,625,625,644,8,8,26,26,26],"floor_reached":51,"playtime":4844,"items_purged":["Strike_R","Doubt"],"score":935,"play_id":"eb7893b1-cc9c-43b1-861a-467974a7b5eb","local_time":"20190227000505","is_ascension_mode":true,"campfire_choices":[{"data":"Flame Barrier","floor":12.0,"key":"SMITH"},{"floor":15.0,"key":"REST"},{"data":"Armaments","floor":24.0,"key":"SMITH"},{"floor":27.0,"key":"REST"},{"floor":32,"key":"REST"},{"data":"Body Slam","floor":40,"key":"SMITH"},{"floor":44,"key":"REST"},{"floor":49,"key":"REST"}],"neow_cost":"NONE","seed_source_timestamp":0,"circlet_count":0,"master_deck":["Strike_R","Strike_R","Strike_R+1","Strike_R+1","Defend_R","Defend_R","Defend_R","Defend_R+1","Bash","Shrug It Off","Warcry+1","Flame Barrier","Body Slam+1","Flame Barrier+1","Clothesline","Shrug It Off","Demon Form","Armaments+1","Body Slam+1","Flame Barrier+1","Heavy Blade","Body Slam+1","Injury","Disarm","Barricade","Clothesline+1"],"special_seed":0,"relics":["Burning Blood","Whetstone","Peace Pipe","Smiling Mask","Ornamental Fan","Cursed Key","ClockworkSouvenir","Dream Catcher","Pocketwatch","Bottled Flame","Ancient Tea Set","Runic Cube","Champion Belt","Art of War","The Courier","Membership Card","Lantern","Mummified Hand","Torii","Oddly Smooth Stone"],"potions_floor_usage":[33,33,37,41,41,41,41,41,41,47,50,50],"damage_taken":[{"damage":8.0,"enemies":"Jaw Worm","floor":1.0,"turns":4.0},{"damage":0.0,"enemies":"2 Louse","floor":2.0,"turns":3.0},{"damage":0.0,"enemies":"Small Slimes","floor":3.0,"turns":2.0},{"damage":23.0,"enemies":"Lagavulin","floor":6.0,"turns":9.0},{"damage":0.0,"enemies":"3 Louse","floor":7.0,"turns":4.0},{"damage":39.0,"enemies":"Gremlin Nob","floor":8.0,"turns":6.0},{"damage":0.0,"enemies":"Looter","floor":10.0,"turns":3.0},{"damage":12.0,"enemies":"Lots of Slimes","floor":11.0,"turns":5.0},{"damage":63.0,"enemies":"Slime Boss","floor":16.0,"turns":17.0},{"damage":13.0,"enemies":"Spheric Guardian","floor":18.0,"turns":6.0},{"damage":9.0,"enemies":"2 Thieves","floor":20.0,"turns":5.0},{"damage":8.0,"enemies":"Snecko","floor":21.0,"turns":8.0},{"damage":15.0,"enemies":"Book of Stabbing","floor":23.0,"turns":6.0},{"damage":20.0,"enemies":"Centurion and Healer","floor":25.0,"turns":7.0},{"damage":31.0,"enemies":"Gremlin Leader","floor":28.0,"turns":5.0},{"damage":4.0,"enemies":"Cultist and Chosen","floor":29.0,"turns":7.0},{"damage":0.0,"enemies":"Snake Plant","floor":30.0,"turns":5.0},{"damage":18,"enemies":"Shelled Parasite and Fungi","floor":31,"turns":8},{"damage":0,"enemies":"Champ","floor":33,"turns":11},{"damage":0,"enemies":"3 Shapes","floor":35,"turns":6},{"damage":7,"enemies":"Mind Bloom Boss Battle","floor":36,"turns":7},{"damage":10,"enemies":"3 Darklings","floor":37,"turns":7},{"damage":26,"enemies":"Jaw Worm Horde","floor":38,"turns":6},{"damage":40,"enemies":"Giant Head","floor":41,"turns":8},{"damage":17,"enemies":"Maw","floor":45,"turns":8},{"damage":0,"enemies":"Writhing Mass","floor":47,"turns":1},{"damage":0,"enemies":"Sphere and 2 Shapes","floor":48,"turns":6},{"damage":64,"enemies":"Donu and Deca","floor":50,"turns":11}],"seed_played":"-822744023240861220","potions_obtained":[{"floor":1.0,"key":"Block Potion"},{"floor":7.0,"key":"SneckoOil"},{"floor":8.0,"key":"FearPotion"},{"floor":16.0,"key":"Block Potion"},{"floor":18.0,"key":"LiquidBronze"},{"floor":20.0,"key":"Dexterity Potion"},{"floor":28.0,"key":"SkillPotion"},{"floor":29.0,"key":"EntropicBrew"},{"floor":33,"key":"GamblersBrew"},{"floor":36,"key":"Explosive Potion"},{"floor":38,"key":"EntropicBrew"},{"floor":41,"key":"SmokeBomb"}],"is_trial":false,"path_per_floor":["M","M","M","?","?","E","M","E","T","M","M","R","?","?","R","B",null,"M","$","M","M","?","E","R","M","T","R","E","M","M","M","R","B",null,"M","?","M","M","?","R","E","?","T","R","M","$","M","M","R","B",null],"character_chosen":"IRONCLAD","items_purchased":["ClockworkSouvenir","Dream Catcher","Membership Card","Barricade","Lantern","PowerPotion","Mummified Hand","Torii","Oddly Smooth Stone"],"campfire_rested":5,"item_purchase_floors":[19,19,46,46,46,46,46,46,46],"current_hp_per_floor":[78,80,80,85,68,51,57,24,24,30,24,24,24,45,70,13,85,78,78,75,73,57,48,48,34,34,59,34,36,42,30,55,61,85,85,84,80,60,60,60,26,26,26,51,40,40,46,52,77,19],"gold":26,"neow_bonus":"RANDOM_COMMON_RELIC","is_prod":false,"is_daily":false,"chose_seed":false,"campfire_upgraded":3,"win_rate":0,"timestamp":1551243905,"path_taken":["M","M","M","?","?","E","M","E","T","M","M","R","?","?","R","BOSS","M","$","M","M","?","E","R","M","T","R","E","M","?","M","R","BOSS","M","?","M","M","?","R","E","?","T","R","?","$","M","M","R","BOSS"],"build_version":"2019-01-23","purchased_purges":2,"victory":true,"max_hp_per_floor":[80,80,80,85,85,85,85,85,85,85,85,85,85,85,85,85,85,85,85,85,85,85,85,85,85,85,85,85,85,85,85,85,85,85,85,85,85,85,85,85,85,85,85,85,85,85,85,85,85,85],"card_choices":[{"not_picked":["Disarm","Iron Wave"],"picked":"Shrug It Off","floor":1.0},{"not_picked":["Rampage","Evolve"],"picked":"Warcry","floor":2.0},{"not_picked":["Combust","Shrug It Off"],"picked":"Flame Barrier","floor":3.0},{"not_picked":["Twin Strike","Heavy Blade"],"picked":"Body Slam","floor":6.0},{"not_picked":["Blood for Blood","Flex"],"picked":"Flame Barrier","floor":7.0},{"not_picked":["True Grit","Dropkick"],"picked":"Clothesline","floor":8.0},{"not_picked":["Uppercut","Infernal Blade","Limit Break"],"picked":"SKIP","floor":10.0},{"not_picked":["Infernal Blade","Searing Blow"],"picked":"Shrug It Off","floor":11.0},{"not_picked":["Fiend Fire","Immolate"],"picked":"Demon Form","floor":16.0},{"not_picked":["Pommel Strike","Inflame"],"picked":"Armaments","floor":18.0},{"not_picked":["Combust","True Grit","Havoc"],"picked":"SKIP","floor":20.0},{"not_picked":["Rupture","Perfected Strike+1","Warcry"],"picked":"SKIP","floor":21.0},{"not_picked":["Dropkick","Anger","Iron Wave"],"picked":"SKIP","floor":23.0},{"not_picked":["Bludgeon","Iron Wave"],"picked":"Body Slam+1","floor":25.0},{"not_picked":["Sword Boomerang","Headbutt","Havoc+1"],"picked":"SKIP","floor":28.0},{"not_picked":["Ghostly Armor","Clothesline"],"picked":"Flame Barrier+1","floor":29.0},{"not_picked":["Uppercut","Sword Boomerang"],"picked":"Pommel Strike+1","floor":30},{"not_picked":["Anger","Second Wind+1","Whirlwind"],"picked":"SKIP","floor":31},{"not_picked":["Armaments","Clash+1"],"picked":"Heavy Blade","floor":32},{"not_picked":["Thunderclap+1","Twin Strike+1","Clash"],"picked":"SKIP","floor":35},{"not_picked":["Dropkick+1","Anger"],"picked":"Body Slam+1","floor":36},{"not_picked":["Evolve","Warcry+1","Blood for Blood+1"],"picked":"SKIP","floor":37},{"not_picked":["Flex+1","Dual Wield","Hemokinesis+1"],"picked":"SKIP","floor":38},{"not_picked":["Double Tap","Body Slam+1","Twin Strike+1"],"picked":"SKIP","floor":41},{"not_picked":["Clothesline+1","Sword Boomerang"],"picked":"Disarm","floor":44},{"not_picked":["Armaments","Clash+1","Reckless Charge"],"picked":"SKIP","floor":45},{"not_picked":["Rage","Thunderclap","Heavy Blade"],"picked":"SKIP","floor":48},{"not_picked":["Fire Breathing","Dropkick+1"],"picked":"Clothesline+1","floor":49}],"player_experience":204460,"relics_obtained":[{"floor":6.0,"key":"Peace Pipe"},{"floor":8.0,"key":"Smiling Mask"},{"floor":9.0,"key":"Ornamental Fan"},{"floor":23.0,"key":"Pocketwatch"},{"floor":26.0,"key":"Bottled Flame"},{"floor":28.0,"key":"Ancient Tea Set"},{"floor":36,"key":"Champion Belt"},{"floor":41,"key":"Art of War"},{"floor":43,"key":"The Courier"}],"event_choices":[{"damage_healed":0.0,"max_hp_gain":5.0,"max_hp_loss":0.0,"gold_gain":0.0,"event_name":"Big Fish","player_choice":"Donut","floor":4.0,"gold_loss":0.0,"damage_taken":0.0},{"damage_healed":0.0,"max_hp_gain":0.0,"max_hp_loss":0.0,"gold_gain":0.0,"event_name":"Shining Light","player_choice":"Entered Light","floor":5.0,"gold_loss":0.0,"damage_taken":17.0,"cards_upgraded":["Warcry","Defend_R"]},{"damage_healed":0.0,"max_hp_gain":0.0,"max_hp_loss":0.0,"gold_gain":79.0,"event_name":"Golden Wing","player_choice":"Gained Gold","floor":13.0,"gold_loss":0.0,"damage_taken":0.0},{"damage_healed":21.0,"max_hp_gain":0.0,"max_hp_loss":0.0,"gold_gain":0.0,"event_name":"The Cleric","player_choice":"Healed","floor":14.0,"gold_loss":35.0,"damage_taken":0.0},{"damage_healed":0.0,"max_hp_gain":0.0,"max_hp_loss":0.0,"gold_gain":90.0,"event_name":"Knowing Skull","player_choice":"GOLD ","floor":22.0,"potions_obtained":[],"gold_loss":0.0,"damage_taken":16.0,"cards_obtained":[]},{"damage_healed":0,"gold_gain":0,"player_choice":"Fight","damage_taken":0,"max_hp_gain":0,"max_hp_loss":0,"event_name":"MindBloom","floor":36,"gold_loss":0},{"cards_removed":["Pommel Strike"],"damage_healed":0,"gold_gain":0,"player_choice":"Removed Attack","damage_taken":0,"max_hp_gain":0,"max_hp_loss":0,"event_name":"Falling","floor":39,"gold_loss":0},{"damage_healed":0,"gold_gain":100,"player_choice":"Pray","damage_taken":0,"max_hp_gain":0,"max_hp_loss":0,"event_name":"Golden Shrine","floor":42,"gold_loss":0}],"is_beta":false,"boss_relics":[{"not_picked":["Calling Bell","Eternal Feather"],"picked":"Cursed Key"},{"not_picked":["Astrolabe","Empty Cage"],"picked":"Runic Cube"}],"items_purged_floors":[19,46],"is_endless":false,"potions_floor_spawned":[1,7,8,16,18,20,28,29,30,33,36,38,41],"ascension_level":4}