{"gold_per_floor":[111,30,57,71,71,71,101,101,127,151,163,175,213,225,237,346,358,386,398,421,433,545,557,19,19,19,19,19],"floor_reached":28,"playtime":906,"items_purged":[],"score":345,"play_id":"d60638a6-25af-4659-827a-5d7f4a73d71b","local_time":"20190322232230","is_ascension_mode":true,"campfire_choices":[{"data":"Corpse Explosion","floor":6,"key":"SMITH"},{"data":"Outmaneuver","floor":8,"key":"SMITH"},{"floor":15,"key":"REST"},{"floor":23,"key":"REST"}],"neow_cost":"NONE","seed_source_timestamp":829886158454149,"circlet_count":0,"master_deck":["Defend_G","Defend_G","Defend_G","Defend_G","Defend_G+1","Strike_G+1","Strike_G+1","Strike_G","Strike_G","Survivor","Neutralize","Masterful Stab","Corpse Explosion+1","Outmaneuver+1","Backflip+1","Escape Plan","Backstab","Night Terror","Distraction","Bouncing Flask","Underhanded Strike","Good Instincts+1"],"relics":["Ring of the Snake","NeowsBlessing","Anchor","MawBank","War Paint","HoveringKite","Enchiridion","Shovel","Frozen Egg 2","Toxic Egg 2","Toy Ornithopter","CultistMask","Strawberry"],"potions_floor_usage":[16,16,27,27],"damage_taken":[{"damage":0,"enemies":"Cultist","floor":1,"turns":1},{"damage":0,"enemies":"Jaw Worm","floor":4,"turns":1},{"damage":0,"enemies":"Gremlin Nob","floor":7,"turns":1},{"damage":0,"enemies":"Small Slimes","floor":10,"turns":2},{"damage":20,"enemies":"Lagavulin","floor":13,"turns":5},{"damage":12,"enemies":"The Guardian","floor":16,"turns":9},{"damage":0,"enemies":"3 Byrds","floor":18,"turns":2},{"damage":10,"enemies":"Shell Parasite","floor":20,"turns":7},{"damage":1,"enemies":"Colosseum Slavers","floor":22,"turns":2},{"damage":14,"enemies":"Colosseum Nobs","floor":22,"turns":3},{"damage":47,"enemies":"Gremlin Leader","floor":27,"turns":4},{"damage":0,"enemies":"Snake Plant","floor":28,"turns":2}],"seed_played":"-5066993883102650565","potions_obtained":[{"floor":1,"key":"Fire Potion"},{"floor":10,"key":"LiquidBronze"},{"floor":16,"key":"GamblersBrew"},{"floor":20,"key":"SmokeBomb"},{"floor":22,"key":"Strength Potion"}],"is_trial":false,"path_per_floor":["M","$","T","M","?","R","E","R","T","M","$","?","E","?","R","B",null,"M","?","M","?","?","R","$","?","T","E","M"],"character_chosen":"THE_SILENT","items_purchased":["Corpse Explosion","Toxic Egg 2","Toy Ornithopter","Good Instincts+1"],"campfire_rested":2,"item_purchase_floors":[2,24,24,24],"current_hp_per_floor":[63,63,63,63,63,63,63,63,63,63,63,49,29,29,50,38,62,62,62,52,36,21,42,42,42,49,12,12],"gold":19,"neow_bonus":"THREE_ENEMY_KILL","is_prod":false,"is_daily":false,"chose_seed":false,"campfire_upgraded":2,"win_rate":0,"timestamp":1553322150,"path_taken":["M","?","?","M","?","R","E","R","T","M","$","?","E","?","R","BOSS","M","?","M","?","?","R","$","?","T","E","?"],"build_version":"2019-01-23","purchased_purges":0,"victory":false,"max_hp_per_floor":[70,70,70,70,70,70,70,70,70,70,70,70,70,70,70,70,70,70,70,70,70,70,70,70,70,77,77,77],"card_choices":[{"not_picked":["Accuracy","Well Laid Plans"],"picked":"Masterful Stab","floor":1},{"not_picked":["Deadly Poison","Bane"],"picked":"Outmaneuver","floor":4},{"not_picked":["Acrobatics","Outmaneuver"],"picked":"Backflip","floor":7},{"not_picked":["Grand Finale","Blur"],"picked":"Escape Plan","floor":10},{"not_picked":["Accuracy","Prepared"],"picked":"Backstab","floor":13},{"not_picked":["Doppelganger","Wraith Form v2"],"picked":"Night Terror","floor":16},{"not_picked":["Flechettes","Bane"],"picked":"Distraction","floor":18},{"not_picked":["Bane","Dagger Throw"],"picked":"Bouncing Flask","floor":20},{"not_picked":["Bane+1","Prepared"],"picked":"Underhanded Strike","floor":22}],"player_experience":387154,"relics_obtained":[{"floor":7,"key":"Anchor"},{"floor":9,"key":"MawBank"},{"floor":13,"key":"War Paint"},{"floor":21,"key":"Enchiridion"},{"floor":22,"key":"Shovel"},{"floor":22,"key":"Frozen Egg 2"},{"floor":26,"key":"Strawberry"}],"event_choices":[{"damage_healed":0,"gold_gain":0,"player_choice":"Leave","damage_taken":0,"max_hp_gain":0,"max_hp_loss":0,"event_name":"The Cleric","floor":5,"gold_loss":0},{"damage_healed":0,"gold_gain":0,"player_choice":"Entered Light","damage_taken":14,"max_hp_gain":0,"max_hp_loss":0,"event_name":"Shining Light","floor":12,"gold_loss":0,"cards_upgraded":["Strike_G","Strike_G"]},{"cards_removed":["Strike_G"],"damage_healed":0,"gold_gain":0,"player_choice":"Purged","damage_taken":0,"max_hp_gain":0,"max_hp_loss":0,"event_name":"Purifier","floor":14,"gold_loss":0},{"damage_healed":0,"gold_gain":0,"player_choice":"Ignored","damage_taken":0,"max_hp_gain":0,"max_hp_loss":0,"event_name":"Beggar","floor":19,"gold_loss":0},{"damage_healed":0,"gold_gain":0,"player_choice":"Obtained Book","damage_taken":16,"max_hp_gain":0,"max_hp_loss":0,"event_name":"Cursed Tome","floor":21,"gold_loss":0},{"damage_healed":0,"gold_gain":0,"player_choice":"Fight","damage_taken":0,"max_hp_gain":0,"max_hp_loss":0,"event_name":"Colosseum","floor":22,"gold_loss":0},{"damage_healed":0,"gold_gain":0,"player_choice":"Fought Nobs","damage_taken":0,"max_hp_gain":0,"max_hp_loss":0,"event_name":"Colosseum","floor":22,"gold_loss":0},{"damage_healed":0,"gold_gain":0,"player_choice":"Trade","damage_taken":0,"relics_obtained":["CultistMask"],"max_hp_gain":0,"max_hp_loss":0,"event_name":"FaceTrader","floor":25,"gold_loss":0}],"is_beta":false,"boss_relics":[{"not_picked":["Tiny House","Coffee Dripper"],"picked":"HoveringKite"}],"items_purged_floors":[],"is_endless":false,"potions_floor_spawned":[1,10,16,20,22,22],"killed_by":"Snake Plant","ascension_level":6}