{"gold_per_floor":[109,128,141,156,39,39,65,82,106,106,106],"floor_reached":11,"playtime":538,"items_purged":[],"score":139,"play_id":"e531dd00-8607-4073-90a0-51abfe41c034","local_time":"20180926205840","is_ascension_mode":true,"campfire_choices":[{"data":"Go for the Eyes","floor":6,"key":"SMITH"}],"neow_cost":"","seed_source_timestamp":609608983955708,"circlet_count":0,"master_deck":["Strike_B","Strike_B","Strike_B","Defend_B","Defend_B","Defend_B","Defend_B","Zap","Dualcast","AscendersBane","Go for the Eyes+1","Defragment","White Noise","Doom and Gloom","Swift Strike","Scrape","Amplify"],"relics":["Cracked Core","Darkstone Periapt","DataDisk"],"potions_floor_usage":[4,7,11],"damage_taken":[{"damage":3,"enemies":"2 Louse","floor":1,"turns":2},{"damage":1,"enemies":"Cultist","floor":2,"turns":4},{"damage":4,"enemies":"Small Slimes","floor":3,"turns":4},{"damage":0,"enemies":"Gremlin Gang","floor":4,"turns":2},{"damage":35,"enemies":"3 Sentries","floor":7,"turns":7},{"damage":8,"enemies":"Exordium Wildlife","floor":8,"turns":4},{"damage":13,"enemies":"Gremlin Nob","floor":11,"turns":2}],"seed_played":"-165300861312345545","potions_obtained":[{"floor":1,"key":"Strength Potion"},{"floor":2,"key":"Explosive Potion"},{"floor":8,"key":"Poison Potion"}],"is_trial":false,"path_per_floor":["M","M","M","M","$","R","E","M","T","?"],"character_chosen":"DEFECT","items_purchased":["Swift Strike"],"campfire_rested":0,"item_purchase_floors":[5],"current_hp_per_floor":[61,60,56,56,56,56,21,13,13,13,0],"gold":106,"neow_bonus":"","is_prod":false,"is_daily":false,"chose_seed":false,"campfire_upgraded":1,"win_rate":0,"timestamp":1538009920,"path_taken":["M","M","M","M","$","R","E","M","T","?","E"],"build_version":"2018-09-20","purchased_purges":0,"victory":false,"max_hp_per_floor":[71,71,71,71,71,71,71,71,71,71,71],"card_choices":[{"not_picked":["Undo","Barrage"],"picked":"Go for the Eyes","floor":1},{"not_picked":["Conserve Battery","Leap"],"picked":"Defragment","floor":2},{"not_picked":["Fusion","Rebound"],"picked":"White Noise","floor":3},{"not_picked":["Leap","Ball Lightning"],"picked":"Doom and Gloom","floor":4},{"not_picked":["Turbo","Coolheaded","Recycle"],"picked":"SKIP","floor":7},{"not_picked":["Reinforced Body","Steam"],"picked":"Scrape","floor":8}],"player_experience":592701,"relics_obtained":[{"floor":7,"key":"Darkstone Periapt"},{"floor":9,"key":"DataDisk"}],"event_choices":[{"event_name":"Transmorgrifier","player_choice":"Transform","floor":10,"damage_taken":0}],"is_beta":false,"boss_relics":[],"items_purged_floors":[],"is_endless":false,"potions_floor_spawned":[1,2,8],"killed_by":"Gremlin Nob","ascension_level":17}