{"gold_per_floor":[112,127,146,159,173,173,189,223,280,280,296,296,308,327,327,327],"floor_reached":16,"playtime":4385,"items_purged":[],"score":216,"play_id":"b7ab08c5-dcbc-45e7-b036-71c693e964a6","local_time":"20190506171556","is_ascension_mode":true,"campfire_choices":[{"floor":6.0,"key":"REST"},{"floor":10,"key":"REST"},{"floor":12,"key":"REST"},{"data":"Deadly Poison","floor":15,"key":"SMITH"}],"neow_cost":"NONE","seed_source_timestamp":0,"circlet_count":0,"master_deck":["AscendersBane","Defend_G","Defend_G","Defend_G","Defend_G","Defend_G","Strike_G","Strike_G","Strike_G","Strike_G","Strike_G","Survivor","Neutralize","Deadly Poison+1","Skewer","Poisoned Stab","Predator","Dash","Deadly Poison"],"special_seed":0,"relics":["Ring of the Snake","Ornamental Fan","Tiny Chest"],"potions_floor_usage":[16,16],"damage_taken":[{"damage":4.0,"enemies":"Cultist","floor":1.0,"turns":5.0},{"damage":0.0,"enemies":"2 Louse","floor":2.0,"turns":3.0},{"damage":6.0,"enemies":"Small Slimes","floor":3.0,"turns":3.0},{"damage":22.0,"enemies":"Exordium Wildlife","floor":4.0,"turns":6.0},{"damage":13.0,"enemies":"2 Fungi Beasts","floor":5.0,"turns":5.0},{"damage":15,"enemies":"Gremlin Gang","floor":7,"turns":7},{"damage":54,"enemies":"Gremlin Nob","floor":8,"turns":5},{"damage":4,"enemies":"Looter","floor":11,"turns":3},{"damage":0,"enemies":"Exordium Wildlife","floor":13,"turns":3},{"damage":12,"enemies":"2 Fungi Beasts","floor":14,"turns":3},{"damage":36,"enemies":"The Guardian","floor":16,"turns":8}],"seed_played":"2518294775898679023","potions_obtained":[{"floor":1.0,"key":"Dexterity Potion"},{"floor":2.0,"key":"FairyPotion"},{"floor":8,"key":"Poison Potion"}],"is_trial":false,"path_per_floor":["M","M","M","M","M","R","M","E","T","R","M","R","M","M","R","B"],"character_chosen":"THE_SILENT","items_purchased":[],"campfire_rested":3,"item_purchase_floors":[],"current_hp_per_floor":[61,61,55,33,20,41,26,7,7,28,24,45,45,33,33,0],"gold":327,"neow_bonus":"TEN_PERCENT_HP_BONUS","is_prod":false,"is_daily":false,"chose_seed":false,"campfire_upgraded":1,"win_rate":0,"timestamp":1557177356,"path_taken":["M","M","M","M","M","R","M","E","T","R","M","R","?","M","R","BOSS"],"build_version":"2019-04-23","purchased_purges":0,"victory":false,"max_hp_per_floor":[72,72,72,72,72,72,72,72,72,72,72,72,72,72,72,72],"card_choices":[{"not_picked":["Masterful Stab","Outmaneuver"],"picked":"Deadly Poison","floor":1.0},{"not_picked":["Blade Dance","Endless Agony","Flying Knee"],"picked":"SKIP","floor":2.0},{"not_picked":["Tactician","Slice"],"picked":"Skewer","floor":3.0},{"not_picked":["Underhanded Strike","Reflex","Outmaneuver"],"picked":"SKIP","floor":4.0},{"not_picked":["All Out Attack","Dagger Throw"],"picked":"Poisoned Stab","floor":5.0},{"not_picked":["Sucker Punch","Backflip"],"picked":"Predator","floor":7},{"not_picked":["Flying Knee","Bullet Time"],"picked":"Dash","floor":8},{"not_picked":["Deflect","Flechettes","Quick Slash"],"picked":"SKIP","floor":11},{"not_picked":["Endless Agony","Bane"],"picked":"Deadly Poison","floor":13},{"not_picked":["Dagger Throw","Blade Dance","Sucker Punch"],"picked":"SKIP","floor":14}],"player_experience":1409596,"relics_obtained":[{"floor":8,"key":"Ornamental Fan"},{"floor":9,"key":"Tiny Chest"}],"event_choices":[],"is_beta":true,"boss_relics":[],"items_purged_floors":[],"is_endless":false,"potions_floor_spawned":[1,2,4,8,13],"killed_by":"The Guardian","ascension_level":20}