{"gold_per_floor":[160,160,235,258,258,258,258,258,337,351,351,351,375,394,394,394],"floor_reached":16,"playtime":492,"items_purged":[],"score":90,"play_id":"9eff040e-4de7-4f38-b996-fe78411bab1f","local_time":"20190404014430","is_ascension_mode":false,"campfire_choices":[{"floor":6,"key":"REST"},{"data":"Blade Dance","floor":12,"key":"SMITH"},{"data":"Die Die Die","floor":15,"key":"SMITH"}],"neow_cost":"NONE","seed_source_timestamp":1685738012770200,"circlet_count":0,"master_deck":["Defend_G","Defend_G+1","Defend_G","Defend_G","Defend_G+1","Strike_G","Strike_G","Strike_G+1","Strike_G","Strike_G","Survivor","Neutralize","Quick Slash+1","Blade Dance+1","Blade Dance","Blade Dance","Die Die Die+1","Deflect"],"relics":["Tiny House","Golden Idol","Dodecahedron"],"potions_floor_usage":[14,16,16,16],"damage_taken":[{"damage":3,"enemies":"Small Slimes","floor":1,"turns":3},{"damage":1,"enemies":"2 Louse","floor":4,"turns":3},{"damage":0,"enemies":"Cultist","floor":10,"turns":3},{"damage":2,"enemies":"Looter","floor":13,"turns":3},{"damage":2,"enemies":"Exordium Thugs","floor":14,"turns":3},{"damage":73,"enemies":"The Guardian","floor":16,"turns":10}],"seed_played":"3590436948110057468","potions_obtained":[{"floor":0,"key":"AttackPotion"},{"floor":1,"key":"AttackPotion"},{"floor":4,"key":"Weak Potion"},{"floor":8,"key":"AttackPotion"},{"floor":14,"key":"GamblersBrew"}],"is_trial":false,"path_per_floor":["M","?","?","M","?","R","?","?","T","M","?","R","M","M","R","B"],"character_chosen":"THE_SILENT","items_purchased":[],"campfire_rested":1,"item_purchase_floors":[],"current_hp_per_floor":[72,54,43,42,27,49,54,54,54,54,54,54,52,50,50,0],"gold":394,"neow_bonus":"BOSS_RELIC","is_prod":false,"is_daily":false,"chose_seed":false,"campfire_upgraded":2,"win_rate":0,"timestamp":1554356670,"path_taken":["M","?","?","M","?","R","?","?","T","?","?","R","M","M","R","BOSS"],"build_version":"2019-01-23","purchased_purges":0,"victory":false,"max_hp_per_floor":[75,75,75,75,75,75,80,80,80,80,80,80,80,80,80,80],"card_choices":[{"not_picked":["Setup","Leg Sweep"],"picked":"Quick Slash","floor":0},{"not_picked":["Deadly Poison","Dodge and Roll"],"picked":"Blade Dance","floor":1},{"not_picked":["Expertise","Backflip"],"picked":"Blade Dance","floor":4},{"not_picked":["Deflect","Backflip"],"picked":"Blade Dance","floor":10},{"not_picked":["Bane","Slice"],"picked":"Die Die Die","floor":13},{"not_picked":["Bane","Acrobatics"],"picked":"Deflect","floor":14}],"player_experience":266516,"relics_obtained":[{"floor":9,"key":"Dodecahedron"}],"event_choices":[{"damage_healed":0,"gold_gain":0,"player_choice":"Take Damage","damage_taken":18,"relics_obtained":["Golden Idol"],"max_hp_gain":0,"max_hp_loss":0,"event_name":"Golden Idol","floor":2,"gold_loss":0},{"damage_healed":0,"gold_gain":75,"player_choice":"Gather Gold","damage_taken":11,"max_hp_gain":0,"max_hp_loss":0,"event_name":"World of Goop","floor":3,"gold_loss":0},{"damage_healed":0,"gold_gain":0,"player_choice":"Entered Light","damage_taken":15,"max_hp_gain":0,"max_hp_loss":0,"event_name":"Shining Light","floor":5,"gold_loss":0,"cards_upgraded":["Strike_G","Defend_G"]},{"damage_healed":0,"gold_gain":0,"player_choice":"Donut","damage_taken":0,"max_hp_gain":5,"max_hp_loss":0,"event_name":"Big Fish","floor":7,"gold_loss":0},{"damage_healed":0,"gold_gain":0,"player_choice":"Got Potions","damage_taken":0,"max_hp_gain":0,"max_hp_loss":0,"event_name":"Lab","floor":8,"gold_loss":0},{"damage_healed":0,"gold_gain":0,"player_choice":"Forge","damage_taken":0,"max_hp_gain":0,"max_hp_loss":0,"event_name":"Accursed Blacksmith","floor":11,"gold_loss":0,"cards_upgraded":["Quick Slash"]}],"is_beta":false,"boss_relics":[],"items_purged_floors":[],"is_endless":false,"potions_floor_spawned":[1,4,14],"killed_by":"The Guardian","ascension_level":0}