{"gold_per_floor":[111,111,128,141,66,66,91,109,109,109,109,127,55,70,70,173,173,188,10,10,24,24,24,24,40,93,110,110,110],"floor_reached":29,"playtime":778,"items_purged":["Strike_B","Strike_B"],"score":358,"play_id":"235414cc-4f1f-4997-9a1d-b3f857f41e0d","local_time":"20180812235213","is_ascension_mode":true,"campfire_choices":[{"data":"Loop","floor":6,"key":"SMITH"},{"floor":10,"key":"REST"},{"floor":15,"key":"REST"},{"floor":24,"key":"REST"},{"floor":28,"key":"REST"}],"neow_cost":"TEN_PERCENT_HP_LOSS","seed_source_timestamp":166659208497519,"circlet_count":0,"master_deck":["Strike_B","Strike_B+1","Defend_B","Defend_B+1","Defend_B","Defend_B","Zap+1","Dualcast","Loop+1","Gash+1","Scrape+1","All For One+1","Rebound+1","Defragment","Decay"],"relics":["Cracked Core","Mango","Bag of Preparation","Molten Egg 2","Lizard Tail","Tiny Chest"],"potions_floor_usage":[12,25,27,27,27],"damage_taken":[{"damage":8,"enemies":"2 Louse","floor":1,"turns":3},{"damage":5,"enemies":"Small Slimes","floor":3,"turns":3},{"damage":7,"enemies":"Jaw Worm","floor":4,"turns":3},{"damage":17,"enemies":"Gremlin Gang","floor":8,"turns":5},{"damage":18,"enemies":"Exordium Thugs","floor":12,"turns":4},{"damage":6,"enemies":"Looter","floor":14,"turns":2},{"damage":0,"enemies":"Slime Boss","floor":16,"turns":7},{"damage":22,"enemies":"3 Byrds","floor":18,"turns":4},{"damage":21,"enemies":"Shell Parasite","floor":21,"turns":3},{"damage":54,"enemies":"Centurion and Healer","floor":25,"turns":6},{"damage":25,"enemies":"Snake Plant","floor":27,"turns":3},{"damage":50,"enemies":"Book of Stabbing","floor":29,"turns":4}],"seed_played":"7452247523993703465","potions_obtained":[{"floor":3,"key":"Strength Potion"},{"floor":4,"key":"Weak Potion"},{"floor":8,"key":"PowerPotion"},{"floor":14,"key":"FearPotion"},{"floor":18,"key":"AttackPotion"},{"floor":25,"key":"SpeedPotion"}],"is_trial":false,"path_per_floor":["M","?","M","M","$","R","T","M","T","R","?","M","$","M","R","B",null,"M","$","?","M","$","?","R","M","T","M","R"],"character_chosen":"DEFECT","items_purchased":["Scrape+1","Defragment"],"campfire_rested":4,"item_purchase_floors":[13,19],"current_hp_per_floor":[74,58,53,46,46,46,46,29,29,53,53,35,35,29,53,53,75,53,53,53,32,32,32,56,2,2,25,49,0],"gold":110,"neow_bonus":"ONE_RARE_RELIC","is_prod":false,"is_daily":false,"chose_seed":false,"campfire_upgraded":1,"win_rate":0,"timestamp":1534110733,"path_taken":["M","?","M","?","$","R","?","M","T","R","?","?","$","M","R","BOSS","M","$","?","?","?","?","R","M","T","?","R","E"],"build_version":"2018-08-09","purchased_purges":2,"victory":false,"max_hp_per_floor":[82,82,82,82,82,82,82,82,82,82,82,82,82,82,82,82,82,82,82,82,82,82,82,82,82,82,82,82,82],"card_choices":[{"not_picked":["Go for the Eyes","Hologram","Hello World"],"picked":"SKIP","floor":1},{"not_picked":["Cold Snap","Blizzard"],"picked":"Loop","floor":3},{"not_picked":["Ball Lightning","Leap","Cold Snap"],"picked":"SKIP","floor":4},{"not_picked":["Cold Snap","Ball Lightning","Hello World"],"picked":"SKIP","floor":8},{"not_picked":["Auto Shields","Barrage+1"],"picked":"Gash+1","floor":12},{"not_picked":["Undo","Cold Snap+1","Steam Power"],"picked":"SKIP","floor":14},{"not_picked":["Fission","Multi-Cast"],"picked":"All For One+1","floor":16},{"not_picked":["Beam Cell+1","Compile Driver+1"],"picked":"Rebound+1","floor":18},{"not_picked":["Rebound+1","Coolheaded","Hello World"],"picked":"SKIP","floor":21},{"not_picked":["Beam Cell+1","Fission","Recycle"],"picked":"SKIP","floor":25},{"not_picked":["Sweeping Beam+1","Compile Driver+1","Doom and Gloom+1"],"picked":"SKIP","floor":27}],"player_experience":430512,"relics_obtained":[{"floor":7,"key":"Bag of Preparation"},{"floor":9,"key":"Molten Egg 2"},{"floor":26,"key":"Tiny Chest"}],"event_choices":[{"event_name":"Shining Light","player_choice":"Entered Light","floor":2,"damage_taken":0},{"event_name":"Upgrade Shrine","player_choice":"Upgraded","floor":11,"damage_taken":0},{"event_name":"Drug Dealer","player_choice":"Ignored","floor":20,"damage_taken":0},{"event_name":"Forgotten Altar","player_choice":"Smashed Altar","floor":23,"damage_taken":0}],"is_beta":false,"boss_relics":[{"not_picked":["Runic Pyramid","Pandora\u0027s Box"],"picked":"Lizard Tail"}],"items_purged_floors":[5,19],"is_endless":false,"potions_floor_spawned":[3,4,8,14,18,25],"killed_by":"Book of Stabbing","ascension_level":7}