{"gold_per_floor":[215,229,55,67,87,87,98,98,98,110,122,167,193,205,217,302,314,341,371,397,409],"floor_reached":21,"playtime":735,"items_purged":[],"score":339,"play_id":"df19418d-a2a4-49a2-9431-eea6aa3fc1de","local_time":"20180927185110","is_ascension_mode":true,"campfire_choices":[{"data":"Streamline","floor":6.0,"key":"SMITH"},{"data":"Echo Form","floor":8.0,"key":"SMITH"},{"floor":10.0,"key":"REST"},{"data":"Consume","floor":15.0,"key":"SMITH"}],"neow_cost":"NONE","seed_source_timestamp":0,"circlet_count":0,"master_deck":["Zap","Dualcast","AscendersBane","Leap","Sweeping Beam","Echo Form+1","Streamline+1","Ball Lightning","Doom and Gloom","Consume+1","Steam","Buffer","Conserve Battery","Gash","Stack","Rip and Tear","Ball Lightning","Aggregate","Ball Lightning","Reprogram","Self Repair","Fusion"],"special_seed":0,"relics":["Cracked Core","MawBank","Pen Nib","Pandora\u0027s Box"],"potions_floor_usage":[],"damage_taken":[{"damage":1.0,"enemies":"Cultist","floor":1.0,"turns":3.0},{"damage":9.0,"enemies":"Jaw Worm","floor":2.0,"turns":4.0},{"damage":2.0,"enemies":"2 Louse","floor":4.0,"turns":2.0},{"damage":12.0,"enemies":"Exordium Thugs","floor":5.0,"turns":5.0},{"damage":6.0,"enemies":"Looter","floor":7.0,"turns":2.0},{"damage":20.0,"enemies":"Lagavulin","floor":12.0,"turns":6.0},{"damage":0.0,"enemies":"2 Fungi Beasts","floor":13.0,"turns":1.0},{"damage":15.0,"enemies":"The Guardian","floor":16.0,"turns":9.0},{"damage":11.0,"enemies":"Spheric Guardian","floor":18.0,"turns":3.0},{"damage":7.0,"enemies":"2 Thieves","floor":19.0,"turns":4.0},{"damage":37.0,"enemies":"Snake Plant","floor":20.0,"turns":4.0},{"damage":28,"enemies":"Centurion and Healer","floor":21,"turns":3}],"seed_played":"3538521770302662784","potions_obtained":[{"floor":1.0,"key":"Dexterity Potion"},{"floor":2.0,"key":"FearPotion"},{"floor":12.0,"key":"AttackPotion"},{"floor":13.0,"key":"SteroidPotion"},{"floor":18.0,"key":"EssenceOfSteel"}],"is_trial":false,"path_per_floor":["M","M","$","M","M","R","M","R","T","R","$","E","M","?","R","B",null,"M","M","M"],"character_chosen":"DEFECT","items_purchased":["Echo Form"],"campfire_rested":1,"item_purchase_floors":[3],"current_hp_per_floor":[63,54,54,52,40,40,34,34,34,55,55,35,35,35,35,20,58,47,47,24,0],"gold":409,"neow_bonus":"HUNDRED_GOLD","is_prod":false,"is_daily":false,"chose_seed":false,"campfire_upgraded":3,"win_rate":0,"timestamp":1538088670,"path_taken":["M","M","$","M","M","R","M","R","T","R","?","E","M","?","R","BOSS","M","M","M","M"],"build_version":"2018-09-20","purchased_purges":0,"victory":false,"max_hp_per_floor":[71,71,71,71,71,71,71,71,71,71,71,71,71,71,71,71,71,71,71,71,71],"card_choices":[{"not_picked":["Barrage","Storm"],"picked":"Leap","floor":1.0},{"not_picked":["Steam","FTL"],"picked":"Sweeping Beam","floor":2.0},{"not_picked":["Scrape","Reinforced Body"],"picked":"Streamline","floor":4.0},{"not_picked":["Gash","Leap"],"picked":"Ball Lightning","floor":5.0},{"not_picked":["Redo","Rip and Tear"],"picked":"Doom and Gloom","floor":7.0},{"not_picked":["Streamline","Stack"],"picked":"Consume","floor":12.0},{"not_picked":["Compile Driver","Go for the Eyes"],"picked":"Steam","floor":13.0},{"not_picked":["All For One","Meteor Strike"],"picked":"Buffer","floor":16.0},{"not_picked":["Conserve Battery","Turbo"],"picked":"Self Repair","floor":18.0},{"not_picked":["Undo","Force Field+1"],"picked":"Fusion","floor":19.0},{"not_picked":["Sweeping Beam","Steam","Leap"],"picked":"SKIP","floor":20.0}],"player_experience":595742,"relics_obtained":[{"floor":9.0,"key":"MawBank"},{"floor":12.0,"key":"Pen Nib"}],"event_choices":[{"event_name":"Shining Light","player_choice":"Ignored","floor":14.0,"damage_taken":0.0}],"is_beta":false,"boss_relics":[{"not_picked":["Philosopher\u0027s Stone","Sozu"],"picked":"Pandora\u0027s Box"}],"items_purged_floors":[],"is_endless":false,"potions_floor_spawned":[1,2,12,13,18],"killed_by":"Centurion and Healer","ascension_level":17}