{"gold_per_floor":[111,111,130,130,150,150,164,174,197,216,216,234,234,260,260,363,363,375,385,385,484,501,501,264,280,305,305],"floor_reached":27,"playtime":1377,"items_purged":["Decay"],"score":239,"play_id":"6c5d4cc9-ea3e-4a2d-9312-4c7d752ca6fc","local_time":"20180716195257","is_ascension_mode":true,"campfire_choices":[{"data":"Zap","floor":6,"key":"SMITH"},{"floor":11,"key":"REST"},{"floor":13,"key":"REST"},{"floor":15,"key":"REST"},{"data":"Coolheaded","floor":23,"key":"SMITH"}],"neow_cost":"NONE","seed_source_timestamp":418582778246492,"circlet_count":0,"master_deck":["Strike_B","Strike_B","Strike_B","Strike_B","Defend_B","Defend_B","Defend_B","Defend_B","Zap+1","Dualcast","Redo","Redo","Echo Form","Electrodynamics","Coolheaded+1","Echo Form"],"relics":["Runic Dome","Lantern","Ancient Tea Set","Bronze Scales","Runic Pyramid","Boot"],"potions_floor_usage":[16,16,16],"damage_taken":[{"damage":3,"enemies":"Jaw Worm","floor":1,"turns":4},{"damage":6,"enemies":"Cultist","floor":3,"turns":4},{"damage":7,"enemies":"Small Slimes","floor":5,"turns":3},{"damage":5,"enemies":"2 Fungi Beasts","floor":7,"turns":3},{"damage":14,"enemies":"Red Slaver","floor":8,"turns":3},{"damage":15,"enemies":"Gremlin Gang","floor":10,"turns":5},{"damage":32,"enemies":"Exordium Wildlife","floor":12,"turns":6},{"damage":16,"enemies":"Lagavulin","floor":14,"turns":6},{"damage":33,"enemies":"The Guardian","floor":16,"turns":11},{"damage":2,"enemies":"Chosen","floor":18,"turns":4},{"damage":28,"enemies":"Shell Parasite","floor":19,"turns":5},{"damage":7,"enemies":"Cultist and Chosen","floor":22,"turns":4},{"damage":31,"enemies":"Snake Plant","floor":25,"turns":4},{"damage":13,"enemies":"Centurion and Healer","floor":27,"turns":1}],"seed_played":"-2765104587576225929","potions_obtained":[{"floor":1,"key":"Dexterity Potion"},{"floor":3,"key":"FearPotion"},{"floor":12,"key":"PowerPotion"},{"floor":14,"key":"SpeedPotion"},{"floor":19,"key":"LiquidBronze"}],"is_trial":false,"path_per_floor":["M","?","M","?","M","R","M","M","T","M","R","M","R","E","R","B",null,"M","M","?","?","M","R","$","M","T"],"character_chosen":"DEFECT","items_purchased":["Echo Form"],"campfire_rested":3,"item_purchase_floors":[24],"current_hp_per_floor":[72,72,66,63,56,56,51,37,37,22,44,12,34,18,40,7,75,73,45,45,45,38,38,38,7,7,0],"gold":305,"neow_bonus":"BOSS_RELIC","is_prod":false,"is_daily":false,"chose_seed":false,"campfire_upgraded":2,"win_rate":0,"timestamp":1531763577,"path_taken":["M","?","?","?","M","R","M","M","T","M","R","?","R","E","R","BOSS","M","M","?","?","?","R","$","M","T","M"],"build_version":"2018-07-12","purchased_purges":1,"victory":false,"max_hp_per_floor":[75,75,75,75,75,75,75,75,75,75,75,75,75,75,75,75,75,75,75,75,75,75,75,75,75,75,75],"card_choices":[{"not_picked":["Blizzard","Gash"],"picked":"Redo","floor":1},{"not_picked":["Sweeping Beam","Lockon"],"picked":"Redo","floor":3},{"not_picked":["FTL","Turbo","Gash"],"picked":"SKIP","floor":5},{"not_picked":["Stack","Sweeping Beam","Hologram"],"picked":"SKIP","floor":7},{"not_picked":["Rebound","Hologram","Compile Driver"],"picked":"SKIP","floor":8},{"not_picked":["Go for the Eyes","Barrage"],"picked":"Echo Form","floor":10},{"not_picked":["Lockon","Chill","Undo"],"picked":"SKIP","floor":12},{"not_picked":["Barrage","Hologram","Streamline"],"picked":"SKIP","floor":14},{"not_picked":["Machine Learning","Creative AI"],"picked":"Electrodynamics","floor":16},{"not_picked":["Barrage","Gash"],"picked":"Coolheaded","floor":18},{"not_picked":["Beam Cell","White Noise","Conserve Battery"],"picked":"SKIP","floor":19},{"not_picked":["Streamline","Steam+1","Cold Snap"],"picked":"SKIP","floor":22},{"not_picked":["Steam","Stack+1","Ball Lightning"],"picked":"SKIP","floor":25}],"player_experience":308440,"relics_obtained":[{"floor":9,"key":"Ancient Tea Set"},{"floor":14,"key":"Bronze Scales"},{"floor":26,"key":"Boot"}],"event_choices":[{"event_name":"The Woman in Blue","player_choice":"Bought 0 Potions","floor":2,"damage_taken":0},{"event_name":"Scrap Ooze","player_choice":"success","floor":4,"damage_taken":3},{"event_name":"Forgotten Altar","player_choice":"Smashed Altar","floor":20,"damage_taken":0},{"event_name":"Nest","player_choice":"Stole From Cult","floor":21,"damage_taken":0}],"boss_relics":[{"not_picked":["Ectoplasm","Astrolabe"],"picked":"Runic Pyramid"}],"items_purged_floors":[24],"is_endless":false,"potions_floor_spawned":[1,3,12,14,19],"killed_by":"Centurion and Healer","ascension_level":2}