{"path_per_floor":["M","?","M","M","M","R","$","?","T","R","M","?","M","M","R"],"character_chosen":"THE_SILENT","items_purchased":["Pen Nib"],"gold_per_floor":[118,118,138,158,173,173,25,88,111,111,125,125,139,158,158],"floor_reached":16,"campfire_rested":0,"playtime":1381,"current_hp_per_floor":[70,63,63,61,53,53,53,40,42,42,42,42,44,32,32],"items_purged":[],"gold":158,"play_id":"dda9cdd1-b76c-4ad9-aa99-d8c6edaf8773","is_prod":false,"is_daily":false,"is_ascension_mode":false,"campfire_upgraded":3,"path_taken":["M","?","?","M","M","R","$","?","T","R","?","?","M","M","R","BOSS"],"build_version":"2018-01-25-PROD3","purchased_purges":0,"victory":false,"master_deck":["Defend_G","Defend_G","Defend_G","Defend_G","Defend_G","Strike_G","Strike_G","Strike_G","Strike_G","Survivor","Neutralize","Infinite Blades","Prepared+1","Cloak And Dagger+1","Infinite Blades+1","Dagger Throw","Tactician"],"max_hp_per_floor":[70,70,70,70,70,70,70,70,72,72,72,72,74,74,74],"relics":["Ring of the Snake","Prayer Wheel","Pen Nib","Bottled Lightning","Singing Bowl"],"card_choices":[{"not_picked":["Deadly Poison","Dagger Spray"],"picked":"Infinite Blades"},{"not_picked":["PiercingWail","Flying Knee"],"picked":"Prepared"},{"not_picked":["Predator","Sucker Punch"],"picked":"Cloak And Dagger"},{"not_picked":["Predator","Outmaneuver"],"picked":"Infinite Blades"},{"not_picked":["Bane","Cloak And Dagger"],"picked":"Dagger Throw"},{"not_picked":["Well Laid Plans","Quick Slash"],"picked":"Tactician"}],"player_experience":107571,"potions_floor_usage":[8,8,16],"damage_taken":[{"damage":0,"enemies":"Jaw Worm","floor":1,"turns":5},{"damage":0,"enemies":"Small Slimes","floor":3,"turns":6},{"damage":2,"enemies":"Blue Slaver","floor":4,"turns":6},{"damage":8,"enemies":"3 Louse","floor":5,"turns":4},{"damage":13,"enemies":"3 Sentries","floor":8,"turns":7},{"damage":0,"enemies":"Looter","floor":11,"turns":4},{"damage":0,"enemies":"2 Fungi Beasts","floor":13,"turns":4},{"damage":12,"enemies":"Lots of Slimes","floor":14,"turns":4},{"damage":33,"enemies":"The Guardian","floor":16,"turns":9}],"event_choices":[{"event_name":"Golden Wing","player_choice":"Card Removal","floor":2,"damage_taken":0},{"event_name":"Dead Adventurer","player_choice":"Searched \u00271\u0027 times","floor":8,"damage_taken":0},{"event_name":"Liars Game","player_choice":"disagreed","floor":12,"damage_taken":0}],"boss_relics":[],"potions_floor_spawned":[1,4,13,14],"seed_played":"-6147774523298377100","killed_by":"The Guardian","ascension_level":0,"is_trial":false}