{"gold_per_floor":[115,131,206,225,225,225,259,275,344,365,384,384,66,94,94,167,167,180,180,180,80,93,93,105,130,176,188,44,54,154,170,170,248,248,265,265,278,153,171,171,184,184,211,242,92,92,120,120,120,120],"floor_reached":51,"playtime":1097,"items_purged":["Strike_R","Strike_R","Strike_R","Strike_R"],"score":1339,"play_id":"c92ec972-a450-41f5-a013-689bcdbf3fc8","local_time":"20190303224853","is_ascension_mode":true,"campfire_choices":[{"data":"Flex","floor":6.0,"key":"SMITH"},{"data":"Feed","floor":12.0,"key":"SMITH"},{"data":"Whirlwind","floor":15.0,"key":"SMITH"},{"data":"Pommel Strike","floor":23,"key":"SMITH"},{"data":"Battle Trance","floor":27,"key":"SMITH"},{"data":"Limit Break","floor":32,"key":"SMITH"},{"data":"Limit Break","floor":40,"key":"SMITH"},{"data":"True Grit","floor":42,"key":"SMITH"},{"data":"Double Tap","floor":46,"key":"SMITH"},{"data":"Spot Weakness","floor":49,"key":"SMITH"}],"neow_cost":"CURSE","seed_source_timestamp":100068733915211,"circlet_count":0,"master_deck":["AscendersBane","Strike_R","Defend_R","Defend_R","Defend_R","Defend_R","Bash","Injury","Feed+1","Pommel Strike+1","Flex+1","Whirlwind+1","Shrug It Off","Spot Weakness+1","Reaper","Battle Trance+1","Necronomicurse","Limit Break+1","True Grit+1","Limit Break+1","Double Tap+1","Feel No Pain+1"],"special_seed":0,"relics":["Black Blood","Charon\u0027s Ashes","Boot","Meat on the Bone","Odd Mushroom","Chemical X","Singing Bowl","Necronomicon","Regal Pillow","MawBank","Dead Branch","Mummified Hand","Runic Dome","Happy Flower","Question Card","Pear"],"potions_floor_usage":[16,50,50],"damage_taken":[{"damage":19.0,"enemies":"Cultist","floor":1.0,"turns":6.0},{"damage":5.0,"enemies":"Small Slimes","floor":2.0,"turns":3.0},{"damage":8.0,"enemies":"2 Louse","floor":4.0,"turns":4.0},{"damage":10.0,"enemies":"3 Sentries","floor":7.0,"turns":4.0},{"damage":12.0,"enemies":"Looter","floor":8.0,"turns":3.0},{"damage":27.0,"enemies":"The Mushroom Lair","floor":10.0,"turns":4.0},{"damage":14.0,"enemies":"Exordium Thugs","floor":11.0,"turns":3.0},{"damage":8.0,"enemies":"Gremlin Nob","floor":14.0,"turns":3.0},{"damage":5,"enemies":"The Guardian","floor":16,"turns":9},{"damage":10,"enemies":"3 Byrds","floor":18,"turns":2},{"damage":3,"enemies":"Spheric Guardian","floor":22,"turns":3},{"damage":24,"enemies":"Snake Plant","floor":24,"turns":3},{"damage":11,"enemies":"Slavers","floor":25,"turns":2},{"damage":5,"enemies":"Snecko","floor":29,"turns":3},{"damage":26,"enemies":"Colosseum Slavers","floor":30,"turns":3},{"damage":0,"enemies":"Colosseum Nobs","floor":30,"turns":1},{"damage":25,"enemies":"Cultist and Chosen","floor":31,"turns":6},{"damage":105,"enemies":"Collector","floor":33,"turns":8},{"damage":0,"enemies":"3 Darklings","floor":35,"turns":1},{"damage":20,"enemies":"Orb Walker","floor":37,"turns":3},{"damage":22,"enemies":"Sphere and 2 Shapes","floor":39,"turns":3},{"damage":25,"enemies":"3 Darklings","floor":41,"turns":3},{"damage":85,"enemies":"Reptomancer","floor":44,"turns":6},{"damage":16,"enemies":"Nemesis","floor":47,"turns":3},{"damage":31,"enemies":"Donu and Deca","floor":50,"turns":3}],"seed_played":"4496224163844390570","potions_obtained":[{"floor":1.0,"key":"AttackPotion"},{"floor":8.0,"key":"LiquidBronze"},{"floor":10.0,"key":"Swift Potion"},{"floor":14.0,"key":"SkillPotion"},{"floor":16,"key":"Swift Potion"},{"floor":24,"key":"Strength Potion"}],"is_trial":false,"path_per_floor":["M","M","?","M","?","R","E","M","T","?","M","R","$","E","R","B",null,"M","?","?","$","M","R","M","E","T","R","$","M","?","M","R","B",null,"M","?","M","$","M","R","M","R","T","E","$","R","E","?","R","B",null],"character_chosen":"IRONCLAD","items_purchased":["Chemical X","Shrug It Off","Limit Break"],"campfire_rested":0,"item_purchase_floors":[13,13,28],"current_hp_per_floor":[58,62,51,52,34,34,33,30,30,21,28,28,28,38,38,51,83,93,72,44,44,65,65,69,70,70,70,70,81,89,78,78,65,109,121,121,117,117,119,119,106,106,106,90,90,90,94,94,94,85],"gold":120,"neow_bonus":"THREE_RARE_CARDS","is_prod":false,"is_daily":false,"chose_seed":false,"campfire_upgraded":10,"win_rate":0,"timestamp":1551624533,"path_taken":["M","?","?","M","?","R","E","M","T","?","M","R","$","E","R","BOSS","M","?","?","?","M","R","?","E","T","R","$","M","?","M","R","BOSS","M","?","M","$","?","R","M","R","T","E","$","R","E","?","R","BOSS"],"build_version":"2019-01-23","purchased_purges":4,"victory":true,"max_hp_per_floor":[78,81,81,84,84,84,87,90,90,90,93,93,93,93,93,93,93,93,93,98,98,100,100,106,108,108,108,108,114,116,120,120,124,124,126,126,132,132,136,136,138,138,138,144,144,144,154,154,154,154],"card_choices":[{"not_picked":["Brutality","Dark Embrace"],"picked":"Feed","floor":0.0},{"not_picked":["Havoc","Iron Wave"],"picked":"Pommel Strike","floor":1.0},{"not_picked":["Clash","Headbutt","Warcry"],"picked":"SKIP","floor":2.0},{"not_picked":["Perfected Strike","Body Slam"],"picked":"Flex","floor":4.0},{"not_picked":["Entrench","Seeing Red","Rupture"],"picked":"SKIP","floor":7.0},{"not_picked":["Heavy Blade","Double Tap"],"picked":"Whirlwind","floor":8.0},{"not_picked":["Headbutt","Sentinel","Wild Strike"],"picked":"SKIP","floor":11.0},{"not_picked":["Armaments","Pommel Strike"],"picked":"Spot Weakness","floor":14.0},{"not_picked":["Demon Form","Dark Embrace"],"picked":"Reaper","floor":16},{"not_picked":["Headbutt+1","Shrug It Off"],"picked":"Battle Trance","floor":18},{"not_picked":["Twin Strike","Headbutt","Cleave+1"],"picked":"Singing Bowl","floor":22},{"not_picked":["Sentinel","Body Slam","Wild Strike"],"picked":"Singing Bowl","floor":24},{"not_picked":["Ghostly Armor","Body Slam","Dual Wield+1"],"picked":"Singing Bowl","floor":25},{"not_picked":["Body Slam","Headbutt","Warcry"],"picked":"Singing Bowl","floor":29},{"not_picked":["Body Slam","Sword Boomerang","Havoc"],"picked":"Singing Bowl","floor":30},{"not_picked":["Dropkick","Headbutt"],"picked":"True Grit","floor":31},{"not_picked":["Bludgeon","Feed"],"picked":"Limit Break","floor":33},{"not_picked":["Flex+1","Clash","Uppercut+1"],"picked":"Singing Bowl","floor":35},{"not_picked":["Cleave","Flex","Anger+1"],"picked":"Singing Bowl","floor":37},{"not_picked":["Shrug It Off","Clothesline"],"picked":"Double Tap","floor":39},{"not_picked":["Pommel Strike","Power Through","Havoc"],"picked":"Singing Bowl","floor":41},{"not_picked":["Cleave+1","Shrug It Off","Immolate"],"picked":"Singing Bowl","floor":44},{"not_picked":["Reckless Charge+1","Combust","True Grit"],"picked":"Feel No Pain","floor":47}],"player_experience":1093877,"relics_obtained":[{"floor":7.0,"key":"Boot"},{"floor":9.0,"key":"Meat on the Bone"},{"floor":10.0,"key":"Odd Mushroom"},{"floor":14.0,"key":"Singing Bowl"},{"floor":19,"key":"Necronomicon"},{"floor":25,"key":"Regal Pillow"},{"floor":26,"key":"MawBank"},{"floor":30,"key":"Dead Branch"},{"floor":30,"key":"Mummified Hand"},{"floor":43,"key":"Happy Flower"},{"floor":44,"key":"Question Card"},{"floor":47,"key":"Pear"}],"event_choices":[{"damage_healed":0.0,"max_hp_gain":0.0,"max_hp_loss":0.0,"gold_gain":75.0,"event_name":"World of Goop","player_choice":"Gather Gold","floor":3.0,"gold_loss":0.0,"damage_taken":11.0},{"damage_healed":0.0,"max_hp_gain":0.0,"max_hp_loss":0.0,"gold_gain":0.0,"event_name":"Scrap Ooze","player_choice":"Success","floor":5.0,"gold_loss":0.0,"damage_taken":18.0,"relics_obtained":["Charon\u0027s Ashes"]},{"damage_healed":0.0,"max_hp_gain":0.0,"max_hp_loss":0.0,"gold_gain":0.0,"event_name":"Mushrooms","player_choice":"Fought Mushrooms","floor":10.0,"gold_loss":0.0,"damage_taken":0.0},{"damage_healed":0,"gold_gain":0,"player_choice":"Obtained Book","damage_taken":21,"max_hp_gain":0,"max_hp_loss":0,"event_name":"Cursed Tome","floor":19,"gold_loss":0},{"damage_healed":0,"gold_gain":0,"player_choice":"Shed Blood","damage_taken":33,"max_hp_gain":5,"max_hp_loss":0,"event_name":"Forgotten Altar","floor":20,"gold_loss":0},{"damage_healed":0,"gold_gain":0,"player_choice":"Fight","damage_taken":0,"max_hp_gain":0,"max_hp_loss":0,"event_name":"Colosseum","floor":30,"gold_loss":0},{"damage_healed":0,"gold_gain":0,"player_choice":"Fought Nobs","damage_taken":0,"max_hp_gain":0,"max_hp_loss":0,"event_name":"Colosseum","floor":30,"gold_loss":0},{"damage_healed":0,"gold_gain":0,"player_choice":"Got Potions","damage_taken":0,"max_hp_gain":0,"max_hp_loss":0,"event_name":"Lab","floor":36,"gold_loss":0},{"damage_healed":0,"gold_gain":0,"player_choice":"Upgraded","damage_taken":0,"max_hp_gain":0,"max_hp_loss":0,"event_name":"Upgrade Shrine","floor":48,"gold_loss":0,"cards_upgraded":["Feel No Pain"]}],"is_beta":false,"boss_relics":[{"not_picked":["Snecko Eye","Runic Cube"],"picked":"Black Blood"},{"not_picked":["Black Star","Fusion Hammer"],"picked":"Runic Dome"}],"items_purged_floors":[13,21,38,45],"is_endless":false,"potions_floor_spawned":[1,8,10,14,16,24,25,30,37,39,44],"ascension_level":15}