{"path_per_floor":["M","M","M","$","M","E","$","E","T","?","$","M","M","?","R","B",null,"M","M","$","?","M","R"],"character_chosen":"DEFECT","items_purchased":["Flash of Steel","War Paint"],"gold_per_floor":[10,29,49,49,69,102,5,32,58,58,58,75,92,92,92,221,259,284,308,89,89,110,110,110],"floor_reached":24,"campfire_rested":1,"playtime":1215,"current_hp_per_floor":[75,66,64,64,58,41,41,42,42,27,27,39,43,43,65,27,80,67,64,64,64,54,54,0],"items_purged":["Strike_B"],"gold":110,"score":250,"play_id":"244855d8-5cbb-4243-a49f-0d8d266fc21c","local_time":"20180512064600","is_prod":false,"is_daily":false,"chose_seed":false,"is_ascension_mode":true,"campfire_upgraded":1,"timestamp":1526121960,"path_taken":["M","M","M","$","M","E","$","E","T","?","?","M","M","?","R","BOSS","M","M","$","?","?","R","E"],"build_version":"2018-05-10","seed_source_timestamp":0,"purchased_purges":1,"victory":false,"master_deck":["Strike_B","Strike_B","Strike_B+1","Defend_B","Defend_B+1","Defend_B","Defend_B","Zap","Dualcast","Biased Cognition","Hologram+1","Cold Snap+1","Chill+1","FTL","Axe Kick","Flash of Steel","Consume","Injury","Fission","Doom and Gloom","Machine Learning+1","Streamline+1"],"max_hp_per_floor":[75,75,75,75,75,75,75,75,75,75,75,75,75,75,75,75,80,80,85,85,85,85,85,85],"relics":["Cracked Core","Meat on the Bone","Dream Catcher","Lantern","Golden Idol","Tiny House","War Paint"],"card_choices":[{"not_picked":["Multi-Cast","Meteor Strike"],"picked":"Biased Cognition","floor":0.0},{"not_picked":["Capacitor","Steam"],"picked":"Hologram","floor":1.0},{"not_picked":["Hologram","Rip and Tear"],"picked":"Cold Snap","floor":2.0},{"not_picked":["Axe Kick","Force Field"],"picked":"Chill","floor":3.0},{"not_picked":["Ball Lightning","Storm"],"picked":"FTL","floor":5.0},{"not_picked":["Steam","Loop"],"picked":"Axe Kick","floor":6.0},{"not_picked":["Creative AI","Cold Snap"],"picked":"Consume","floor":8.0},{"not_picked":["Rainbow","Hyperbeam"],"picked":"Fission","floor":16.0},{"not_picked":["Stack","Ball Lightning"],"picked":"Doom and Gloom","floor":17.0},{"not_picked":["Leap","Barrage"],"picked":"Machine Learning","floor":18.0},{"not_picked":["Stack","Rebound"],"picked":"Streamline","floor":19.0}],"player_experience":71758,"potions_floor_usage":[24],"damage_taken":[{"damage":0.0,"enemies":"Cultist","floor":1.0,"turns":2.0},{"damage":9.0,"enemies":"Jaw Worm","floor":2.0,"turns":2.0},{"damage":2.0,"enemies":"2 Louse","floor":3.0,"turns":2.0},{"damage":6.0,"enemies":"Exordium Thugs","floor":5.0,"turns":7.0},{"damage":17.0,"enemies":"Lagavulin","floor":6.0,"turns":6.0},{"damage":11.0,"enemies":"3 Sentries","floor":8.0,"turns":4.0},{"damage":0.0,"enemies":"Large Slime","floor":12.0,"turns":5.0},{"damage":8.0,"enemies":"Blue Slaver","floor":13.0,"turns":3.0},{"damage":50.0,"enemies":"The Guardian","floor":16.0,"turns":14.0},{"damage":13.0,"enemies":"Shell Parasite","floor":18.0,"turns":6.0},{"damage":8.0,"enemies":"3 Byrds","floor":19.0,"turns":7.0},{"damage":22.0,"enemies":"Cultist and Chosen","floor":22.0,"turns":6.0},{"damage":57,"enemies":"Book of Stabbing","floor":24,"turns":5}],"event_choices":[{"event_name":"Shining Light","player_choice":"Entered Light","floor":10.0,"damage_taken":0.0},{"event_name":"Golden Idol","player_choice":"Take Wound","floor":14.0,"damage_taken":0.0},{"event_name":"Ghosts","player_choice":"Ignored","floor":21.0,"damage_taken":0.0}],"boss_relics":[],"potions_floor_spawned":[5,6,8,18],"seed_played":"-923733527757161076","killed_by":"Book of Stabbing","ascension_level":4,"is_trial":false}