{"gold_per_floor":[11,186,186,196,196,196,230,230,281,297,330,350,350,390,390,390],"floor_reached":16,"playtime":642,"items_purged":[],"score":195,"play_id":"ceccdaae-62b6-4201-a0c7-89675abb76c6","local_time":"20190506220630","is_ascension_mode":true,"campfire_choices":[{"data":"Neutralize","floor":6,"key":"SMITH"},{"data":"Bandage Up","floor":8,"key":"SMITH"},{"floor":15,"key":"REST"}],"neow_cost":"NO_GOLD","seed_source_timestamp":100466757244512,"circlet_count":0,"master_deck":["AscendersBane","Defend_G","Defend_G","Defend_G","Defend_G","Defend_G","Strike_G","Strike_G","Strike_G","Strike_G","Strike_G","Survivor","Neutralize+1","Bandage Up+1","Metamorphosis","All Out Attack","Heel Hook","Tactician","Expertise","Acrobatics","Backstab","Injury","Footwork"],"relics":["Ring of the Snake","NlothsMask","Ancient Tea Set","Tough Bandages","Golden Idol","Ninja Scroll"],"potions_floor_usage":[11,14,16,16],"damage_taken":[{"damage":2,"enemies":"2 Louse","floor":1,"turns":4},{"damage":0,"enemies":"Small Slimes","floor":4,"turns":3},{"damage":28,"enemies":"Lagavulin","floor":7,"turns":8},{"damage":0,"enemies":"Cultist","floor":10,"turns":4},{"damage":19,"enemies":"Gremlin Nob","floor":11,"turns":4},{"damage":5,"enemies":"Looter","floor":12,"turns":4},{"damage":24,"enemies":"3 Sentries","floor":14,"turns":7},{"damage":45,"enemies":"Slime Boss","floor":16,"turns":8}],"seed_played":"-5731593613337900676","potions_obtained":[{"floor":7,"key":"Energy Potion"},{"floor":10,"key":"Ancient Potion"},{"floor":11,"key":"Swift Potion"},{"floor":14,"key":"LiquidBronze"}],"is_trial":false,"path_per_floor":["M","?","?","M","?","R","E","R","T","M","E","M","?","E","R","B"],"character_chosen":"THE_SILENT","items_purchased":[],"campfire_rested":1,"item_purchase_floors":[],"current_hp_per_floor":[65,65,65,69,69,69,45,45,45,51,32,33,33,15,36,0],"gold":390,"neow_bonus":"RANDOM_COLORLESS_2","is_prod":false,"is_daily":false,"chose_seed":false,"campfire_upgraded":2,"win_rate":0,"timestamp":1557205590,"path_taken":["M","?","?","?","?","R","E","R","T","M","E","M","?","E","R","BOSS"],"build_version":"2019-01-23","purchased_purges":0,"victory":false,"max_hp_per_floor":[70,70,70,70,70,70,70,70,70,70,70,70,70,70,70,70],"card_choices":[{"not_picked":["PiercingWail","Prepared"],"picked":"All Out Attack","floor":1},{"not_picked":["Finisher","Riddle With Holes"],"picked":"Heel Hook","floor":4},{"not_picked":["Blur","Cloak And Dagger"],"picked":"Tactician","floor":7},{"not_picked":["Flying Knee","Endless Agony"],"picked":"Expertise","floor":10},{"not_picked":["Crippling Poison","Dash"],"picked":"Acrobatics","floor":11},{"not_picked":["Flying Knee","Accuracy"],"picked":"Backstab","floor":12},{"not_picked":["Acrobatics","Dodge and Roll"],"picked":"Footwork","floor":14}],"player_experience":600825,"relics_obtained":[{"floor":7,"key":"Ancient Tea Set"},{"floor":11,"key":"Tough Bandages"},{"floor":14,"key":"Ninja Scroll"}],"event_choices":[{"damage_healed":0,"gold_gain":175,"player_choice":"AGREE","damage_taken":0,"max_hp_gain":0,"max_hp_loss":0,"event_name":"Liars Game","floor":2,"gold_loss":0,"cards_obtained":["Doubt"]},{"damage_healed":0,"gold_gain":0,"player_choice":"Trade","damage_taken":0,"relics_obtained":["NlothsMask"],"max_hp_gain":0,"max_hp_loss":0,"event_name":"FaceTrader","floor":3,"gold_loss":0},{"cards_removed":["Doubt"],"damage_healed":0,"gold_gain":0,"player_choice":"Forget","damage_taken":0,"max_hp_gain":0,"max_hp_loss":0,"event_name":"Living Wall","floor":5,"gold_loss":0},{"damage_healed":0,"gold_gain":0,"player_choice":"Take Wound","damage_taken":0,"relics_obtained":["Golden Idol"],"max_hp_gain":0,"max_hp_loss":0,"event_name":"Golden Idol","floor":13,"gold_loss":0,"cards_obtained":["Injury"]}],"is_beta":false,"boss_relics":[],"items_purged_floors":[],"is_endless":false,"potions_floor_spawned":[7,10,11,14],"killed_by":"Slime Boss","ascension_level":13}