{"gold_per_floor":[117,117,117,129,19,19,46,110,110,110,125,125,125,137,137,208,208,220,220,240,17,17,17,51,71,95,95],"floor_reached":27,"playtime":1088,"items_purged":[],"score":458,"play_id":"5f325bc7-31a7-4346-b3f1-c228e1ef702b","local_time":"20190316234816","is_ascension_mode":true,"campfire_choices":[{"data":"Bash","floor":6,"key":"SMITH"},{"data":"Bash","floor":10,"key":"SMITH"},{"data":"Inflame","floor":13,"key":"SMITH"},{"floor":15,"key":"REST"},{"floor":23,"key":"REST"}],"neow_cost":"NONE","seed_source_timestamp":312856915097752,"circlet_count":0,"master_deck":["AscendersBane","Strike_R","Strike_R+1","Strike_R","Strike_R","Defend_R","Defend_R","Defend_R","Defend_R","Bash+1","Uppercut+1","Bash+1","Exhume","Reckless Charge","Ghostly Armor","Clash","Inflame+1","Sword Boomerang+1","Dark Embrace","Armaments","True Grit+1","Clash","Armaments"],"relics":["Burning Blood","Strawberry","Bag of Marbles","Busted Crown","Nloth\u0027s Gift","Happy Flower","Anchor","Whetstone"],"potions_floor_usage":[7,16,24,24,24,24,27],"damage_taken":[{"damage":8,"enemies":"Small Slimes","floor":1,"turns":5},{"damage":12,"enemies":"Jaw Worm","floor":4,"turns":2},{"damage":30,"enemies":"3 Sentries","floor":7,"turns":10},{"damage":0,"enemies":"Cultist","floor":11,"turns":2},{"damage":8,"enemies":"Blue Slaver","floor":14,"turns":2},{"damage":79,"enemies":"Hexaghost","floor":16,"turns":10},{"damage":17,"enemies":"Shell Parasite","floor":18,"turns":3},{"damage":57,"enemies":"3 Byrds","floor":20,"turns":6},{"damage":20,"enemies":"Book of Stabbing","floor":24,"turns":4},{"damage":18,"enemies":"Snake Plant","floor":25,"turns":3},{"damage":12,"enemies":"Cultist and Chosen","floor":27,"turns":3}],"seed_played":"-188319631027691226","potions_obtained":[{"floor":1,"key":"FearPotion"},{"floor":7,"key":"SpeedPotion"},{"floor":14,"key":"Dexterity Potion"},{"floor":20,"key":"EntropicBrew"},{"floor":25,"key":"Strength Potion"}],"is_trial":false,"path_per_floor":["M","?","?","M","$","R","E","?","T","R","M","?","R","M","R","B",null,"M","?","M","$","?","R","E","M","T","M"],"character_chosen":"IRONCLAD","items_purchased":["Fruit Juice","Clash","Happy Flower"],"campfire_rested":2,"item_purchase_floors":[5,21,21],"current_hp_per_floor":[73,73,73,67,67,67,48,48,48,48,54,54,54,52,87,14,69,58,58,7,7,7,33,19,7,7,0],"gold":95,"neow_bonus":"RANDOM_COMMON_RELIC","is_prod":false,"is_daily":false,"chose_seed":false,"campfire_upgraded":3,"win_rate":0,"timestamp":1552805296,"path_taken":["M","?","?","?","$","R","E","?","T","R","M","?","R","M","R","BOSS","M","?","?","$","?","R","E","M","T","M"],"build_version":"2019-01-23","purchased_purges":0,"victory":false,"max_hp_per_floor":[82,82,82,82,82,82,87,87,87,87,87,87,87,87,87,87,87,87,87,87,87,87,87,87,87,87,87],"card_choices":[{"not_picked":["Anger","Havoc"],"picked":"Uppercut","floor":1},{"not_picked":["Body Slam","Fire Breathing"],"picked":"Ghostly Armor","floor":4},{"not_picked":["Battle Trance","Perfected Strike"],"picked":"Clash","floor":7},{"not_picked":["Bloodletting","True Grit"],"picked":"Inflame","floor":11},{"not_picked":["Bloodletting","Thunderclap"],"picked":"Sword Boomerang","floor":14},{"not_picked":["Fiend Fire","Bludgeon"],"picked":"Dark Embrace","floor":16},{"not_picked":[],"picked":"Armaments","floor":18},{"not_picked":[],"picked":"True Grit+1","floor":20},{"not_picked":["Rupture"],"picked":"SKIP","floor":24},{"not_picked":[],"picked":"Armaments","floor":25}],"player_experience":249332,"relics_obtained":[{"floor":7,"key":"Bag of Marbles"},{"floor":9,"key":"Regal Pillow"},{"floor":24,"key":"Anchor"},{"floor":26,"key":"Whetstone"}],"event_choices":[{"damage_healed":0,"gold_gain":0,"player_choice":"Grow","damage_taken":0,"max_hp_gain":0,"max_hp_loss":0,"event_name":"Living Wall","floor":2,"gold_loss":0,"cards_upgraded":["Uppercut"]},{"damage_healed":0,"gold_gain":0,"player_choice":"3 cards matched","damage_taken":0,"max_hp_gain":0,"max_hp_loss":0,"event_name":"Match and Keep!","floor":3,"gold_loss":0,"cards_obtained":["Bash","Exhume","Reckless Charge"]},{"damage_healed":0,"gold_gain":64,"player_choice":"Gained Gold","damage_taken":0,"max_hp_gain":0,"max_hp_loss":0,"event_name":"Golden Wing","floor":8,"gold_loss":0},{"cards_removed":["Strike_R"],"damage_healed":0,"gold_gain":0,"player_choice":"Purged","damage_taken":0,"max_hp_gain":0,"max_hp_loss":0,"event_name":"Purifier","floor":12,"gold_loss":0},{"damage_healed":0,"gold_gain":0,"player_choice":"Traded Relic","damage_taken":0,"relics_obtained":["Nloth\u0027s Gift"],"max_hp_gain":0,"max_hp_loss":0,"event_name":"N\u0027loth","floor":19,"relics_lost":["Regal Pillow"],"gold_loss":0},{"damage_healed":0,"gold_gain":0,"player_choice":"Ignored","damage_taken":0,"max_hp_gain":0,"max_hp_loss":0,"event_name":"Beggar","floor":22,"gold_loss":0}],"is_beta":false,"boss_relics":[{"not_picked":["Philosopher\u0027s Stone","Calling Bell"],"picked":"Busted Crown"}],"items_purged_floors":[],"is_endless":false,"potions_floor_spawned":[1,7,14,20,25],"killed_by":"Cultist and Chosen","ascension_level":20}