{"gold_per_floor":[112,11,11,11,11,11,24,24,103,114,114,137,149,164,164,261,261,274,72,88,8,24,24,41,41,41,57,80,94,94,94,94,197,197,217,217],"floor_reached":36,"playtime":1033,"items_purged":["Strike_R","Strike_R"],"score":354,"play_id":"c9bd455b-0c9f-4b89-902f-8b9faad26523","local_time":"20180726152714","is_ascension_mode":false,"campfire_choices":[{"data":"Body Slam","floor":6,"key":"SMITH"},{"data":"Shrug It Off","floor":8,"key":"SMITH"},{"data":"Defend_R","floor":11,"key":"SMITH"},{"data":"Rampage","floor":15,"key":"SMITH"},{"data":"Double Tap","floor":23,"key":"SMITH"},{"data":"Warcry","floor":25,"key":"SMITH"},{"data":"Madness","floor":30,"key":"SMITH"},{"data":"Finesse","floor":32,"key":"SMITH"}],"neow_cost":"TEN_PERCENT_HP_LOSS","seed_source_timestamp":2374807145119,"circlet_count":0,"master_deck":["Defend_R+1","Defend_R","Body Slam+1","Shrug It Off+1","Warcry+1","Sentinel","Rampage+1","Double Tap+1","Shrug It Off","Finesse+1","Madness+1","Shrug It Off","Juggernaut+1","Feed"],"relics":["Burning Blood","The Courier","Odd Mushroom","Runic Cube","Frozen Egg 2","Happy Flower","Empty Cage"],"potions_floor_usage":[16,24,24,24],"damage_taken":[{"damage":11,"enemies":"Jaw Worm","floor":1,"turns":2},{"damage":2,"enemies":"Small Slimes","floor":7,"turns":3},{"damage":0,"enemies":"2 Louse","floor":10,"turns":2},{"damage":3,"floor":12,"turns":4},{"damage":0,"enemies":"Blue Slaver","floor":13,"turns":3},{"damage":0,"enemies":"3 Louse","floor":14,"turns":3},{"damage":26,"enemies":"Slime Boss","floor":16,"turns":7},{"damage":3,"enemies":"Shell Parasite","floor":18,"turns":4},{"damage":2,"enemies":"Spheric Guardian","floor":20,"turns":4},{"damage":9,"enemies":"Centurion and Healer","floor":22,"turns":5},{"damage":26,"enemies":"Sentry and Sphere","floor":24,"turns":8},{"damage":13,"enemies":"Snake Plant","floor":27,"turns":4},{"damage":3,"enemies":"3 Cultists","floor":29,"turns":6},{"damage":40,"enemies":"Automaton","floor":33,"turns":8},{"damage":12,"enemies":"Orb Walker","floor":35,"turns":4},{"damage":9,"enemies":"3 Darklings","floor":36,"turns":6}],"seed_played":"-2312829152914285956","potions_obtained":[{"floor":7,"key":"SteroidPotion"},{"floor":13,"key":"Block Potion"},{"floor":22,"key":"EntropicBrew"},{"floor":33,"key":"SpeedPotion"}],"is_trial":false,"path_per_floor":["M","$","?","?","$","R","M","R","T","M","R","?","M","M","R","B",null,"M","$","M","$","M","R","M","R","T","M","T","M","R","?","R","B",null,"M"],"character_chosen":"IRONCLAD","items_purchased":["Body Slam","Shrug It Off","Finesse","Madness"],"campfire_rested":0,"item_purchase_floors":[2,19,19,21],"current_hp_per_floor":[67,67,67,60,60,60,64,64,64,70,70,72,72,72,72,52,72,72,72,72,72,69,69,49,49,49,42,42,45,45,45,45,11,72,69,60],"gold":217,"neow_bonus":"REMOVE_TWO","is_prod":false,"is_daily":false,"chose_seed":false,"campfire_upgraded":8,"win_rate":0,"timestamp":1532590034,"path_taken":["M","$","?","?","?","R","M","R","T","?","R","?","M","M","R","BOSS","M","$","M","$","M","R","M","R","T","M","?","M","R","?","R","BOSS","M","?"],"build_version":"2018-07-19v2","purchased_purges":2,"victory":false,"max_hp_per_floor":[72,72,72,72,72,72,72,72,72,72,72,72,72,72,72,72,72,72,72,72,72,72,72,72,72,72,72,72,72,72,72,72,72,72,75,75],"card_choices":[{"not_picked":["Wild Strike","Headbutt","True Grit"],"picked":"SKIP","floor":1},{"not_picked":["Spot Weakness","Armaments"],"picked":"Shrug It Off","floor":7},{"not_picked":["Sword Boomerang","Headbutt","Combust"],"picked":"SKIP","floor":10},{"not_picked":["Feel No Pain","True Grit"],"picked":"Warcry","floor":12},{"not_picked":["Demon Form","Evolve"],"picked":"Sentinel","floor":13},{"not_picked":["Shrug It Off","Flex"],"picked":"Rampage","floor":14},{"not_picked":["Demon Form","Juggernaut"],"picked":"Double Tap","floor":16},{"not_picked":["Shockwave","Rage","Body Slam+1"],"picked":"SKIP","floor":18},{"not_picked":["Metallicize","Second Wind","Armaments+1"],"picked":"SKIP","floor":20},{"not_picked":["Perfected Strike","Pommel Strike","Carnage"],"picked":"SKIP","floor":22},{"not_picked":["Clash","Spot Weakness+1"],"picked":"Shrug It Off","floor":24},{"not_picked":["Shrug It Off","Armaments","Fire Breathing+1"],"picked":"SKIP","floor":27},{"not_picked":["Sword Boomerang","Heavy Blade"],"picked":"Juggernaut+1","floor":29},{"not_picked":["Brutality+1","Double Tap"],"picked":"Feed","floor":33},{"not_picked":["Heavy Blade+1","Uppercut+1","Clothesline"],"picked":"SKIP","floor":35}],"player_experience":317981,"relics_obtained":[{"floor":9,"key":"The Courier"},{"floor":12,"key":"Odd Mushroom"},{"floor":26,"key":"Frozen Egg 2"},{"floor":28,"key":"Happy Flower"}],"event_choices":[{"event_name":"The Cleric","player_choice":"Leave","floor":3,"damage_taken":0},{"event_name":"Golden Wing","player_choice":"Card Removal","floor":4,"damage_taken":0},{"event_name":"Mushrooms","player_choice":"Fought Mushrooms","floor":12,"damage_taken":0},{"event_name":"Back to Basics","player_choice":"Elegance","floor":31,"damage_taken":0}],"is_beta":false,"boss_relics":[{"not_picked":["Orrery","Runic Pyramid"],"picked":"Runic Cube"},{"not_picked":["Cursed Key","Black Blood"],"picked":"Empty Cage"}],"items_purged_floors":[2,19],"is_endless":false,"potions_floor_spawned":[7,13,22,33],"killed_by":"3 Darklings","ascension_level":0}