{"gold_per_floor":[115,131,131,145,163,163,189,189,189,189],"floor_reached":10,"playtime":263,"items_purged":[],"score":78,"play_id":"277ab507-35f9-42d0-97da-3603d338c2f5","local_time":"20180714190905","is_ascension_mode":true,"campfire_choices":[{"floor":6,"key":"REST"}],"neow_cost":"NONE","seed_source_timestamp":220690412183016,"circlet_count":0,"master_deck":["Strike_B","Strike_B","Strike_B","Strike_B","Defend_B","Defend_B","Defend_B","Defend_B","Zap","Dualcast","Machine Learning","Static Discharge","Coolheaded","Glacier","Force Field","Regret"],"relics":["Cracked Core","Lantern","Shuriken","Toxic Egg 2","Bronze Scales"],"potions_floor_usage":[7],"damage_taken":[{"damage":1,"enemies":"Cultist","floor":1,"turns":3},{"damage":10,"enemies":"Small Slimes","floor":2,"turns":4},{"damage":16,"enemies":"2 Louse","floor":4,"turns":2},{"damage":11,"enemies":"2 Fungi Beasts","floor":5,"turns":3},{"damage":40,"enemies":"Lagavulin","floor":7,"turns":8},{"damage":18,"enemies":"Exordium Wildlife","floor":10,"turns":4}],"seed_played":"8893160997476493824","potions_obtained":[{"floor":4,"key":"SteroidPotion"},{"floor":5,"key":"SkillPotion"}],"is_trial":false,"path_per_floor":["M","M","?","M","M","R","E","?","T"],"character_chosen":"DEFECT","items_purchased":[],"campfire_rested":1,"item_purchase_floors":[],"current_hp_per_floor":[74,64,61,45,34,56,16,16,16,0],"gold":189,"neow_bonus":"ONE_RANDOM_RARE_CARD","is_prod":false,"is_daily":false,"chose_seed":false,"campfire_upgraded":0,"win_rate":0,"timestamp":1531588145,"path_taken":["M","?","?","M","M","R","E","?","T","M"],"build_version":"2018-07-13","purchased_purges":0,"victory":false,"max_hp_per_floor":[75,75,75,75,75,75,75,75,75,75],"card_choices":[{"not_picked":["Coolheaded","Reprogram"],"picked":"Static Discharge","floor":1},{"not_picked":["Barrage","Ball Lightning"],"picked":"Coolheaded","floor":2},{"not_picked":["Gash","Conserve Battery"],"picked":"Glacier","floor":4},{"not_picked":["Hyperbeam","Compile Driver"],"picked":"Force Field","floor":5},{"not_picked":["Streamline","Steam","Turbo"],"picked":"SKIP","floor":7}],"player_experience":57745,"relics_obtained":[{"floor":7,"key":"Shuriken"},{"floor":9,"key":"Bronze Scales"}],"event_choices":[{"event_name":"Scrap Ooze","player_choice":"success","floor":3,"damage_taken":3},{"event_name":"Big Fish","player_choice":"Box","floor":8,"damage_taken":0}],"boss_relics":[],"items_purged_floors":[],"is_endless":false,"potions_floor_spawned":[4,5],"killed_by":"Exordium Wildlife","ascension_level":3}