{"gold_per_floor":[363,383,383,399,399,399,730,569,593,604,604,622,622,638,638,709,709,722,812,828,839,353,353,95,122,149,149],"floor_reached":27,"playtime":1423,"items_purged":["Strike_G","All Out Attack","Defend_G"],"score":415,"play_id":"898d2f8f-d24c-400e-9997-df2479c95244","local_time":"20190508140039","is_ascension_mode":true,"campfire_choices":[{"data":"Dash","floor":6.0,"key":"SMITH"},{"floor":11.0,"key":"REST"},{"data":"Calculated Gamble","floor":13.0,"key":"SMITH"},{"data":"Poisoned Stab","floor":15.0,"key":"SMITH"},{"floor":23,"key":"REST"}],"neow_cost":"TEN_PERCENT_HP_LOSS","seed_source_timestamp":14024192619557,"circlet_count":0,"master_deck":["AscendersBane","Defend_G+1","Defend_G","Defend_G+1","Strike_G","Survivor","Neutralize","Flying Knee","Dash+1","Poisoned Stab+1","Calculated Gamble+1","Tools of the Trade","Blur+1","Tools of the Trade+1","Malaise+1","Terror","Reflex","After Image","Acrobatics"],"special_seed":0,"relics":["Ring of the Snake","Happy Flower","Old Coin","War Paint","Astrolabe","ClockworkSouvenir","Blood Vial","Art of War"],"potions_floor_usage":[20,27,27],"damage_taken":[{"damage":6.0,"enemies":"Cultist","floor":1.0,"turns":4.0},{"damage":0.0,"enemies":"Small Slimes","floor":2.0,"turns":5.0},{"damage":5.0,"enemies":"2 Louse","floor":4.0,"turns":4.0},{"damage":29.0,"enemies":"3 Sentries","floor":7.0,"turns":15.0},{"damage":4.0,"enemies":"Red Slaver","floor":10.0,"turns":4.0},{"damage":0.0,"enemies":"Exordium Wildlife","floor":12.0,"turns":2.0},{"damage":0.0,"enemies":"Exordium Thugs","floor":14.0,"turns":3.0},{"damage":21.0,"enemies":"The Guardian","floor":16.0,"turns":15.0},{"damage":13,"enemies":"Spheric Guardian","floor":18,"turns":8},{"damage":0,"enemies":"Chosen","floor":20,"turns":7},{"damage":9,"enemies":"Snake Plant","floor":21,"turns":7},{"damage":55,"enemies":"Gremlin Leader","floor":27,"turns":8}],"seed_played":"-7475797332298741422","potions_obtained":[{"floor":4.0,"key":"AttackPotion"},{"floor":7.0,"key":"Ancient Potion"},{"floor":12.0,"key":"Swift Potion"},{"floor":14.0,"key":"Dexterity Potion"},{"floor":21,"key":"Explosive Potion"}],"is_trial":false,"path_per_floor":["M","M","?","M","?","R","E","$","T","M","R","M","R","M","R","B",null,"M","?","M","M","$","R","$","T","T","E"],"character_chosen":"THE_SILENT","items_purchased":["Poisoned Stab","SkillPotion","ClockworkSouvenir","Reflex","After Image","Acrobatics","Regen Potion"],"campfire_rested":2,"item_purchase_floors":[8,8,22,22,22,24,24],"current_hp_per_floor":[53,53,53,48,48,48,19,19,19,15,33,33,33,33,33,12,48,35,23,23,14,14,32,32,32,32,0],"gold":149,"neow_bonus":"TWO_FIFTY_GOLD","is_prod":false,"is_daily":false,"chose_seed":false,"campfire_upgraded":3,"win_rate":0,"timestamp":1557291639,"path_taken":["M","?","?","?","?","R","E","$","T","?","R","M","R","M","R","BOSS","M","?","M","M","$","R","$","?","T","E"],"build_version":"2019-01-23","purchased_purges":3,"victory":false,"max_hp_per_floor":[60,60,60,60,60,60,60,60,60,60,60,60,60,60,60,60,60,60,60,60,60,60,60,60,60,60,60],"card_choices":[{"not_picked":["Accuracy","Slice"],"picked":"PiercingWail","floor":1.0},{"not_picked":["Finisher","Prepared"],"picked":"Flying Knee","floor":2.0},{"not_picked":["Cloak And Dagger","Outmaneuver"],"picked":"Dash","floor":4.0},{"not_picked":["Poisoned Stab","Quick Slash"],"picked":"All Out Attack","floor":7.0},{"not_picked":["Night Terror","Dagger Spray"],"picked":"Calculated Gamble","floor":10.0},{"not_picked":["Blade Dance","Distraction","Poisoned Stab"],"picked":"SKIP","floor":12.0},{"not_picked":["Deflect","Masterful Stab","Dash"],"picked":"SKIP","floor":14.0},{"not_picked":["Glass Knife","Wraith Form v2"],"picked":"Tools of the Trade","floor":16.0},{"not_picked":["Masterful Stab","Poisoned Stab"],"picked":"Terror","floor":18},{"not_picked":["Slice","Outmaneuver","Deadly Poison"],"picked":"SKIP","floor":20},{"not_picked":["Flying Knee","Quick Slash","Leg Sweep"],"picked":"SKIP","floor":21}],"player_experience":767085,"relics_obtained":[{"floor":7.0,"key":"Old Coin"},{"floor":9.0,"key":"War Paint"},{"floor":25,"key":"Blood Vial"},{"floor":26,"key":"Art of War"}],"event_choices":[{"cards_removed":["PiercingWail"],"damage_healed":0.0,"max_hp_gain":0.0,"max_hp_loss":0.0,"gold_gain":0.0,"event_name":"WeMeetAgain","player_choice":"Gave Card","floor":3.0,"gold_loss":0.0,"damage_taken":0.0,"relics_obtained":["Happy Flower"]},{"cards_removed":["Strike_G"],"damage_healed":0.0,"max_hp_gain":0.0,"max_hp_loss":0.0,"gold_gain":0.0,"event_name":"Purifier","player_choice":"Purged","floor":5.0,"gold_loss":0.0,"damage_taken":0.0},{"damage_healed":0,"gold_gain":90,"player_choice":"GOLD ","damage_taken":12,"max_hp_gain":0,"max_hp_loss":0,"event_name":"Knowing Skull","floor":19,"potions_obtained":[],"gold_loss":0,"cards_obtained":[]}],"is_beta":false,"boss_relics":[{"not_picked":["Fusion Hammer","Coffee Dripper"],"picked":"Astrolabe"}],"items_purged_floors":[8,22,24],"is_endless":false,"potions_floor_spawned":[4,7,12,14,21],"killed_by":"Gremlin Leader","ascension_level":19}