{"gold_per_floor":[211,211,223,148,166,166,176,201,247,247,261,272,172,186,186,261,261,276,151,151,66,66,92,92,109,109,139,139,89,99,110,110,184,184,195,108,128,78,96,96,46,60,83,98,127,127,127,137,137,137,137,137,39,73,73],"floor_reached":56,"playtime":2201,"items_purged":["Pain","Strike_G","Strike_G","Strike_G","Bane","Skewer","Distraction"],"score":2140,"play_id":"cb2b711d-a0bb-430e-aa46-44f71620403c","local_time":"20190306163814","is_ascension_mode":true,"campfire_choices":[{"data":"Bouncing Flask","floor":6,"key":"SMITH"},{"data":"Neutralize","floor":10,"key":"SMITH"},{"data":"Acrobatics","floor":15,"key":"SMITH"},{"data":"After Image","floor":24,"key":"SMITH"},{"data":"Catalyst","floor":28,"key":"SMITH"},{"floor":32,"key":"RECALL"},{"data":"Tactician","floor":40,"key":"SMITH"},{"data":"Well Laid Plans","floor":47,"key":"SMITH"},{"data":"Night Terror","floor":49,"key":"SMITH"},{"data":"Flechettes","floor":52,"key":"SMITH"}],"neow_cost":"NONE","seed_source_timestamp":336012614909326,"circlet_count":0,"master_deck":["AscendersBane","Survivor+1","Neutralize+1","Bouncing Flask+1","Acrobatics+1","Backflip","After Image+1","Catalyst+1","Night Terror+1","Flechettes+1","Tactician+1","Deflect+1","Well Laid Plans+1"],"relics":["Ring of the Snake","WarpedTongs","Bottled Flame","War Paint","Coffee Dripper","Centennial Puzzle","Bronze Scales","Pear","Smiling Mask","Pandora\u0027s Box","Anchor","Vajra"],"potions_floor_usage":[8,16,23,27,30,37,45,54,55],"damage_taken":[{"damage":6,"enemies":"2 Louse","floor":1,"turns":4},{"damage":2,"enemies":"Cultist","floor":3,"turns":3},{"damage":0,"enemies":"Jaw Worm","floor":5,"turns":4},{"damage":5,"enemies":"Exordium Wildlife","floor":7,"turns":4},{"damage":14,"enemies":"3 Sentries","floor":8,"turns":9},{"damage":0,"enemies":"Large Slime","floor":11,"turns":5},{"damage":2,"enemies":"Red Slaver","floor":12,"turns":3},{"damage":7,"enemies":"Blue Slaver","floor":14,"turns":5},{"damage":0,"enemies":"Hexaghost","floor":16,"turns":9},{"damage":1,"enemies":"Shell Parasite","floor":18,"turns":5},{"damage":0,"enemies":"Book of Stabbing","floor":23,"turns":7},{"damage":18,"enemies":"2 Thieves","floor":25,"turns":4},{"damage":23,"enemies":"Slavers","floor":27,"turns":8},{"damage":15,"enemies":"3 Cultists","floor":30,"turns":5},{"damage":4,"enemies":"Cultist and Chosen","floor":31,"turns":6},{"damage":1,"enemies":"Champ","floor":33,"turns":10},{"damage":10,"enemies":"3 Darklings","floor":35,"turns":5},{"damage":2,"enemies":"3 Shapes","floor":37,"turns":3},{"damage":0,"enemies":"Writhing Mass","floor":39,"turns":4},{"damage":0,"enemies":"Spire Growth","floor":42,"turns":3},{"damage":5,"enemies":"4 Shapes","floor":44,"turns":4},{"damage":10,"enemies":"Nemesis","floor":45,"turns":3},{"damage":0,"enemies":"Maw","floor":48,"turns":3},{"damage":15,"enemies":"Donu and Deca","floor":50,"turns":7},{"damage":8,"enemies":"Shield and Spear","floor":54,"turns":4},{"damage":38,"enemies":"The Heart","floor":55,"turns":6}],"seed_played":"4925225933299810522","potions_obtained":[{"floor":1,"key":"SneckoOil"},{"floor":3,"key":"Explosive Potion"},{"floor":8,"key":"Energy Potion"},{"floor":11,"key":"Energy Potion"},{"floor":16,"key":"Block Potion"},{"floor":27,"key":"Poison Potion"},{"floor":30,"key":"Weak Potion"},{"floor":31,"key":"LiquidBronze"},{"floor":44,"key":"AttackPotion"},{"floor":45,"key":"SpeedPotion"}],"is_trial":false,"path_per_floor":["M","?","M","$","M","R","M","E","T","R","M","M","$","M","R","B",null,"M","$","?","?","$","E","R","M","T","E","R","$","M","M","R","B",null,"M","$","M","$","M","R","$","M","T","M","E","?","R","M","R","B",null,"R","$","E","B",null],"character_chosen":"THE_SILENT","items_purchased":["Well Laid Plans","Block Potion","Swift Potion"],"campfire_rested":0,"item_purchase_floors":[36,53,53],"current_hp_per_floor":[53,53,51,51,51,51,46,32,32,32,32,30,30,23,23,23,55,54,54,54,54,54,54,54,36,46,23,23,23,8,4,4,3,58,48,48,46,46,46,46,46,46,46,41,31,31,31,31,31,16,61,61,61,53,15],"gold":73,"neow_bonus":"HUNDRED_GOLD","is_prod":false,"is_daily":false,"chose_seed":false,"campfire_upgraded":9,"win_rate":0,"timestamp":1551861494,"path_taken":["M","?","M","$","M","R","M","E","T","R","M","?","$","M","R","BOSS","M","$","?","?","?","E","R","M","T","E","R","$","M","?","R","BOSS","M","$","M","$","M","R","$","M","T","M","E","?","R","?","R","BOSS","R","$","E","BOSS"],"build_version":"2019-01-23","purchased_purges":7,"victory":true,"max_hp_per_floor":[66,66,66,66,66,66,66,66,66,66,66,66,66,66,66,66,66,66,66,66,66,66,66,66,66,76,76,76,76,76,76,76,76,76,76,76,76,76,76,76,76,76,76,76,76,76,76,76,76,76,76,76,76,76,76],"card_choices":[{"not_picked":["Dagger Spray","PiercingWail"],"picked":"Bouncing Flask","floor":1},{"not_picked":["Expertise","Flying Knee","Dodge and Roll"],"picked":"SKIP","floor":3},{"not_picked":["Envenom","Heel Hook"],"picked":"Acrobatics","floor":5},{"not_picked":["Distraction","Flying Knee"],"picked":"Backflip","floor":7},{"not_picked":["Underhanded Strike","Dodge and Roll","Endless Agony"],"picked":"SKIP","floor":8},{"not_picked":["Sucker Punch","Slice","Leg Sweep"],"picked":"SKIP","floor":11},{"not_picked":["Skewer","Prepared","All Out Attack"],"picked":"SKIP","floor":12},{"not_picked":["Backflip","Bouncing Flask","Quick Slash"],"picked":"SKIP","floor":14},{"not_picked":["Malaise","Venomology"],"picked":"After Image","floor":16},{"not_picked":["Setup","Flying Knee+1","Sucker Punch"],"picked":"SKIP","floor":18},{"not_picked":["Dodge and Roll","Bane","Riddle With Holes"],"picked":"SKIP","floor":23},{"not_picked":["Dodge and Roll","Outmaneuver"],"picked":"Catalyst","floor":25},{"not_picked":["Leg Sweep","Cloak And Dagger","Deadly Poison"],"picked":"SKIP","floor":27},{"not_picked":["Deflect","PiercingWail","Dagger Spray"],"picked":"SKIP","floor":30},{"not_picked":["Concentrate","Blade Dance","Backflip"],"picked":"SKIP","floor":31},{"not_picked":["Doppelganger","A Thousand Cuts"],"picked":"Night Terror","floor":33},{"not_picked":["Eviscerate","Skewer+1"],"picked":"Deflect+1","floor":35},{"not_picked":["Deflect","Dagger Spray+1","Masterful Stab+1"],"picked":"SKIP","floor":37},{"not_picked":["Bouncing Flask+1","Leg Sweep+1","Poisoned Stab+1"],"picked":"SKIP","floor":39},{"not_picked":["Deflect+1","Bane+1","Acrobatics"],"picked":"SKIP","floor":42},{"not_picked":["Eviscerate","Underhanded Strike","Accuracy"],"picked":"SKIP","floor":44},{"not_picked":["Dagger Spray","Quick Slash","Sucker Punch"],"picked":"SKIP","floor":45},{"not_picked":["Dash+1","Backflip","All Out Attack+1"],"picked":"SKIP","floor":48},{"not_picked":["Deflect","Bane","A Thousand Cuts"],"picked":"SKIP","floor":54}],"player_experience":1135226,"relics_obtained":[{"floor":8,"key":"Bottled Flame"},{"floor":9,"key":"War Paint"},{"floor":23,"key":"Bronze Scales"},{"floor":26,"key":"Pear"},{"floor":27,"key":"Smiling Mask"},{"floor":45,"key":"Anchor"},{"floor":54,"key":"Vajra"}],"event_choices":[{"damage_healed":0,"gold_gain":0,"player_choice":"Rummage","damage_taken":0,"relics_obtained":["WarpedTongs"],"max_hp_gain":0,"max_hp_loss":0,"event_name":"Accursed Blacksmith","floor":2,"gold_loss":0,"cards_obtained":["Pain"]},{"cards_removed":["Strike_G"],"damage_healed":0,"gold_gain":0,"player_choice":"Elegance","damage_taken":0,"max_hp_gain":0,"max_hp_loss":0,"event_name":"Back to Basics","floor":20,"gold_loss":0},{"damage_healed":0,"gold_gain":0,"player_choice":"Obtained Relic","damage_taken":0,"relics_obtained":["Centennial Puzzle"],"max_hp_gain":0,"max_hp_loss":0,"event_name":"Addict","floor":21,"gold_loss":85},{"cards_removed":["Underhanded Strike"],"damage_healed":0,"gold_gain":0,"player_choice":"Purged","damage_taken":0,"max_hp_gain":0,"max_hp_loss":0,"event_name":"Purifier","floor":46,"gold_loss":0}],"is_beta":false,"boss_relics":[{"not_picked":["WristBlade","HoveringKite"],"picked":"Coffee Dripper"},{"not_picked":["Tiny House","Black Star"],"picked":"Pandora\u0027s Box"}],"items_purged_floors":[4,13,19,29,36,38,41],"is_endless":false,"potions_floor_spawned":[1,3,8,11,16,27,30,31,35,44,45],"ascension_level":15}