{"gold_per_floor":[112,112,37,137,150,177,177,177,177,177,147,97,97,123,123,220,220,237,237,112,127,127,127,145,174,197,214,224,224,99,99,99,195,195,213,213,213,213,224,224,250,100,100,110,110,123,153,171,171,171],"floor_reached":51,"playtime":1691,"items_purged":["Defend_B","Strike_B","Defend_B","Zap+1"],"score":1084,"play_id":"dccd1cd8-c035-4b46-9574-9ef5d943d0aa","local_time":"20180714110219","is_ascension_mode":true,"campfire_choices":[{"data":"Zap","floor":7,"key":"SMITH"},{"floor":10,"key":"REST"},{"floor":13,"key":"REST"},{"data":"Gash","floor":15,"key":"SMITH"},{"floor":23,"key":"REST"},{"floor":29,"key":"REST"},{"data":"Skim","floor":32,"key":"SMITH"},{"data":"Gash","floor":40,"key":"SMITH"},{"data":"Glacier","floor":45,"key":"SMITH"},{"floor":49,"key":"REST"}],"neow_cost":"TEN_PERCENT_HP_LOSS","seed_source_timestamp":141734441265918,"circlet_count":0,"master_deck":["Glacier+1","Gash+1","Skim+1","Compile Driver+1","Gash+1"],"relics":["Cracked Core","Gambling Chip","Symbiotic Virus","Juzu Bracelet","Sozu","Torii","Vajra","Empty Cage","Whetstone","Strawberry","Turnip"],"potions_floor_usage":[6,14,25,25],"damage_taken":[{"damage":1,"enemies":"2 Louse","floor":1,"turns":2},{"damage":0,"enemies":"Cultist","floor":5,"turns":4},{"damage":51,"enemies":"Gremlin Nob","floor":6,"turns":5},{"damage":0,"enemies":"3 Sentries","floor":14,"turns":7},{"damage":13,"enemies":"The Guardian","floor":16,"turns":10},{"damage":0,"enemies":"Chosen","floor":18,"turns":5},{"damage":9,"enemies":"Shell Parasite","floor":21,"turns":2},{"damage":0,"enemies":"3 Cultists","floor":24,"turns":2},{"damage":23,"enemies":"Gremlin Leader","floor":25,"turns":3},{"damage":1,"enemies":"Centurion and Healer","floor":27,"turns":3},{"damage":12,"enemies":"Chosen and Byrds","floor":28,"turns":2},{"damage":16,"enemies":"Champ","floor":33,"turns":3},{"damage":0,"enemies":"Flame Bruiser 1 Orb","floor":35,"turns":2},{"damage":1,"enemies":"Orb Walker","floor":39,"turns":2},{"damage":0,"enemies":"Giant Head","floor":41,"turns":2},{"damage":0,"enemies":"4 Shapes","floor":44,"turns":4},{"damage":0,"enemies":"Sphere and 2 Shapes","floor":46,"turns":2},{"damage":8,"enemies":"Nemesis","floor":47,"turns":3},{"damage":0,"enemies":"3 Darklings","floor":48,"turns":2},{"damage":15,"enemies":"Time Eater","floor":50,"turns":5}],"seed_played":"-1615943777829741955","potions_obtained":[{"floor":5,"key":"LiquidBronze"},{"floor":11,"key":"Swift Potion"},{"floor":11,"key":"Energy Potion"},{"floor":16,"key":"FearPotion"}],"is_trial":false,"path_per_floor":["M","?","$","?","M","E","R","?","T","R","?","?","R","E","R","B",null,"M","?","$","M","?","R","M","E","T","M","M","R","$","?","R","B",null,"M","?","?","?","M","R","E","$","T","M","R","M","E","M","R","B"],"character_chosen":"DEFECT","items_purchased":["Compile Driver"],"campfire_rested":5,"item_purchase_floors":[20],"current_hp_per_floor":[67,67,67,67,67,16,16,9,9,29,29,29,49,49,49,36,60,60,48,48,39,39,60,60,37,37,36,24,45,45,38,38,22,60,60,60,60,60,59,59,59,59,66,66,66,66,58,58,80,65],"gold":171,"neow_bonus":"REMOVE_TWO","is_prod":false,"is_daily":false,"chose_seed":false,"campfire_upgraded":5,"win_rate":0,"timestamp":1531537339,"path_taken":["M","?","$","?","?","E","R","?","T","R","?","?","R","E","R","BOSS","M","?","$","M","?","R","M","E","T","M","M","R","$","?","R","BOSS","M","?","?","?","M","R","E","$","T","M","R","M","E","M","R","BOSS"],"build_version":"2018-07-12","purchased_purges":4,"victory":true,"max_hp_per_floor":[68,68,68,68,68,68,68,68,68,68,68,68,68,68,68,68,68,68,73,73,73,73,73,73,73,73,73,73,73,73,73,73,73,73,73,73,73,73,73,73,73,73,80,80,80,80,80,80,80,80],"card_choices":[{"not_picked":["Go for the Eyes","Stack","Ball Lightning"],"picked":"SKIP","floor":1},{"not_picked":["Auto Shields","Sweeping Beam","Rebound"],"picked":"SKIP","floor":5},{"not_picked":["Conserve Battery","Tempest","Storm"],"picked":"SKIP","floor":6},{"not_picked":["Coolheaded","Fission"],"picked":"Gash","floor":14},{"not_picked":["Core Surge","Creative AI"],"picked":"Reboot","floor":16},{"not_picked":["Darkness","Streamline"],"picked":"Skim","floor":18},{"not_picked":["Go for the Eyes+1","Barrage+1","Redo+1"],"picked":"SKIP","floor":21},{"not_picked":["Recycle","Streamline","Conserve Battery"],"picked":"SKIP","floor":24},{"not_picked":["Thunder Strike","Conserve Battery+1","Redo+1"],"picked":"SKIP","floor":25},{"not_picked":["Steam Power","Go for the Eyes"],"picked":"Gash","floor":27},{"not_picked":["Sweeping Beam","Undo","Rip and Tear+1"],"picked":"SKIP","floor":28},{"not_picked":["Loop+1","Steam","Double Energy+1"],"picked":"SKIP","floor":35},{"not_picked":["Streamline+1","Ball Lightning","Compile Driver"],"picked":"SKIP","floor":39},{"not_picked":["Blizzard+1","Redo+1","Sunder+1"],"picked":"SKIP","floor":41},{"not_picked":["Turbo","Gash","Defragment"],"picked":"SKIP","floor":44},{"not_picked":["Loop","Rebound","Barrage"],"picked":"SKIP","floor":46},{"not_picked":["Seek","Recycle","Undo+1"],"picked":"SKIP","floor":47},{"not_picked":["Barrage+1","Redo","Cold Snap+1"],"picked":"SKIP","floor":48}],"player_experience":291951,"relics_obtained":[{"floor":6,"key":"Gambling Chip"},{"floor":9,"key":"Symbiotic Virus"},{"floor":14,"key":"Juzu Bracelet"},{"floor":25,"key":"Torii"},{"floor":26,"key":"Vajra"},{"floor":41,"key":"Whetstone"},{"floor":43,"key":"Strawberry"},{"floor":47,"key":"Turnip"}],"event_choices":[{"event_name":"Transmorgrifier","player_choice":"Transform","floor":2,"damage_taken":0},{"event_name":"Golden Shrine","player_choice":"Pray","floor":4,"damage_taken":0},{"event_name":"Golden Wing","player_choice":"Card Removal","floor":8,"damage_taken":0},{"event_name":"The Woman in Blue","player_choice":"Bought 2 Potions","floor":11,"damage_taken":0},{"event_name":"The Cleric","player_choice":"Card Removal","floor":12,"damage_taken":0},{"event_name":"Forgotten Altar","player_choice":"Shed Blood","floor":19,"damage_taken":0},{"event_name":"Ghosts","player_choice":"Ignored","floor":22,"damage_taken":0},{"event_name":"Knowing Skull","player_choice":"","floor":31,"damage_taken":0},{"event_name":"SensoryStone","player_choice":"Memory 1","floor":36,"damage_taken":0},{"event_name":"Match and Keep!","player_choice":"0 cards matched","floor":37,"damage_taken":0},{"event_name":"Tomb of Lord Red Mask","player_choice":"Ignored","floor":38,"damage_taken":0}],"boss_relics":[{"not_picked":["Snecko Eye","Philosopher\u0027s Stone"],"picked":"Sozu"},{"not_picked":["Busted Crown","FrozenCore"],"picked":"Empty Cage"}],"items_purged_floors":[3,20,30,42],"is_endless":false,"potions_floor_spawned":[5,16,21,24,27,39,41,44,48],"ascension_level":7}