{"gold_per_floor":[366,366,382,43,59,59,77,103,103,128,140,140,140,157,157,233,233,250,250,265,279,0,0],"floor_reached":23,"playtime":1800,"items_purged":[],"score":406,"play_id":"7efd68c9-6cd1-4969-95ce-a9d6b9a3309c","local_time":"20190428002114","is_ascension_mode":true,"campfire_choices":[{"floor":6.0,"key":"REST"},{"floor":12.0,"key":"REST"},{"data":"Discovery","floor":15.0,"key":"SMITH"}],"neow_cost":"PERCENT_DAMAGE","seed_source_timestamp":1088697117291600,"circlet_count":0,"master_deck":["AscendersBane","Defend_G","Defend_G","Defend_G","Defend_G","Defend_G","Strike_G","Strike_G","Survivor","Neutralize","Poisoned Stab","Footwork","Discovery+1","Footwork","Dodge and Roll","Terror","Well Laid Plans","Die Die Die","Bouncing Flask","Deflect","Burst","Dagger Spray+1","Slice+1","Backflip"],"special_seed":0,"relics":["Ring of the Serpent","Oddly Smooth Stone","Smiling Mask","Gremlin Horn","Dodecahedron"],"potions_floor_usage":[],"damage_taken":[{"damage":10.0,"enemies":"Jaw Worm","floor":1.0,"turns":8.0},{"damage":1.0,"enemies":"Cultist","floor":3.0,"turns":4.0},{"damage":0.0,"enemies":"2 Louse","floor":5.0,"turns":4.0},{"damage":0.0,"enemies":"Exordium Thugs","floor":7.0,"turns":8.0},{"damage":11.0,"enemies":"Lagavulin","floor":8.0,"turns":6.0},{"damage":17.0,"enemies":"3 Sentries","floor":10.0,"turns":15.0},{"damage":0.0,"enemies":"Lots of Slimes","floor":11.0,"turns":1.0},{"damage":0.0,"enemies":"3 Louse","floor":14.0,"turns":3.0},{"damage":27.0,"enemies":"Slime Boss","floor":16.0,"turns":11.0},{"damage":1.0,"enemies":"Shell Parasite","floor":18.0,"turns":8.0},{"damage":15.0,"enemies":"2 Thieves","floor":20.0,"turns":3.0},{"damage":14.0,"enemies":"Cultist and Chosen","floor":21.0,"turns":7.0},{"damage":44,"enemies":"Slavers","floor":23,"turns":3}],"seed_played":"-2998715620269217021","potions_obtained":[{"floor":3.0,"key":"Fire Potion"},{"floor":5.0,"key":"Fire Potion"},{"floor":7.0,"key":"SkillPotion"},{"floor":10.0,"key":"AttackPotion"},{"floor":16.0,"key":"Regen Potion"},{"floor":18.0,"key":"Weak Potion"},{"floor":20.0,"key":"Block Potion"}],"is_trial":false,"path_per_floor":["M","?","M","$","M","R","M","E","T","E","M","R","?","M","R","B",null,"M","?","M","M","?","E"],"character_chosen":"THE_SILENT","items_purchased":["Discovery","Footwork","Oddly Smooth Stone"],"campfire_rested":2,"item_purchase_floors":[4,4,4],"current_hp_per_floor":[34,34,33,33,33,52,52,41,41,24,24,43,36,36,36,9,52,66,66,51,37,37,0],"gold":0,"neow_bonus":"TWO_FIFTY_GOLD","is_prod":false,"is_daily":false,"chose_seed":false,"campfire_upgraded":1,"win_rate":0,"timestamp":1556425274,"path_taken":["M","?","?","?","M","R","M","E","T","E","M","R","?","M","R","BOSS","M","?","?","M","?","E"],"build_version":"2019-04-23","purchased_purges":0,"victory":false,"max_hp_per_floor":[66,66,66,66,66,66,66,66,66,66,66,66,66,66,66,66,66,66,66,66,66,66,66],"card_choices":[{"not_picked":["Dagger Spray","Prepared"],"picked":"Poisoned Stab","floor":1.0},{"not_picked":["Dagger Spray","Terror"],"picked":"Footwork","floor":3.0},{"not_picked":["Sucker Punch","Quick Slash"],"picked":"Dodge and Roll","floor":5.0},{"not_picked":["Prepared","Predator"],"picked":"Terror","floor":7.0},{"not_picked":["Dash","PiercingWail"],"picked":"Well Laid Plans","floor":8.0},{"not_picked":["Dodge and Roll","Flechettes"],"picked":"Die Die Die","floor":10.0},{"not_picked":["Endless Agony","Deflect"],"picked":"Bouncing Flask","floor":11.0},{"not_picked":["Dagger Throw","Underhanded Strike"],"picked":"Deflect","floor":14.0},{"not_picked":["Bullet Time","Phantasmal Killer"],"picked":"Burst","floor":16.0},{"not_picked":["Heel Hook","Cloak And Dagger"],"picked":"Dagger Spray+1","floor":18.0},{"not_picked":["PiercingWail","Cloak And Dagger"],"picked":"Slice+1","floor":20.0},{"not_picked":["Well Laid Plans","Dodge and Roll"],"picked":"Backflip","floor":21.0}],"player_experience":1382394,"relics_obtained":[{"floor":8.0,"key":"Smiling Mask"},{"floor":9.0,"key":"Gremlin Horn"},{"floor":10.0,"key":"Dodecahedron"}],"event_choices":[{"cards_removed":["Strike_G"],"damage_healed":0.0,"max_hp_gain":0.0,"max_hp_loss":0.0,"gold_gain":0.0,"event_name":"Bonfire Elementals","player_choice":"Offered Basic","floor":2.0,"gold_loss":0.0,"damage_taken":0.0},{"cards_removed":["Strike_G"],"damage_healed":0.0,"max_hp_gain":0.0,"max_hp_loss":0.0,"gold_gain":0.0,"event_name":"Golden Wing","player_choice":"Card Removal","floor":13.0,"gold_loss":0.0,"damage_taken":7.0},{"cards_removed":["Strike_G"],"damage_healed":0.0,"max_hp_gain":0.0,"max_hp_loss":0.0,"gold_gain":0.0,"event_name":"Purifier","player_choice":"Purged","floor":19.0,"gold_loss":0.0,"damage_taken":0.0},{"damage_healed":0,"gold_gain":0,"player_choice":"Paid Fearfully","damage_taken":0,"max_hp_gain":0,"max_hp_loss":0,"event_name":"Masked Bandits","floor":22,"gold_loss":279}],"is_beta":true,"boss_relics":[{"not_picked":["Lizard Tail","Cursed Key"],"picked":"Ring of the Serpent"}],"items_purged_floors":[],"is_endless":false,"potions_floor_spawned":[3,5,7,10,11,16,18,20],"killed_by":"Slavers","ascension_level":20}