{"path_per_floor":["M","M","M","?","M","R","?","R","T","M","E","R","T","E","R","B",null,"M","$","M","?","?","R","E","?","T","E","?","$","M","M","R","B",null,"M","?","?","$","?","R","E","R","T","M","E","?","M","?","R","B"],"character_chosen":"DEFECT","items_purchased":["Master of Strategy","Master of Strategy","Letter Opener","Regen Potion"],"gold_per_floor":[14,27,37,37,55,55,55,55,82,98,131,131,131,160,160,256,256,270,62,80,109,109,109,144,244,292,317,240,39,56,76,76,179,179,192,245,467,72,72,72,100,100,100,115,148,148,164,164,164,164],"floor_reached":51,"campfire_rested":2,"playtime":2470,"current_hp_per_floor":[79,67,66,66,50,50,79,79,79,78,70,70,70,70,70,28,74,50,50,38,25,32,75,57,57,57,21,21,21,30,31,74,23,78,75,62,62,62,62,62,74,74,74,81,69,69,66,96,96,38],"items_purged":["Defend_B"],"gold":164,"score":1186,"play_id":"1e9bdfb2-09f8-4333-a89d-786c55d955be","local_time":"20180517105839","is_prod":false,"is_daily":false,"chose_seed":false,"is_ascension_mode":true,"campfire_upgraded":7,"timestamp":1526569119,"campfire_choices":[{"data":"Turbo","floor":6,"key":"SMITH"},{"data":"Lockon","floor":8,"key":"SMITH"},{"data":"Double Energy","floor":12,"key":"SMITH"},{"data":"Sweeping Beam","floor":15,"key":"SMITH"},{"floor":23,"key":"REST"},{"floor":32,"key":"REST"},{"data":"Barrage","floor":40,"key":"SMITH"},{"data":"J.A.X.","floor":42,"key":"SMITH"},{"data":"Machine Learning","floor":49,"key":"SMITH"}],"path_taken":["M","M","M","?","M","R","?","R","T","?","E","R","?","E","R","BOSS","M","$","M","?","?","R","E","?","T","E","?","$","M","M","R","BOSS","M","?","?","$","?","R","E","R","T","M","E","?","M","?","R","BOSS"],"build_version":"2018-05-16","seed_source_timestamp":97233031766326,"purchased_purges":1,"victory":true,"master_deck":["Strike_B","Strike_B","Strike_B","Strike_B","Defend_B","Defend_B","Zap","Dualcast","Turbo+1","Skim","BootSequence","Lockon+1","Ball Lightning","Double Energy+1","Sweeping Beam+1","Machine Learning+1","Ball Lightning+1","Master of Strategy+1","Undo","Barrage+1","Beam Cell","Glacier","J.A.X.+1","Master of Strategy+1","Beam Cell+1","Reboot","Self Repair+1","Hologram+1","Hologram+1","Melter+1","Writhe"],"max_hp_per_floor":[89,89,89,89,89,89,89,89,89,89,89,89,89,89,89,89,89,89,89,89,89,96,96,96,96,96,96,96,96,96,96,96,96,96,96,96,96,96,96,96,96,96,96,96,96,96,96,102,102,102],"relics":["Cracked Core","Bag of Preparation","Regal Pillow","Symbiotic Virus","Darkstone Periapt","Black Star","Red Mask","Strawberry","Potion Belt","Juzu Bracelet","Orichalcum","Meat on the Bone","Gremlin Horn","Inserter","Thread and Needle","Letter Opener","Shuriken","Dodecahedron","Happy Flower","Pen Nib","War Paint"],"card_choices":[{"not_picked":["Skim","Hello World"],"picked":"Turbo","floor":1},{"not_picked":["Fusion","Beam Cell"],"picked":"Skim","floor":2},{"not_picked":["Go for the Eyes","Cold Snap"],"picked":"BootSequence","floor":3},{"not_picked":["Force Field","Scrape"],"picked":"Lockon","floor":5},{"not_picked":["Beam Cell","Steam"],"picked":"Ball Lightning","floor":10},{"not_picked":["Genetic Algorithm","Lockon"],"picked":"Double Energy","floor":11},{"not_picked":["Hyperbeam","Barrage"],"picked":"Sweeping Beam","floor":14},{"not_picked":["Multi-Cast","Buffer"],"picked":"Machine Learning","floor":16},{"not_picked":["Capacitor","Auto Shields"],"picked":"Ball Lightning+1","floor":18},{"not_picked":["Stack","Axe Kick"],"picked":"Undo","floor":20},{"not_picked":["Tempest","Auto Shields"],"picked":"Barrage","floor":21},{"not_picked":["Auto Shields","Streamline"],"picked":"Beam Cell","floor":24},{"not_picked":["Machine Learning","Gash+1"],"picked":"Glacier","floor":27},{"not_picked":["Blizzard","Leap"],"picked":"Beam Cell+1","floor":30},{"not_picked":["Axe Kick","Steam Power","Loop"],"picked":"SKIP","floor":31},{"not_picked":["Fission","Machine Learning"],"picked":"Reboot","floor":33},{"not_picked":["Turbo","Sunder+1"],"picked":"Self Repair+1","floor":35},{"not_picked":["Turbo+1","Loop+1"],"picked":"Hologram+1","floor":36},{"not_picked":["Go for the Eyes","Ball Lightning","Amplify"],"picked":"SKIP","floor":41},{"not_picked":["Beam Cell+1","Capacitor"],"picked":"Hologram+1","floor":44},{"not_picked":["Beam Cell","Cold Snap+1","Glacier"],"picked":"SKIP","floor":45},{"not_picked":["Skim","Barrage"],"picked":"Melter+1","floor":47}],"player_experience":95023,"potions_floor_usage":[5,14,14,16,21,27,33,41,44,50],"damage_taken":[{"damage":3,"enemies":"2 Louse","floor":1,"turns":3},{"damage":12,"enemies":"Jaw Worm","floor":2,"turns":3},{"damage":1,"enemies":"Cultist","floor":3,"turns":3},{"damage":16,"enemies":"Blue Slaver","floor":5,"turns":4},{"damage":1,"enemies":"Looter","floor":10,"turns":2},{"damage":8,"enemies":"Gremlin Nob","floor":11,"turns":3},{"damage":0,"enemies":"3 Sentries","floor":14,"turns":3},{"damage":42,"enemies":"Hexaghost","floor":16,"turns":8},{"damage":24,"enemies":"Spheric Guardian","floor":18,"turns":4},{"damage":12,"enemies":"Chosen","floor":20,"turns":3},{"damage":13,"enemies":"Masked Bandits","floor":21,"turns":3},{"damage":18,"enemies":"Slavers","floor":24,"turns":4},{"damage":36,"enemies":"Gremlin Leader","floor":27,"turns":6},{"damage":3,"enemies":"Slaver and Parasite","floor":30,"turns":4},{"damage":11,"enemies":"Cultist and Chosen","floor":31,"turns":4},{"damage":78,"enemies":"Collector","floor":33,"turns":8},{"damage":3,"enemies":"3 Shapes","floor":35,"turns":1},{"damage":23,"enemies":"Mysterious Sphere","floor":36,"turns":4},{"damage":3,"enemies":"2 Orb Walkers","floor":41,"turns":2},{"damage":3,"enemies":"Flame Bruiser 1 Orb","floor":44,"turns":4},{"damage":22,"enemies":"Nemesis","floor":45,"turns":5},{"damage":3,"enemies":"Sphere and 2 Shapes","floor":47,"turns":2},{"damage":70,"enemies":"Awakened One","floor":50,"turns":12}],"relics_obtained":[{"floor":9,"key":"Bag of Preparation"},{"floor":11,"key":"Regal Pillow"},{"floor":13,"key":"Symbiotic Virus"},{"floor":14,"key":"Darkstone Periapt"},{"floor":21,"key":"Red Mask"},{"floor":24,"key":"Potion Belt"},{"floor":24,"key":"Juzu Bracelet"},{"floor":26,"key":"Orichalcum"},{"floor":27,"key":"Meat on the Bone"},{"floor":27,"key":"Gremlin Horn"},{"floor":36,"key":"Thread and Needle"},{"floor":41,"key":"Shuriken"},{"floor":41,"key":"Dodecahedron"},{"floor":43,"key":"Happy Flower"},{"floor":45,"key":"Pen Nib"},{"floor":45,"key":"War Paint"}],"event_choices":[{"event_name":"Golden Wing","player_choice":"Ignored","floor":4,"damage_taken":0},{"event_name":"Big Fish","player_choice":"Banana","floor":7,"damage_taken":0},{"event_name":"Masked Bandits","player_choice":"Fought over 80 gold","floor":21,"damage_taken":0},{"event_name":"Wheel of Change","player_choice":"Relic","floor":22,"damage_taken":0},{"event_name":"Golden Shrine","player_choice":"Pray","floor":25,"damage_taken":0},{"event_name":"Drug Dealer","player_choice":"Got JAXXED","floor":28,"damage_taken":0},{"event_name":"Mysterious Sphere","player_choice":"Fight","floor":36,"damage_taken":0},{"event_name":"Tomb of Lord Red Mask","player_choice":"Wore Mask","floor":37,"damage_taken":0},{"event_name":"SecretPortal","player_choice":"Rejected Portal.","floor":39,"damage_taken":0},{"event_name":"Winding Halls","player_choice":"Writhe","floor":48,"damage_taken":0}],"boss_relics":[{"not_picked":["Orrery","Philosopher\u0027s Stone"],"picked":"Black Star"},{"not_picked":["Runic Dome","Cursed Key"],"picked":"Inserter"}],"potions_floor_spawned":[2,3,11,14,20,21,31,36,47],"seed_played":"4638516949508824761","ascension_level":9,"potions_obtained":[{"floor":2,"key":"GamblersBrew"},{"floor":3,"key":"LiquidBronze"},{"floor":11,"key":"EssenceOfSteel"},{"floor":14,"key":"SpeedPotion"},{"floor":20,"key":"SkillPotion"},{"floor":21,"key":"Explosive Potion"},{"floor":31,"key":"Regen Potion"},{"floor":36,"key":"Weak Potion"},{"floor":47,"key":"SpeedPotion"}],"is_trial":false}