{"path_per_floor":["M","M","M","M","$","E","?","R","T","R","M","R","T","?","R","B",null,"M","?","$","?","M","E"],"character_chosen":"THE_SILENT","items_purchased":["Infinite Blades"],"gold_per_floor":[114,134,146,161,6,39,39,39,63,63,83,83,83,83,83,188,188,206,206,106,106,120,151,151],"floor_reached":24,"campfire_rested":1,"playtime":925,"item_purchase_floors":[5],"current_hp_per_floor":[63,62,56,52,52,29,29,29,29,29,24,24,24,11,29,27,63,25,25,25,25,8,9,0],"items_purged":["Strike_G","Strike_G"],"gold":151,"score":246,"play_id":"c18a998c-df2c-45f5-bc48-ddcdfed18fee","local_time":"20180528002649","is_prod":false,"is_daily":false,"chose_seed":false,"is_ascension_mode":true,"campfire_upgraded":1,"win_rate":0,"timestamp":1527438409,"campfire_choices":[{"data":"Strike_G","floor":8,"key":"PURGE"},{"data":"Strike_G","floor":10,"key":"PURGE"},{"data":"Backflip","floor":12,"key":"SMITH"},{"floor":15,"key":"REST"}],"path_taken":["M","?","M","?","$","E","?","R","T","R","M","R","?","?","R","BOSS","M","?","$","?","M","E","?"],"build_version":"2018-05-24","seed_source_timestamp":1090119380236151,"purchased_purges":2,"victory":false,"master_deck":["Defend_G","Defend_G","Defend_G","Defend_G","Defend_G","Strike_G+1","Survivor","Neutralize","Accuracy+1","Infinite Blades","Reflex","Dagger Throw","Infinite Blades+1","Backflip+1","Tactician","PiercingWail","Writhe","Dagger Throw+1","Choke"],"max_hp_per_floor":[63,63,63,63,63,63,63,63,63,63,63,63,63,63,63,63,63,63,63,63,63,63,63,63],"relics":["Ring of the Snake","Peace Pipe","Boot","Snake Skull","Bottled Tornado","Lizard Tail","Bronze Scales","Blood Vial","Art of War"],"card_choices":[{"not_picked":["Choke","Acrobatics"],"picked":"Accuracy","floor":1},{"not_picked":["Underhanded Strike","Well Laid Plans"],"picked":"Infinite Blades","floor":2},{"not_picked":["Sucker Punch","Bane"],"picked":"Reflex","floor":3},{"not_picked":["Bane","Deadly Poison"],"picked":"Dagger Throw","floor":4},{"not_picked":["Dagger Throw","Quick Slash","Skewer"],"picked":"SKIP","floor":6},{"not_picked":["Deflect","Skewer"],"picked":"Backflip","floor":11},{"not_picked":["Tools of the Trade","Doppelganger"],"picked":"Tactician","floor":16},{"not_picked":["Sucker Punch","Outmaneuver"],"picked":"PiercingWail","floor":18},{"not_picked":["Dagger Spray","Deadly Poison"],"picked":"Dagger Throw+1","floor":22},{"not_picked":["Acrobatics","Outmaneuver+1"],"picked":"Choke","floor":23}],"player_experience":188024,"potions_floor_usage":[6,6,16],"damage_taken":[{"damage":0,"enemies":"Cultist","floor":1,"turns":3},{"damage":1,"enemies":"2 Louse","floor":2,"turns":4},{"damage":6,"enemies":"Small Slimes","floor":3,"turns":4},{"damage":4,"enemies":"Blue Slaver","floor":4,"turns":5},{"damage":23,"enemies":"Gremlin Nob","floor":6,"turns":4},{"damage":5,"enemies":"Large Slime","floor":11,"turns":5},{"damage":2,"enemies":"Hexaghost","floor":16,"turns":9},{"damage":38,"enemies":"Chosen","floor":18,"turns":6},{"damage":19,"enemies":"Spheric Guardian","floor":22,"turns":5},{"damage":33,"enemies":"Book of Stabbing","floor":23,"turns":6},{"damage":15,"enemies":"3 Cultists","floor":24,"turns":3}],"relics_obtained":[{"floor":6,"key":"Boot"},{"floor":9,"key":"Snake Skull"},{"floor":13,"key":"Bottled Tornado"},{"floor":23,"key":"Art of War"}],"event_choices":[{"event_name":"Accursed Blacksmith","player_choice":"Forge","floor":7,"damage_taken":0},{"event_name":"Shining Light","player_choice":"Entered Light","floor":14,"damage_taken":0},{"event_name":"Wheel of Change","player_choice":"Relic","floor":19,"damage_taken":0},{"event_name":"The Mausoleum","player_choice":"Yes","floor":21,"damage_taken":0}],"boss_relics":[{"not_picked":["Sozu","Velvet Choker"],"picked":"Lizard Tail"}],"items_purged_floors":[5,20],"potions_floor_spawned":[1,4,6],"seed_played":"1905126919263457278","killed_by":"3 Cultists","ascension_level":3,"potions_obtained":[{"floor":1,"key":"SteroidPotion"},{"floor":4,"key":"PowerPotion"},{"floor":6,"key":"FearPotion"}],"is_trial":false}