{"gold_per_floor":[110,285,285,285,303,303,332,332,332,42,77,105,125,135,135,236,236,255,255,271,271,283,283,315,315,315,101,101,126,142,161,161,161],"floor_reached":33,"playtime":1372,"items_purged":["Pain"],"score":454,"play_id":"3f20a117-a59e-4f15-bd69-a663dde7eb0c","local_time":"20190410161540","is_ascension_mode":true,"campfire_choices":[{"data":"Bouncing Flask","floor":6,"key":"SMITH"},{"floor":8,"key":"REST"},{"floor":15,"key":"REST"},{"floor":23,"key":"REST"},{"floor":25,"key":"REST"},{"floor":28,"key":"REST"},{"floor":32,"key":"REST"}],"neow_cost":"NONE","seed_source_timestamp":22055104620334,"circlet_count":0,"master_deck":["AscendersBane","Defend_G","Defend_G","Defend_G","Defend_G","Strike_G+1","Strike_G","Strike_G+1","Strike_G","Strike_G","Survivor","Neutralize","Tactician","Bouncing Flask+1","Blur","Backstab+1","Poisoned Stab+1","Noxious Fumes","Poisoned Stab+1","Prepared","Slice+1","Corpse Explosion","Deflect+1","Venomology","Sucker Punch+1","Underhanded Strike+1","Bane+1","Calculated Gamble+1","Backflip+1","Quick Slash+1","Dodge and Roll+1","Distraction+1","Deflect+1"],"relics":["Ring of the Snake","Orichalcum","Boot","Molten Egg 2","ClockworkSouvenir","Whetstone","Odd Mushroom","Cursed Key","Tingsha","Toxic Egg 2","Meat on the Bone"],"potions_floor_usage":[7,7,14,22,22,24,29,30,31,33,33],"damage_taken":[{"damage":0,"enemies":"2 Louse","floor":1,"turns":4},{"damage":4,"enemies":"Small Slimes","floor":5,"turns":4},{"damage":10,"enemies":"Gremlin Nob","floor":7,"turns":3},{"damage":24,"enemies":"Lagavulin","floor":11,"turns":5},{"damage":11,"enemies":"The Mushroom Lair","floor":12,"turns":4},{"damage":0,"enemies":"Cultist","floor":13,"turns":2},{"damage":7,"enemies":"Large Slime","floor":14,"turns":4},{"damage":21,"enemies":"The Guardian","floor":16,"turns":8},{"damage":16,"enemies":"2 Thieves","floor":18,"turns":2},{"damage":17,"enemies":"Spheric Guardian","floor":20,"turns":4},{"damage":0,"enemies":"Snecko","floor":22,"turns":4},{"damage":37,"enemies":"Slavers","floor":24,"turns":5},{"damage":40,"enemies":"Book of Stabbing","floor":29,"turns":5},{"damage":6,"enemies":"Chosen and Byrds","floor":30,"turns":4},{"damage":11,"enemies":"Snake Plant","floor":31,"turns":2},{"damage":56,"enemies":"Champ","floor":33,"turns":8}],"seed_played":"5751216533130648120","potions_obtained":[{"floor":1,"key":"Energy Potion"},{"floor":4,"key":"Poison Potion"},{"floor":4,"key":"GamblersBrew"},{"floor":11,"key":"EssenceOfSteel"},{"floor":13,"key":"Block Potion"},{"floor":16,"key":"SneckoOil"},{"floor":18,"key":"EssenceOfSteel"},{"floor":30,"key":"LiquidBronze"},{"floor":31,"key":"Strength Potion"}],"is_trial":false,"path_per_floor":["M","?","?","?","M","R","E","R","T","$","E","?","M","M","R","B",null,"M","?","M","?","M","R","E","R","T","$","R","E","M","M","R","B"],"character_chosen":"THE_SILENT","items_purchased":["ClockworkSouvenir","Backstab+1","Poisoned Stab+1","Calculated Gamble+1","Backflip+1","Quick Slash+1"],"campfire_rested":6,"item_purchase_floors":[10,10,10,27,27,27],"current_hp_per_floor":[63,63,63,63,59,59,49,70,70,70,46,35,35,28,49,28,60,44,44,27,27,27,48,11,32,32,32,53,13,19,20,41,0],"gold":161,"neow_bonus":"RANDOM_COMMON_RELIC","is_prod":false,"is_daily":false,"chose_seed":false,"campfire_upgraded":1,"win_rate":0,"timestamp":1554938140,"path_taken":["M","?","?","?","?","R","E","R","T","$","E","?","M","M","R","BOSS","M","?","?","?","M","R","E","R","T","$","R","E","?","M","R","BOSS"],"build_version":"2019-01-23","purchased_purges":1,"victory":false,"max_hp_per_floor":[70,70,70,70,70,70,70,70,70,70,70,70,70,70,70,70,70,70,70,70,70,70,70,70,70,70,70,70,70,70,70,70,70],"card_choices":[{"not_picked":["Infinite Blades","Blade Dance"],"picked":"Tactician","floor":1},{"not_picked":["Footwork","Dagger Spray"],"picked":"Bouncing Flask","floor":5},{"not_picked":["Dagger Spray","Footwork"],"picked":"Blur","floor":7},{"not_picked":["Backstab+1","Cloak And Dagger"],"picked":"Noxious Fumes","floor":11},{"not_picked":["Underhanded Strike+1","Bouncing Flask"],"picked":"Poisoned Stab+1","floor":12},{"not_picked":["Bouncing Flask","Dodge and Roll"],"picked":"Prepared","floor":13},{"not_picked":["Blade Dance","Acrobatics"],"picked":"Slice+1","floor":14},{"not_picked":["Grand Finale+1","Storm of Steel"],"picked":"Corpse Explosion","floor":16},{"not_picked":["Dagger Throw+1","Infinite Blades+1"],"picked":"Deflect+1","floor":18},{"not_picked":["Deadly Poison","Concentrate"],"picked":"Sucker Punch+1","floor":20},{"not_picked":["Poisoned Stab+1","Deadly Poison"],"picked":"Underhanded Strike+1","floor":22},{"not_picked":["Poisoned Stab+1","Deflect+1"],"picked":"Bane+1","floor":24},{"not_picked":["Terror+1","Accuracy"],"picked":"Dodge and Roll+1","floor":29},{"not_picked":["Dodge and Roll+1","Tactician+1"],"picked":"Distraction+1","floor":30},{"not_picked":["Accuracy","Reflex+1"],"picked":"Deflect+1","floor":31}],"player_experience":541262,"relics_obtained":[{"floor":7,"key":"Boot"},{"floor":9,"key":"Molten Egg 2"},{"floor":11,"key":"Whetstone"},{"floor":12,"key":"Odd Mushroom"},{"floor":24,"key":"Tingsha"},{"floor":26,"key":"Toxic Egg 2"},{"floor":29,"key":"Meat on the Bone"}],"event_choices":[{"damage_healed":0,"gold_gain":175,"player_choice":"AGREE","damage_taken":0,"max_hp_gain":0,"max_hp_loss":0,"event_name":"Liars Game","floor":2,"gold_loss":0,"cards_obtained":["Doubt"]},{"cards_removed":["Doubt"],"damage_healed":0,"gold_gain":0,"player_choice":"Forget","damage_taken":0,"max_hp_gain":0,"max_hp_loss":0,"event_name":"Living Wall","floor":3,"gold_loss":0},{"damage_healed":0,"gold_gain":0,"player_choice":"Got Potions","damage_taken":0,"max_hp_gain":0,"max_hp_loss":0,"event_name":"Lab","floor":4,"gold_loss":0},{"damage_healed":0,"gold_gain":0,"player_choice":"Fought Mushrooms","damage_taken":0,"max_hp_gain":0,"max_hp_loss":0,"event_name":"Mushrooms","floor":12,"gold_loss":0},{"damage_healed":0,"gold_gain":0,"cards_transformed":["Defend_G"],"player_choice":"Transformed","damage_taken":0,"max_hp_gain":0,"max_hp_loss":0,"event_name":"Transmorgrifier","floor":19,"gold_loss":0,"cards_obtained":["Venomology"]},{"damage_healed":0,"gold_gain":0,"player_choice":"Bought 0 Potions","damage_taken":0,"max_hp_gain":0,"max_hp_loss":0,"event_name":"The Woman in Blue","floor":21,"gold_loss":0}],"is_beta":false,"boss_relics":[{"not_picked":["Busted Crown","Empty Cage"],"picked":"Cursed Key"}],"items_purged_floors":[27],"is_endless":false,"potions_floor_spawned":[1,11,13,16,18,20,30,31],"killed_by":"Champ","ascension_level":11}