{"gold_per_floor":[115,134,164,239,253,253,284,284,310,310,327,327,327,341,341,436,436,451,451,376,475,493,493,503,351,351,369,379,394,394,309,309,414,414,426,426,426,426,446,446,459,473,473,473,499,54,68,85,85,85],"floor_reached":51,"playtime":1388,"items_purged":[],"score":674,"play_id":"25ac7e78-062d-4d87-8683-629be32b628b","local_time":"20190405015851","is_ascension_mode":false,"campfire_choices":[{"data":"Whirlwind","floor":6.0,"key":"SMITH"},{"data":"Pommel Strike","floor":8.0,"key":"SMITH"},{"data":"Anger","floor":10.0,"key":"SMITH"},{"data":"Perfected Strike","floor":13.0,"key":"SMITH"},{"data":"Perfected Strike","floor":15.0,"key":"SMITH"},{"data":"Perfected Strike","floor":23.0,"key":"SMITH"},{"data":"Perfected Strike","floor":30,"key":"SMITH"},{"data":"Bash","floor":32,"key":"SMITH"},{"data":"Fiend Fire","floor":40,"key":"SMITH"},{"data":"Pommel Strike","floor":49,"key":"SMITH"}],"neow_cost":"NONE","seed_source_timestamp":1772068389867200,"circlet_count":0,"master_deck":["Strike_R+1","Strike_R+1","Strike_R","Strike_R","Strike_R","Defend_R","Bash+1","Clash","Whirlwind+1","Pommel Strike+1","Perfected Strike+1","Perfected Strike+1","Limit Break+1","Twin Strike","Perfected Strike+1","Shrug It Off+1","Twin Strike+1","Perfected Strike+1","Fiend Fire+1","Whirlwind+1","Headbutt+1","Wild Strike+1","Inflame","Pommel Strike+1","Twin Strike+1","Dropkick+1","Flex+1","Wild Strike+1"],"special_seed":0,"relics":["Burning Blood","NeowsBlessing","Tiny Chest","Juzu Bracelet","Whetstone","Paper Frog","Snecko Eye","Red Skull","Lantern","Orichalcum","Astrolabe","Ornamental Fan","Letter Opener","Omamori","War Paint","Molten Egg 2"],"potions_floor_usage":[33,50],"damage_taken":[{"damage":0.0,"enemies":"2 Louse","floor":1.0,"turns":1.0},{"damage":0.0,"enemies":"Cultist","floor":2.0,"turns":1.0},{"damage":0.0,"enemies":"Jaw Worm","floor":5.0,"turns":1.0},{"damage":16.0,"enemies":"Lagavulin","floor":7.0,"turns":6.0},{"damage":7.0,"enemies":"Blue Slaver","floor":11.0,"turns":2.0},{"damage":5.0,"enemies":"Looter","floor":14.0,"turns":2.0},{"damage":43.0,"enemies":"Hexaghost","floor":16.0,"turns":7.0},{"damage":10.0,"enemies":"3 Byrds","floor":18.0,"turns":3.0},{"damage":0.0,"enemies":"Shell Parasite","floor":22.0,"turns":1.0},{"damage":16.0,"enemies":"Snake Plant","floor":24.0,"turns":2.0},{"damage":20,"enemies":"Chosen and Byrds","floor":27,"turns":4},{"damage":3,"enemies":"Snecko","floor":28,"turns":3},{"damage":21,"enemies":"Snake Plant","floor":29,"turns":2},{"damage":16,"enemies":"Collector","floor":33,"turns":5},{"damage":3,"enemies":"3 Darklings","floor":35,"turns":2},{"damage":0,"enemies":"Orb Walker","floor":39,"turns":1},{"damage":18,"enemies":"4 Shapes","floor":41,"turns":3},{"damage":0,"enemies":"Transient","floor":42,"turns":5},{"damage":6,"enemies":"Jaw Worm Horde","floor":47,"turns":2},{"damage":5,"enemies":"Sphere and 2 Shapes","floor":48,"turns":3},{"damage":36,"enemies":"Time Eater","floor":50,"turns":3}],"seed_played":"1439320573908430225","potions_obtained":[{"floor":1.0,"key":"Weak Potion"},{"floor":5.0,"key":"SteroidPotion"},{"floor":11.0,"key":"Fruit Juice"},{"floor":14.0,"key":"Regen Potion"},{"floor":18.0,"key":"Regen Potion"},{"floor":24.0,"key":"PowerPotion"},{"floor":33,"key":"AttackPotion"}],"is_trial":false,"path_per_floor":["M","M","?","?","M","R","E","R","T","R","M","?","R","M","R","B",null,"M","?","?","?","M","R","M","$","T","M","M","M","R","?","R","B",null,"M","?","T","?","M","R","M","M","T","?","T","$","M","M","R","B",null],"character_chosen":"IRONCLAD","items_purchased":["Red Skull","War Paint","Molten Egg 2","Dropkick+1"],"campfire_rested":0,"item_purchase_floors":[25,46,46,46],"current_hp_per_floor":[80,80,73,62,68,68,58,58,58,58,57,57,57,63,63,26,85,81,65,65,65,71,71,61,61,61,47,50,35,35,35,35,25,90,90,90,90,90,90,90,78,84,84,84,84,84,84,85,85,55],"gold":85,"neow_bonus":"THREE_ENEMY_KILL","is_prod":false,"is_daily":false,"chose_seed":false,"campfire_upgraded":10,"win_rate":0,"timestamp":1554443931,"path_taken":["M","M","?","?","M","R","E","R","T","R","M","?","R","M","R","BOSS","M","?","?","?","M","R","M","$","T","M","M","M","R","?","R","BOSS","M","?","?","?","M","R","M","M","T","?","?","$","M","M","R","BOSS"],"build_version":"2019-01-23","purchased_purges":0,"victory":true,"max_hp_per_floor":[80,80,80,80,80,80,80,80,80,80,80,80,80,85,85,85,85,85,90,90,90,90,90,90,90,90,90,90,90,90,90,90,90,90,90,90,90,90,90,90,90,90,90,90,90,90,90,90,90,90],"card_choices":[{"not_picked":["Infernal Blade","Feel No Pain"],"picked":"Clash","floor":1.0},{"not_picked":["Body Slam","Headbutt"],"picked":"Anger","floor":2.0},{"not_picked":["Headbutt","Havoc"],"picked":"Whirlwind","floor":5.0},{"not_picked":["Havoc","True Grit"],"picked":"Pommel Strike","floor":7.0},{"not_picked":["Entrench","Reckless Charge"],"picked":"Perfected Strike","floor":11.0},{"not_picked":["Burning Pact","Seeing Red"],"picked":"Perfected Strike","floor":14.0},{"not_picked":["Dark Embrace","Berserk"],"picked":"Limit Break","floor":16.0},{"not_picked":["True Grit","Bloodletting+1"],"picked":"Twin Strike","floor":18.0},{"not_picked":["True Grit+1","Metallicize"],"picked":"Perfected Strike","floor":22.0},{"not_picked":["Hemokinesis","Sword Boomerang"],"picked":"Shrug It Off","floor":24.0},{"not_picked":["Clash","Flame Barrier+1"],"picked":"Warcry","floor":27},{"not_picked":["Rampage","Thunderclap+1"],"picked":"Twin Strike+1","floor":28},{"not_picked":["Twin Strike","Flex"],"picked":"Perfected Strike","floor":29},{"not_picked":["Dark Embrace","Brutality"],"picked":"Fiend Fire","floor":33},{"not_picked":["Heavy Blade","Clothesline","Iron Wave"],"picked":"SKIP","floor":35},{"not_picked":["Havoc+1","True Grit+1"],"picked":"Inflame","floor":39},{"not_picked":["Sword Boomerang","Headbutt+1"],"picked":"Pommel Strike","floor":41},{"not_picked":["Disarm+1","Shrug It Off+1"],"picked":"Twin Strike+1","floor":42},{"not_picked":["Burning Pact+1","Dropkick+1"],"picked":"Flex+1","floor":47},{"not_picked":["True Grit+1","Dual Wield"],"picked":"Wild Strike+1","floor":48}],"player_experience":269411,"relics_obtained":[{"floor":7.0,"key":"Juzu Bracelet"},{"floor":9.0,"key":"Whetstone"},{"floor":26.0,"key":"Lantern"},{"floor":37,"key":"Ornamental Fan"},{"floor":43,"key":"Letter Opener"},{"floor":45,"key":"Omamori"}],"event_choices":[{"damage_healed":0.0,"max_hp_gain":0.0,"max_hp_loss":0.0,"gold_gain":0.0,"event_name":"Scrap Ooze","player_choice":"Success","floor":3.0,"gold_loss":0.0,"damage_taken":7.0,"relics_obtained":["Tiny Chest"]},{"damage_healed":0.0,"max_hp_gain":0.0,"max_hp_loss":0.0,"gold_gain":75.0,"event_name":"World of Goop","player_choice":"Gather Gold","floor":4.0,"gold_loss":0.0,"damage_taken":11.0},{"damage_healed":0.0,"max_hp_gain":0.0,"max_hp_loss":0.0,"gold_gain":0.0,"event_name":"WeMeetAgain","player_choice":"Gave Potion","floor":12.0,"gold_loss":0.0,"damage_taken":0.0,"relics_obtained":["Paper Frog"]},{"damage_healed":0.0,"max_hp_gain":5.0,"max_hp_loss":0.0,"gold_gain":0.0,"event_name":"Forgotten Altar","player_choice":"Shed Blood","floor":19.0,"gold_loss":0.0,"damage_taken":21.0},{"cards_removed":["Anger"],"damage_healed":0.0,"max_hp_gain":0.0,"max_hp_loss":0.0,"gold_gain":0.0,"event_name":"Beggar","player_choice":"Gave Gold","floor":20.0,"gold_loss":75.0,"damage_taken":0.0},{"damage_healed":0.0,"max_hp_gain":0.0,"max_hp_loss":0.0,"gold_gain":99.0,"event_name":"Nest","player_choice":"Stole From Cult","floor":21.0,"gold_loss":0.0,"damage_taken":0.0},{"damage_healed":0,"gold_gain":0,"player_choice":"Obtained Relic","damage_taken":0,"relics_obtained":["Orichalcum"],"max_hp_gain":0,"max_hp_loss":0,"event_name":"Addict","floor":31,"gold_loss":85},{"damage_healed":0,"gold_gain":0,"player_choice":"Ignored","damage_taken":0,"max_hp_gain":0,"max_hp_loss":0,"event_name":"Mysterious Sphere","floor":36,"gold_loss":0},{"damage_healed":0,"gold_gain":0,"player_choice":"Ignored","damage_taken":0,"max_hp_gain":0,"max_hp_loss":0,"event_name":"Tomb of Lord Red Mask","floor":38,"gold_loss":0},{"cards_removed":["Warcry"],"damage_healed":0,"gold_gain":0,"player_choice":"Removed Skill","damage_taken":0,"max_hp_gain":0,"max_hp_loss":0,"event_name":"Falling","floor":44,"gold_loss":0}],"is_beta":false,"boss_relics":[{"not_picked":["Pandora\u0027s Box","Velvet Choker"],"picked":"Snecko Eye"},{"not_picked":["Coffee Dripper","Black Blood"],"picked":"Astrolabe"}],"items_purged_floors":[],"is_endless":false,"potions_floor_spawned":[1,5,11,14,18,24,33,39,41],"ascension_level":0}