{"gold_per_floor":[117,128,128,146,421,421,455,455,455,485,502,536,536,554,554,659,659,679,38,53,63,63,91,91,122,122,122,222,222,2,18,18,115,115,127,127,143,43,61,92,192,192,242,270,286,286,47,58,58,58],"floor_reached":50,"playtime":3868,"items_purged":["Regret","Normality"],"score":938,"play_id":"c26aefae-8388-42cc-93bb-2020443d6ce6","local_time":"20190401185619","is_ascension_mode":true,"campfire_choices":[{"data":"Glass Knife","floor":6,"key":"SMITH"},{"floor":8,"key":"REST"},{"floor":13,"key":"REST"},{"floor":15,"key":"REST"},{"data":"A Thousand Cuts","floor":24,"key":"SMITH"},{"data":"Venomology","floor":27,"key":"SMITH"},{"data":"Adrenaline","floor":29,"key":"SMITH"},{"data":"Terror","floor":32,"key":"SMITH"},{"floor":49,"key":"REST"}],"neow_cost":"NONE","seed_source_timestamp":1674946060135163,"circlet_count":0,"master_deck":["Survivor","Neutralize","Glass Knife+1","Flying Knee","Heel Hook","Dagger Throw","After Image","Quick Slash+1","Terror+1","Die Die Die+1","Underhanded Strike+1","Adrenaline+1","Riddle With Holes+1","Heel Hook+1","Crippling Poison","Cloak And Dagger","Grand Finale+1","Dagger Spray+1","Well Laid Plans","Burst+1","Venomology+1","Calculated Gamble","Deflect+1","Predator+1","Dagger Throw+1","A Thousand Cuts+1","Acrobatics","Master of Strategy","Riddle With Holes+1","Backflip+1","After Image","Corpse Explosion","Prepared+1","Choke+1","Storm of Steel","Infinite Blades","Outmaneuver+1"],"relics":["Ring of the Snake","Molten Egg 2","Orichalcum","Pen Nib","Pandora\u0027s Box","Toy Ornithopter","Omamori","Blood Vial","MutagenicStrength","Oddly Smooth Stone","War Paint","Ninja Scroll","The Specimen","Singing Bowl","Calling Bell","Ancient Tea Set","Question Card","StoneCalendar","WarpedTongs","Juzu Bracelet","Peace Pipe","Bronze Scales","PreservedInsect","Bottled Tornado"],"potions_floor_usage":[7,11,12,16,20,20,25,25,25,33,33,35,37,39,39,40,41,44,44,44,45,45,50,50,50],"damage_taken":[{"damage":0,"enemies":"2 Louse","floor":1,"turns":2},{"damage":0,"enemies":"Cultist","floor":2,"turns":3},{"damage":0,"enemies":"Small Slimes","floor":4,"turns":3},{"damage":25,"enemies":"3 Sentries","floor":7,"turns":7},{"damage":29,"enemies":"Gremlin Nob","floor":10,"turns":4},{"damage":0,"enemies":"Gremlin Gang","floor":11,"turns":1},{"damage":21,"enemies":"3 Sentries","floor":12,"turns":8},{"damage":5,"enemies":"Looter","floor":14,"turns":2},{"damage":0,"enemies":"Slime Boss","floor":16,"turns":5},{"damage":5,"enemies":"Spheric Guardian","floor":18,"turns":3},{"damage":10,"enemies":"2 Thieves","floor":20,"turns":2},{"damage":2,"enemies":"Snecko","floor":21,"turns":3},{"damage":12,"enemies":"Gremlin Leader","floor":23,"turns":3},{"damage":13,"enemies":"Slavers","floor":25,"turns":4},{"damage":2,"enemies":"Colosseum Slavers","floor":28,"turns":2},{"damage":1,"enemies":"Colosseum Nobs","floor":28,"turns":2},{"damage":0,"enemies":"Sentry and Sphere","floor":31,"turns":1},{"damage":0,"enemies":"Collector","floor":33,"turns":4},{"damage":3,"enemies":"3 Darklings","floor":35,"turns":3},{"damage":6,"enemies":"Orb Walker","floor":37,"turns":1},{"damage":13,"enemies":"Writhing Mass","floor":39,"turns":7},{"damage":8,"enemies":"Nemesis","floor":40,"turns":5},{"damage":0,"enemies":"Mind Bloom Boss Battle","floor":41,"turns":1},{"damage":15,"enemies":"Giant Head","floor":44,"turns":6},{"damage":26,"enemies":"Transient","floor":45,"turns":5},{"damage":4,"enemies":"4 Shapes","floor":48,"turns":3},{"damage":102,"enemies":"Awakened One","floor":50,"turns":11}],"seed_played":"-2477772384193517942","potions_obtained":[{"floor":4,"key":"Fire Potion"},{"floor":10,"key":"Explosive Potion"},{"floor":11,"key":"Weak Potion"},{"floor":12,"key":"SkillPotion"},{"floor":18,"key":"Dexterity Potion"},{"floor":21,"key":"Swift Potion"},{"floor":25,"key":"LiquidBronze"},{"floor":33,"key":"Swift Potion"},{"floor":39,"key":"Ancient Potion"},{"floor":44,"key":"Explosive Potion"},{"floor":45,"key":"SpeedPotion"}],"is_trial":false,"path_per_floor":["M","M","?","M","?","R","E","R","T","E","M","E","R","M","R","B",null,"M","$","M","M","?","E","R","E","T","R","?","R","$","M","R","B",null,"M","?","M","$","M","E","?","?","T","E","M","?","$","M","R","B"],"character_chosen":"THE_SILENT","items_purchased":["Toy Ornithopter","Omamori","Blood Vial","Deflect","Master of Strategy","Riddle With Holes+1","Bottled Tornado"],"campfire_rested":4,"item_purchase_floors":[19,19,19,19,30,30,47],"current_hp_per_floor":[63,63,63,63,63,63,38,59,59,30,30,9,30,25,46,46,64,59,59,60,60,60,50,50,54,54,54,57,57,57,59,59,71,72,71,71,72,72,73,68,75,75,75,64,52,52,52,50,73,0],"gold":58,"neow_bonus":"ONE_RANDOM_RARE_CARD","is_prod":false,"is_daily":false,"chose_seed":false,"campfire_upgraded":5,"win_rate":0,"timestamp":1554170179,"path_taken":["M","M","?","?","?","R","E","R","T","E","M","E","R","M","R","BOSS","M","$","?","M","?","E","R","E","T","R","?","R","$","M","R","BOSS","M","?","?","$","?","E","?","?","T","E","M","?","$","M","R","BOSS"],"build_version":"2019-01-23","purchased_purges":2,"victory":false,"max_hp_per_floor":[70,70,70,70,70,70,70,70,70,70,70,70,70,70,70,70,70,70,70,70,70,70,70,70,70,70,70,72,72,72,72,72,72,72,74,74,74,74,76,76,76,76,76,78,80,77,77,77,77,77],"card_choices":[{"not_picked":["Backflip","Endless Agony"],"picked":"Flying Knee","floor":1},{"not_picked":["Eviscerate","Crippling Poison"],"picked":"Heel Hook","floor":2},{"not_picked":["Heel Hook","Dodge and Roll"],"picked":"Dagger Throw","floor":4},{"not_picked":["Catalyst","Dodge and Roll"],"picked":"After Image","floor":7},{"not_picked":["Bouncing Flask","Flechettes+1"],"picked":"Quick Slash+1","floor":10},{"not_picked":["Footwork","Underhanded Strike+1"],"picked":"Terror","floor":11},{"not_picked":["Flying Knee+1","Footwork"],"picked":"Die Die Die+1","floor":12},{"not_picked":["Expertise","Prepared"],"picked":"Underhanded Strike+1","floor":14},{"not_picked":["Venomology","Unload+1"],"picked":"Adrenaline","floor":16},{"not_picked":["Slice+1","Cloak And Dagger"],"picked":"Calculated Gamble","floor":18},{"not_picked":["Outmaneuver","Terror"],"picked":"Predator+1","floor":20},{"not_picked":["Sucker Punch+1","Setup"],"picked":"Dagger Throw+1","floor":21},{"not_picked":["Dagger Throw+1","Well Laid Plans"],"picked":"A Thousand Cuts","floor":23},{"not_picked":["Dagger Spray+1","Skewer+1"],"picked":"Acrobatics","floor":25},{"not_picked":["Quick Slash+1","PiercingWail","Outmaneuver"],"picked":"Singing Bowl","floor":28},{"not_picked":["Infinite Blades+1","Quick Slash+1"],"picked":"Backflip+1","floor":31},{"not_picked":["Venomology","Phantasmal Killer"],"picked":"After Image","floor":33},{"not_picked":["Dagger Throw+1","Deadly Poison","Heel Hook+1","Acrobatics+1"],"picked":"Singing Bowl","floor":35},{"not_picked":["Sucker Punch+1","Dagger Throw+1","Setup+1"],"picked":"Corpse Explosion","floor":37},{"not_picked":["Blade Dance","Sucker Punch+1","Slice+1","Dodge and Roll"],"picked":"Singing Bowl","floor":39},{"not_picked":["Concentrate","Deflect+1","Outmaneuver+1"],"picked":"Prepared+1","floor":40},{"not_picked":["Dagger Spray+1","Escape Plan","Dodge and Roll"],"picked":"Choke+1","floor":41},{"not_picked":["Backflip+1","Reflex","Bouncing Flask","Dagger Throw+1"],"picked":"Singing Bowl","floor":44},{"not_picked":["Bane+1","Distraction","Burst","Catalyst+1"],"picked":"Singing Bowl","floor":45},{"not_picked":["Poisoned Stab+1","Expertise","PiercingWail+1"],"picked":"Outmaneuver+1","floor":48}],"player_experience":428385,"relics_obtained":[{"floor":7,"key":"Molten Egg 2"},{"floor":10,"key":"Orichalcum"},{"floor":12,"key":"Pen Nib"},{"floor":23,"key":"Oddly Smooth Stone"},{"floor":25,"key":"War Paint"},{"floor":26,"key":"Ninja Scroll"},{"floor":28,"key":"The Specimen"},{"floor":28,"key":"Singing Bowl"},{"floor":34,"key":"Ancient Tea Set"},{"floor":34,"key":"Question Card"},{"floor":34,"key":"StoneCalendar"},{"floor":40,"key":"Juzu Bracelet"},{"floor":41,"key":"Peace Pipe"},{"floor":43,"key":"Bronze Scales"},{"floor":44,"key":"PreservedInsect"}],"event_choices":[{"cards_removed":["Defend_G"],"damage_healed":0,"gold_gain":0,"player_choice":"Purged","damage_taken":0,"max_hp_gain":0,"max_hp_loss":0,"event_name":"Purifier","floor":3,"gold_loss":0},{"damage_healed":0,"gold_gain":275,"player_choice":"Desecrate","damage_taken":0,"max_hp_gain":0,"max_hp_loss":0,"event_name":"Golden Shrine","floor":5,"gold_loss":0,"cards_obtained":["Regret"]},{"damage_healed":0,"gold_gain":0,"player_choice":"Inject Mutagens","damage_taken":0,"relics_obtained":["MutagenicStrength"],"max_hp_gain":0,"max_hp_loss":0,"event_name":"Drug Dealer","floor":22,"gold_loss":0},{"damage_healed":0,"gold_gain":0,"player_choice":"Fight","damage_taken":0,"max_hp_gain":0,"max_hp_loss":0,"event_name":"Colosseum","floor":28,"gold_loss":0},{"damage_healed":0,"gold_gain":0,"player_choice":"Fought Nobs","damage_taken":0,"max_hp_gain":0,"max_hp_loss":0,"event_name":"Colosseum","floor":28,"gold_loss":0},{"damage_healed":0,"gold_gain":0,"player_choice":"Rummage","damage_taken":0,"relics_obtained":["WarpedTongs"],"max_hp_gain":0,"max_hp_loss":0,"event_name":"Accursed Blacksmith","floor":36,"gold_loss":0,"cards_obtained":["Pain"]},{"damage_healed":0,"gold_gain":0,"player_choice":"Fight","damage_taken":0,"max_hp_gain":0,"max_hp_loss":0,"event_name":"MindBloom","floor":41,"gold_loss":0},{"damage_healed":0,"gold_gain":0,"player_choice":"3 cards matched","damage_taken":0,"max_hp_gain":0,"max_hp_loss":0,"event_name":"Match and Keep!","floor":42,"gold_loss":0,"cards_obtained":["Parasite","Storm of Steel","Infinite Blades"]},{"cards_removed":["Parasite","Pain"],"damage_healed":0,"gold_gain":0,"player_choice":"Removed Curses","damage_taken":0,"max_hp_gain":0,"max_hp_loss":0,"event_name":"Fountain of Cleansing","floor":46,"gold_loss":0}],"is_beta":false,"boss_relics":[{"not_picked":["Tiny House","Snecko Eye"],"picked":"Pandora\u0027s Box"},{"not_picked":["Black Star","WristBlade"],"picked":"Calling Bell"}],"items_purged_floors":[19,38],"is_endless":false,"potions_floor_spawned":[4,10,11,12,18,21,25,33,39,40,44,45],"killed_by":"Awakened One","ascension_level":7}