{"gold_per_floor":[111,186,33,33,53,53,66,66,66,83,93,93,93,24,24,119,119,132,132,132,144,155,155,168,185,211,211],"floor_reached":27,"playtime":700,"items_purged":["Strike_B"],"score":287,"play_id":"6d89222b-8364-4939-8649-a49be2df6f40","local_time":"20180825023007","is_ascension_mode":true,"campfire_choices":[{"data":"Zap","floor":6,"key":"SMITH"},{"data":"Conserve Battery","floor":8,"key":"SMITH"},{"data":"Defragment","floor":15,"key":"SMITH"},{"floor":23,"key":"REST"}],"neow_cost":"TEN_PERCENT_HP_LOSS","seed_source_timestamp":93990221316123,"circlet_count":0,"master_deck":["Strike_B","Strike_B","Defend_B+1","Defend_B","Defend_B","Zap+1","Dualcast","Defragment+1","Conserve Battery+1","Rebound","Defragment+1","Echo Form","Steam","Electrodynamics","Conserve Battery"],"relics":["Cracked Core","Cables","Regal Pillow","Lizard Tail","Art of War"],"potions_floor_usage":[18],"damage_taken":[{"damage":6,"enemies":"Small Slimes","floor":1,"turns":3},{"damage":7,"enemies":"Jaw Worm","floor":5,"turns":2},{"damage":0,"enemies":"2 Louse","floor":7,"turns":3},{"damage":0,"enemies":"Large Slime","floor":10,"turns":4},{"damage":10,"enemies":"Lots of Slimes","floor":11,"turns":3},{"damage":11,"enemies":"Hexaghost","floor":16,"turns":8},{"damage":34,"enemies":"3 Byrds","floor":18,"turns":4},{"damage":17,"enemies":"Spheric Guardian","floor":21,"turns":4},{"damage":21,"enemies":"Centurion and Healer","floor":22,"turns":3},{"damage":37,"enemies":"Cultist and Chosen","floor":24,"turns":5},{"damage":27,"enemies":"Snecko","floor":25,"turns":5},{"damage":18,"enemies":"Snake Plant","floor":27,"turns":1}],"seed_played":"-94954191090678582","potions_obtained":[{"floor":7,"key":"Poison Potion"},{"floor":10,"key":"SteroidPotion"},{"floor":11,"key":"Block Potion"},{"floor":25,"key":"Regen Potion"}],"is_trial":false,"path_per_floor":["M","?","$","?","M","R","M","R","T","M","M","?","?","$","R","B",null,"M","?","?","M","M","R","M","M","T"],"character_chosen":"DEFECT","items_purchased":["Defragment","Defragment"],"campfire_rested":1,"item_purchase_floors":[3,14],"current_hp_per_floor":[62,51,51,37,30,30,30,30,30,30,20,42,42,42,42,31,59,25,47,47,30,9,44,7,17,17,0],"gold":211,"neow_bonus":"REMOVE_TWO","is_prod":false,"is_daily":false,"chose_seed":false,"campfire_upgraded":3,"win_rate":0,"timestamp":1535157007,"path_taken":["M","?","$","?","M","R","M","R","T","M","M","?","?","$","R","BOSS","M","?","?","?","M","R","M","M","T","M"],"build_version":"2018-08-23v2","purchased_purges":1,"victory":false,"max_hp_per_floor":[68,68,68,68,68,68,68,68,68,68,68,68,68,68,68,68,68,68,68,68,68,68,68,68,68,68,68],"card_choices":[{"not_picked":["Coolheaded","Cold Snap","Redo"],"picked":"SKIP","floor":1},{"not_picked":["Genetic Algorithm","Beam Cell"],"picked":"Conserve Battery","floor":5},{"not_picked":["Streamline","Fission"],"picked":"Rebound","floor":7},{"not_picked":["Cold Snap","Static Discharge","FTL"],"picked":"SKIP","floor":10},{"not_picked":["Gash","Barrage","Compile Driver"],"picked":"SKIP","floor":11},{"not_picked":["Buffer","Biased Cognition"],"picked":"Echo Form","floor":16},{"not_picked":["Steam","Streamline","Coolheaded"],"picked":"SKIP","floor":18},{"not_picked":["Streamline","Coolheaded"],"picked":"Steam","floor":18},{"not_picked":["Sunder","FTL"],"picked":"Electrodynamics","floor":21},{"not_picked":["Lockon","Blizzard+1"],"picked":"Conserve Battery","floor":22},{"not_picked":["Beam Cell","Streamline","Recycle"],"picked":"SKIP","floor":24},{"not_picked":["Conserve Battery","Gash","Turbo"],"picked":"SKIP","floor":25}],"player_experience":512713,"relics_obtained":[{"floor":9,"key":"Cables"},{"floor":26,"key":"Art of War"}],"event_choices":[{"event_name":"World of Goop","player_choice":"Gather Gold","floor":2,"damage_taken":0},{"event_name":"Shining Light","player_choice":"Entered Light","floor":4,"damage_taken":0},{"event_name":"Big Fish","player_choice":"Banana","floor":12,"damage_taken":0},{"event_name":"WeMeetAgain","player_choice":"Potion","floor":13,"damage_taken":0},{"event_name":"The Library","player_choice":"Heal","floor":19,"damage_taken":0},{"event_name":"Vampires","player_choice":"Ignored","floor":20,"damage_taken":0}],"is_beta":false,"boss_relics":[{"not_picked":["White Beast Statue","Tiny House"],"picked":"Lizard Tail"}],"items_purged_floors":[3],"is_endless":false,"potions_floor_spawned":[7,10,11,25],"killed_by":"Snake Plant","ascension_level":8}