{"gold_per_floor":[10,10,22,22,35,51,51,69,69,69,89,108,108,124,124,222,222,239,199,213,213,223,223,37,54,54,54,54,69,69,81,81,177,177,191,191,191,205,205,238,238],"floor_reached":41,"playtime":2495,"items_purged":[],"score":417,"play_id":"c29a1bac-a5e7-46e4-87e9-9127134678bf","local_time":"20190501154956","is_ascension_mode":false,"campfire_choices":[{"data":"Darkness","floor":7,"key":"SMITH"},{"floor":10,"key":"REST"},{"floor":15,"key":"REST"},{"floor":23,"key":"REST"},{"floor":28,"key":"REST"},{"floor":30,"key":"REST"},{"floor":32,"key":"REST"}],"neow_cost":"NO_GOLD","seed_source_timestamp":502833610740500,"circlet_count":0,"master_deck":["Strike_B","Strike_B","Defend_B","Defend_B","Defend_B","Defend_B","Zap","Dualcast","Auto Shields+1","Static Discharge","Coolheaded","Darkness+1","Hologram","Redo","Redo","Melter+1","Multi-Cast","Static Discharge+1","Hello World","Sunder+1","Defragment","Bandage Up","Self Repair","FTL+1","Capacitor","Multi-Cast","Rebound+1","Madness","Madness","Stack+1","Conserve Battery+1"],"relics":["Cracked Core","Molten Egg 2","The Courier","Lizard Tail","Unceasing Top","MutagenicStrength","Eternal Feather","Ornamental Fan"],"potions_floor_usage":[16,22,22,25,31,33],"damage_taken":[{"damage":10,"enemies":"2 Louse","floor":1,"turns":3},{"damage":0,"enemies":"Jaw Worm","floor":3,"turns":3},{"damage":0,"enemies":"Cultist","floor":5,"turns":4},{"damage":12,"enemies":"Exordium Wildlife","floor":6,"turns":4},{"damage":8,"enemies":"Large Slime","floor":8,"turns":6},{"damage":1,"enemies":"Red Slaver","floor":11,"turns":4},{"damage":26,"enemies":"Exordium Wildlife","floor":12,"turns":3},{"damage":6,"enemies":"Exordium Thugs","floor":14,"turns":5},{"damage":27,"enemies":"The Guardian","floor":16,"turns":8},{"damage":18,"enemies":"Shell Parasite","floor":18,"turns":4},{"damage":28,"enemies":"Chosen","floor":20,"turns":5},{"damage":4,"enemies":"Snake Plant","floor":22,"turns":3},{"damage":28,"enemies":"Shelled Parasite and Fungi","floor":25,"turns":3},{"damage":47,"enemies":"Cultist and Chosen","floor":29,"turns":4},{"damage":37,"enemies":"Centurion and Healer","floor":31,"turns":6},{"damage":88,"enemies":"Champ","floor":33,"turns":9},{"damage":47,"enemies":"3 Darklings","floor":35,"turns":7},{"damage":27,"enemies":"3 Shapes","floor":38,"turns":5},{"damage":119,"enemies":"Nemesis","floor":40,"turns":9},{"damage":24,"enemies":"Maw","floor":41,"turns":8}],"seed_played":"-3620634673586114498","potions_obtained":[{"floor":1,"key":"SkillPotion"},{"floor":3,"key":"Regen Potion"},{"floor":11,"key":"EssenceOfSteel"},{"floor":22,"key":"Block Potion"},{"floor":25,"key":"FearPotion"}],"is_trial":false,"path_per_floor":["M","?","M","?","M","M","R","M","T","R","M","M","?","M","R","B",null,"M","?","M","?","M","R","$","M","T","?","R","M","R","M","R","B",null,"M","?","?","M","?","E","M"],"character_chosen":"DEFECT","items_purchased":["Defragment","Bandage Up","Regen Potion"],"campfire_rested":6,"item_purchase_floors":[24,24,24],"current_hp_per_floor":[79,84,84,84,84,72,72,64,64,92,91,65,58,52,80,53,94,76,76,48,48,56,84,84,60,60,60,88,48,76,59,87,3,94,58,46,46,26,82,20,0],"gold":238,"neow_bonus":"TWENTY_PERCENT_HP_BONUS","is_prod":false,"is_daily":false,"chose_seed":false,"campfire_upgraded":1,"win_rate":0.0,"timestamp":1556740196,"path_taken":["M","?","M","?","M","M","R","M","T","R","M","?","?","M","R","BOSS","M","?","?","?","M","R","?","?","T","?","R","M","R","M","R","BOSS","M","?","?","?","?","E","M"],"build_version":"2019-01-23","purchased_purges":0,"victory":false,"max_hp_per_floor":[89,94,94,94,94,94,94,94,94,94,94,94,94,94,94,94,94,94,94,94,94,94,94,94,94,94,94,94,94,94,94,94,94,94,94,94,94,94,82,82,82],"card_choices":[{"not_picked":["Barrage","Go for the Eyes"],"picked":"Auto Shields","floor":1},{"not_picked":["Chaos","Barrage"],"picked":"Static Discharge","floor":3},{"not_picked":["Hyperbeam","Hologram"],"picked":"Coolheaded","floor":5},{"not_picked":["Sunder","Conserve Battery"],"picked":"Darkness","floor":6},{"not_picked":["Gash","Turbo"],"picked":"Hologram","floor":8},{"not_picked":["Go for the Eyes+1","Barrage+1"],"picked":"Redo","floor":11},{"not_picked":["Turbo","Steam"],"picked":"Redo","floor":12},{"not_picked":["Leap","Scrape+1"],"picked":"Melter+1","floor":14},{"not_picked":["Amplify","Rainbow"],"picked":"Multi-Cast","floor":16},{"not_picked":["Beam Cell+1","Compile Driver+1"],"picked":"Static Discharge+1","floor":18},{"not_picked":["Go for the Eyes+1","Auto Shields"],"picked":"Hello World","floor":20},{"not_picked":["Barrage+1","Beam Cell+1"],"picked":"Sunder+1","floor":22},{"not_picked":["Conserve Battery","Rebound+1"],"picked":"Self Repair","floor":25},{"not_picked":["Redo","Leap"],"picked":"FTL+1","floor":29},{"not_picked":["Glacier","Ball Lightning+1"],"picked":"Capacitor","floor":31},{"not_picked":["Meteor Strike+1","All For One+1"],"picked":"Multi-Cast","floor":33},{"not_picked":["Gash+1","Coolheaded"],"picked":"Rebound+1","floor":35},{"not_picked":["Gash+1","Hologram+1"],"picked":"Stack+1","floor":38},{"not_picked":["Core Surge+1","Leap+1"],"picked":"Conserve Battery+1","floor":40}],"player_experience":52219,"relics_obtained":[{"floor":9,"key":"Molten Egg 2"},{"floor":26,"key":"Unceasing Top"},{"floor":40,"key":"Ornamental Fan"}],"event_choices":[{"damage_healed":0,"gold_gain":0,"player_choice":"Donut","damage_taken":0,"max_hp_gain":5,"max_hp_loss":0,"event_name":"Big Fish","floor":2,"gold_loss":0},{"cards_removed":["Strike_B"],"damage_healed":0,"gold_gain":0,"player_choice":"Card Removal","damage_taken":0,"max_hp_gain":0,"max_hp_loss":0,"event_name":"Wheel of Change","floor":4,"gold_loss":0},{"damage_healed":0,"gold_gain":0,"player_choice":"Success","damage_taken":7,"relics_obtained":["The Courier"],"max_hp_gain":0,"max_hp_loss":0,"event_name":"Scrap Ooze","floor":13,"gold_loss":0},{"damage_healed":0,"gold_gain":0,"player_choice":"Upgrade","damage_taken":0,"max_hp_gain":0,"max_hp_loss":0,"event_name":"Designer","floor":19,"gold_loss":40,"cards_upgraded":["Auto Shields"]},{"damage_healed":0,"gold_gain":0,"player_choice":"Ignored","damage_taken":0,"max_hp_gain":0,"max_hp_loss":0,"event_name":"Ghosts","floor":21,"gold_loss":0},{"damage_healed":0,"gold_gain":0,"player_choice":"Inject Mutagens","damage_taken":0,"relics_obtained":["MutagenicStrength"],"max_hp_gain":0,"max_hp_loss":0,"event_name":"Drug Dealer","floor":27,"gold_loss":0},{"damage_healed":0,"gold_gain":0,"player_choice":"Embrace Madness","damage_taken":12,"max_hp_gain":0,"max_hp_loss":0,"event_name":"Winding Halls","floor":36,"gold_loss":0,"cards_obtained":["Madness","Madness"]},{"cards_removed":["Strike_B"],"damage_healed":0,"gold_gain":0,"player_choice":"Card Removal","damage_taken":0,"max_hp_gain":0,"max_hp_loss":0,"event_name":"Wheel of Change","floor":37,"gold_loss":0},{"damage_healed":82,"gold_gain":0,"player_choice":"Heal","damage_taken":0,"max_hp_gain":0,"max_hp_loss":12,"event_name":"The Moai Head","floor":39,"gold_loss":0}],"is_beta":false,"boss_relics":[{"not_picked":["Runic Dome","Pandora\u0027s Box"],"picked":"Lizard Tail"},{"not_picked":["Sozu","Busted Crown"],"picked":"Eternal Feather"}],"items_purged_floors":[],"is_endless":false,"potions_floor_spawned":[1,3,11,12,22,25],"killed_by":"Maw","ascension_level":0}