{"gold_per_floor":[10,85,85,10,22,22,53,53,100,124,136,162,186,217,229,320,332,364,35,35,45,63,63],"floor_reached":23,"playtime":942,"items_purged":[],"score":367,"play_id":"8fcd5c5f-60a9-4920-b608-b5f09ce3d3e8","local_time":"20181108052115","is_ascension_mode":true,"campfire_choices":[{"data":"Defragment","floor":6,"key":"SMITH"},{"floor":11,"key":"REST"},{"floor":15,"key":"REST"}],"neow_cost":"NO_GOLD","seed_source_timestamp":253062116222544,"circlet_count":0,"master_deck":["AscendersBane","Zap","Dualcast","Steam","Defragment+1","Auto Shields","Go for the Eyes","Echo Form","Leap","White Noise","Beam Cell","Electrodynamics","Blizzard","Hologram","Barrage","Conserve Battery","Coolheaded","Rip and Tear","Skim","Master of Strategy","Biased Cognition","Defragment+1","Capacitor+1"],"relics":["Cracked Core","DataDisk","PreservedInsect","MawBank","Pandora\u0027s Box"],"potions_floor_usage":[7,10,14,23],"damage_taken":[{"damage":3,"enemies":"Small Slimes","floor":1,"turns":3},{"damage":0,"enemies":"2 Louse","floor":5,"turns":2},{"damage":34,"enemies":"3 Sentries","floor":7,"turns":8},{"damage":4,"enemies":"Jaw Worm","floor":10,"turns":3},{"damage":0,"enemies":"Red Slaver","floor":12,"turns":3},{"damage":29,"enemies":"Gremlin Gang","floor":13,"turns":4},{"damage":0,"enemies":"Looter","floor":14,"turns":3},{"damage":18,"enemies":"The Guardian","floor":16,"turns":11},{"damage":14,"enemies":"3 Byrds","floor":18,"turns":3},{"damage":12,"enemies":"Shell Parasite","floor":21,"turns":5},{"damage":7,"enemies":"Snecko","floor":22,"turns":6},{"damage":26,"enemies":"Slavers","floor":23,"turns":2}],"seed_played":"-2633194441941466645","potions_obtained":[{"floor":1,"key":"SkillPotion"},{"floor":7,"key":"SpeedPotion"},{"floor":13,"key":"Block Potion"},{"floor":21,"key":"EssenceOfSteel"},{"floor":22,"key":"Ancient Potion"}],"is_trial":false,"path_per_floor":["M","?","?","?","M","R","E","?","T","M","R","M","M","M","R","B",null,"M","$","?","M","M","E"],"character_chosen":"DEFECT","items_purchased":["Master of Strategy","Biased Cognition"],"campfire_rested":2,"item_purchase_floors":[19,19],"current_hp_per_floor":[61,50,50,50,50,50,16,16,16,12,33,33,4,4,25,7,55,41,41,41,29,22,0],"gold":63,"neow_bonus":"TRANSFORM_TWO_CARDS","is_prod":false,"is_daily":false,"chose_seed":false,"campfire_upgraded":1,"win_rate":0,"timestamp":1541672475,"path_taken":["M","?","?","?","M","R","E","?","T","M","R","?","M","M","R","BOSS","M","$","?","M","?","E"],"build_version":"2018-11-01","purchased_purges":0,"victory":false,"max_hp_per_floor":[71,71,71,71,71,71,71,71,71,71,71,71,71,71,71,71,71,71,71,71,71,71,71],"card_choices":[{"not_picked":["Compile Driver","Reprogram"],"picked":"Auto Shields","floor":1},{"not_picked":["Fusion","Rebound"],"picked":"Go for the Eyes","floor":5},{"not_picked":["Rebound","Beam Cell"],"picked":"Echo Form","floor":7},{"not_picked":["Hello World","Steam Power","Go for the Eyes"],"picked":"SKIP","floor":10},{"not_picked":["Stack","Heatsinks"],"picked":"Leap","floor":12},{"not_picked":["Compile Driver","Sweeping Beam"],"picked":"White Noise","floor":13},{"not_picked":["Stack","Gash"],"picked":"Beam Cell","floor":14},{"not_picked":["Echo Form","Hyperbeam"],"picked":"Electrodynamics","floor":16},{"not_picked":["FTL","Barrage"],"picked":"Skim","floor":18},{"not_picked":["Compile Driver","Cold Snap+1"],"picked":"Capacitor+1","floor":21},{"not_picked":["Streamline","Leap","Hello World+1"],"picked":"SKIP","floor":22}],"player_experience":702684,"relics_obtained":[{"floor":7,"key":"PreservedInsect"},{"floor":9,"key":"MawBank"}],"event_choices":[{"damage_healed":0,"gold_gain":75,"player_choice":"Gather Gold","damage_taken":11,"max_hp_gain":0,"max_hp_loss":0,"event_name":"World of Goop","floor":2,"gold_loss":0},{"damage_healed":0,"gold_gain":0,"player_choice":"Box","damage_taken":0,"relics_obtained":["DataDisk"],"max_hp_gain":0,"max_hp_loss":0,"event_name":"Big Fish","floor":3,"gold_loss":0,"cards_obtained":["Regret"]},{"cards_removed":["Regret"],"damage_healed":0,"gold_gain":0,"player_choice":"Card Removal","damage_taken":0,"max_hp_gain":0,"max_hp_loss":0,"event_name":"The Cleric","floor":4,"gold_loss":75},{"damage_healed":0,"gold_gain":0,"player_choice":"Ignored","damage_taken":0,"max_hp_gain":0,"max_hp_loss":0,"event_name":"Shining Light","floor":8,"gold_loss":0},{"damage_healed":0,"gold_gain":0,"player_choice":"Copied","damage_taken":0,"max_hp_gain":0,"max_hp_loss":0,"event_name":"Duplicator","floor":20,"gold_loss":0,"cards_obtained":["Defragment"]}],"is_beta":false,"boss_relics":[{"not_picked":["Orrery","Philosopher\u0027s Stone"],"picked":"Pandora\u0027s Box"}],"items_purged_floors":[],"is_endless":false,"potions_floor_spawned":[1,7,13,21,22],"killed_by":"Slavers","ascension_level":18}