{"gold_per_floor":[117,192,107,257,55,82,101,101,101,101,101,136,136,162,162,235,235,248,266,266,16,16,43,53,53],"floor_reached":25,"playtime":925,"items_purged":["Doubt"],"score":524,"play_id":"bba28593-6aa2-4428-90a3-c49824b8efbe","local_time":"20181221055157","is_ascension_mode":true,"campfire_choices":[{"data":"Rainbow","floor":8.0,"key":"SMITH"},{"floor":15.0,"key":"REST"}],"neow_cost":"NONE","seed_source_timestamp":0,"circlet_count":0,"master_deck":["AscendersBane","Strike_B+1","Strike_B","Strike_B","Strike_B","Defend_B","Defend_B+1","Defend_B","Defend_B","Zap","Dualcast","Compile Driver","Defragment","Defragment+1","Good Instincts","Rainbow+1","Leap","Hologram","Thunder Strike","Chill","Self Repair","Defragment+1","Enlightenment","Creative AI","Ball Lightning+1","Compile Driver+1"],"special_seed":0,"relics":["Cracked Core","NeowsBlessing","Strawberry","Ornamental Fan","Blue Candle","Bottled Tornado","Cursed Key","Molten Egg 2"],"potions_floor_usage":[18,22,23],"damage_taken":[{"damage":0.0,"enemies":"2 Louse","floor":1.0,"turns":1.0},{"damage":0.0,"enemies":"Gremlin Nob","floor":6.0,"turns":1.0},{"damage":0.0,"enemies":"Jaw Worm","floor":7.0,"turns":1.0},{"damage":2.0,"enemies":"Lagavulin","floor":12.0,"turns":7.0},{"damage":17.0,"enemies":"3 Sentries","floor":14.0,"turns":10.0},{"damage":35.0,"enemies":"The Guardian","floor":16.0,"turns":8.0},{"damage":2,"enemies":"Chosen","floor":18,"turns":5},{"damage":26,"enemies":"Shell Parasite","floor":19,"turns":6},{"damage":0,"enemies":"3 Cultists","floor":22,"turns":4},{"damage":38,"enemies":"Slavers","floor":23,"turns":6},{"damage":6,"enemies":"Cultist and Chosen","floor":24,"turns":7},{"damage":0,"enemies":"Snake Plant","floor":25,"turns":1}],"seed_played":"-3396045998919157736","potions_obtained":[{"floor":1.0,"key":"Dexterity Potion"},{"floor":6.0,"key":"AttackPotion"},{"floor":16.0,"key":"Energy Potion"},{"floor":18,"key":"FocusPotion"},{"floor":19,"key":"SmokeBomb"}],"is_trial":false,"path_per_floor":["M","?","$","?","$","E","M","R","T","?","?","E","?","E","R","B",null,"M","M","?","$","M","E","M","M"],"character_chosen":"DEFECT","items_purchased":["Defragment","Defragment","Good Instincts","Enlightenment","Creative AI"],"campfire_rested":1,"item_purchase_floors":[3,5,5,21,21],"current_hp_per_floor":[64,53,53,53,53,60,60,60,60,37,37,35,35,18,41,6,60,58,32,32,32,39,8,2,2],"gold":53,"neow_bonus":"THREE_ENEMY_KILL","is_prod":false,"is_daily":false,"chose_seed":false,"campfire_upgraded":1,"win_rate":0,"timestamp":1545389517,"path_taken":["M","?","$","?","?","E","?","R","T","?","?","E","?","E","R","BOSS","M","M","?","$","M","E","?","M"],"build_version":"2018-12-20","purchased_purges":1,"victory":false,"max_hp_per_floor":[71,71,71,71,71,78,78,78,78,78,78,78,78,78,78,78,78,78,78,78,78,78,78,78,78],"card_choices":[{"not_picked":["Fusion","Stack"],"picked":"Compile Driver","floor":1.0},{"not_picked":["Barrage","Recycle"],"picked":"Rainbow","floor":6.0},{"not_picked":["Melter","Sunder"],"picked":"Leap","floor":7.0},{"not_picked":["Go for the Eyes","Reinforced Body","Rebound"],"picked":"SKIP","floor":12.0},{"not_picked":["Steam","Gash"],"picked":"Hologram","floor":14.0},{"not_picked":["Reboot","Multi-Cast"],"picked":"Thunder Strike","floor":16.0},{"not_picked":["Stack","Compile Driver"],"picked":"Chill","floor":18},{"not_picked":["Beam Cell","Turbo"],"picked":"Self Repair","floor":19},{"not_picked":["Chaos","Coolheaded"],"picked":"Ball Lightning","floor":23},{"not_picked":["Darkness","Steam"],"picked":"Compile Driver+1","floor":24}],"player_experience":792378,"relics_obtained":[{"floor":6.0,"key":"Strawberry"},{"floor":9.0,"key":"Ornamental Fan"},{"floor":12.0,"key":"Blue Candle"},{"floor":14.0,"key":"Bottled Tornado"},{"floor":23,"key":"Molten Egg 2"}],"event_choices":[{"damage_healed":0.0,"max_hp_gain":0.0,"max_hp_loss":0.0,"gold_gain":75.0,"event_name":"World of Goop","player_choice":"Gather Gold","floor":2.0,"gold_loss":0.0,"damage_taken":11.0},{"damage_healed":0.0,"max_hp_gain":0.0,"max_hp_loss":0.0,"gold_gain":150.0,"event_name":"Liars Game","player_choice":"AGREE","floor":4.0,"gold_loss":0.0,"damage_taken":0.0,"cards_obtained":["Doubt"]},{"damage_healed":0.0,"max_hp_gain":0.0,"max_hp_loss":0.0,"gold_gain":0.0,"event_name":"Shining Light","player_choice":"Entered Light","floor":10.0,"gold_loss":0.0,"damage_taken":23.0,"cards_upgraded":["Strike_B","Defend_B"]},{"damage_healed":0.0,"max_hp_gain":0.0,"max_hp_loss":0.0,"gold_gain":0.0,"event_name":"Dead Adventurer","player_choice":"Searched \u00270\u0027 times","floor":11.0,"gold_loss":0.0,"damage_taken":0.0},{"damage_healed":0.0,"max_hp_gain":0.0,"max_hp_loss":0.0,"gold_gain":0.0,"event_name":"Living Wall","player_choice":"Grow","floor":13.0,"gold_loss":0.0,"damage_taken":0.0,"cards_upgraded":["Defragment"]},{"damage_healed":0,"gold_gain":0,"player_choice":"Copied","damage_taken":0,"max_hp_gain":0,"max_hp_loss":0,"event_name":"Duplicator","floor":20,"gold_loss":0,"cards_obtained":["Defragment"]}],"is_beta":false,"boss_relics":[{"not_picked":["Runic Pyramid","Calling Bell"],"picked":"Cursed Key"}],"items_purged_floors":[5],"is_endless":false,"potions_floor_spawned":[1,6,7,16,18,19],"killed_by":"Snake Plant","ascension_level":20}