{"path_per_floor":["M","M","M","M","?","R","M","E","T","$","R","M","M","M","R","B",null,"M","?","M","$","?"],"character_chosen":"THE_SILENT","items_purchased":["Energy Potion","Footwork"],"gold_per_floor":[10,27,41,58,58,58,82,121,121,20,20,33,47,62,62,193,193,206,206,219,93,93,93],"floor_reached":23,"campfire_rested":1,"playtime":978,"item_purchase_floors":[10,21],"current_hp_per_floor":[54,52,51,47,47,47,41,21,21,21,21,14,24,19,53,53,65,60,60,58,58,58,0],"items_purged":["Strike_G","Strike_G"],"gold":93,"score":245,"play_id":"d6a1b6ed-2f60-49d7-b4e3-8c05d1194e2f","local_time":"20180528155552","is_prod":false,"is_daily":false,"chose_seed":false,"is_ascension_mode":false,"campfire_upgraded":2,"win_rate":0,"timestamp":1527494152,"campfire_choices":[{"data":"Crippling Poison","floor":6,"key":"SMITH"},{"data":"Bouncing Flask","floor":11,"key":"SMITH"},{"floor":15,"key":"REST"}],"path_taken":["M","M","M","M","?","R","M","E","T","?","R","M","M","M","R","BOSS","M","?","M","$","?","E"],"build_version":"2018-05-24","seed_source_timestamp":27058573360820,"purchased_purges":2,"victory":false,"master_deck":["Defend_G","Defend_G","Defend_G","Defend_G","Strike_G","Survivor","Neutralize","Corpse Explosion","Expertise","Escape Plan","Crippling Poison+1","Bouncing Flask+1","Poisoned Stab","After Image","Catalyst","Tactician","Predator","Setup","Footwork"],"max_hp_per_floor":[70,70,70,70,65,65,65,65,65,65,65,65,65,65,65,65,65,65,65,65,65,65,65],"relics":["Ring of the Snake","Golden Idol","Regal Pillow","Smiling Mask","Velvet Choker"],"card_choices":[{"not_picked":["Dagger Spray","Bane"],"picked":"Escape Plan","floor":1},{"not_picked":["Terror","Choke","Flechettes"],"picked":"SKIP","floor":2},{"not_picked":["Dodge and Roll","Footwork","Slice"],"picked":"SKIP","floor":3},{"not_picked":["Prepared","Concentrate"],"picked":"Crippling Poison","floor":4},{"not_picked":["Crippling Poison","Deadly Poison"],"picked":"Bouncing Flask","floor":7},{"not_picked":["PiercingWail","Heel Hook"],"picked":"Poisoned Stab","floor":8},{"not_picked":["Flechettes","Dagger Throw","PiercingWail"],"picked":"SKIP","floor":12},{"not_picked":["Crippling Poison","Dodge and Roll"],"picked":"After Image","floor":13},{"not_picked":["Dodge and Roll","Poisoned Stab"],"picked":"Catalyst","floor":14},{"not_picked":["Night Terror","Die Die Die"],"picked":"Tactician","floor":16},{"not_picked":["Deadly Poison","PiercingWail"],"picked":"Predator","floor":18},{"not_picked":["Masterful Stab+1","Cloak And Dagger"],"picked":"Setup","floor":20}],"player_experience":189943,"potions_floor_usage":[4,13,16,18,23,23],"damage_taken":[{"damage":16,"enemies":"Jaw Worm","floor":1,"turns":6},{"damage":2,"enemies":"Small Slimes","floor":2,"turns":4},{"damage":1,"enemies":"Cultist","floor":3,"turns":4},{"damage":4,"enemies":"Blue Slaver","floor":4,"turns":3},{"damage":6,"enemies":"Large Slime","floor":7,"turns":8},{"damage":20,"enemies":"Lagavulin","floor":8,"turns":7},{"damage":7,"enemies":"Looter","floor":12,"turns":3},{"damage":4,"enemies":"Blue Slaver","floor":13,"turns":4},{"damage":5,"enemies":"Large Slime","floor":14,"turns":5},{"damage":0,"enemies":"The Guardian","floor":16,"turns":7},{"damage":5,"enemies":"Spheric Guardian","floor":18,"turns":4},{"damage":2,"enemies":"Chosen","floor":20,"turns":3},{"damage":62,"enemies":"Gremlin Leader","floor":23,"turns":6}],"relics_obtained":[{"floor":8,"key":"Regal Pillow"},{"floor":9,"key":"Smiling Mask"}],"event_choices":[{"event_name":"Golden Idol","player_choice":"Lose Max HP","floor":5,"damage_taken":0},{"event_name":"Back to Basics","player_choice":"Elegance","floor":19,"damage_taken":0},{"event_name":"Ghosts","player_choice":"Ignored","floor":22,"damage_taken":0}],"boss_relics":[{"not_picked":["Ectoplasm","Cursed Key"],"picked":"Velvet Choker"}],"items_purged_floors":[10,21],"potions_floor_spawned":[3,7,8,14,18],"seed_played":"-2807412543873675998","killed_by":"Gremlin Leader","ascension_level":0,"potions_obtained":[{"floor":3,"key":"FearPotion"},{"floor":7,"key":"Dexterity Potion"},{"floor":8,"key":"Regen Potion"},{"floor":14,"key":"Weak Potion"},{"floor":18,"key":"Weak Potion"}],"is_trial":false}