{"gold_per_floor":[119,5,17,27,27,27,54,66,135,135,155,169,122,22,22,22],"floor_reached":16,"playtime":384,"items_purged":["Strike_G","Strike_G"],"score":102,"play_id":"772031af-d3e2-4a94-bb4e-8bc67c71b918","local_time":"20190412144706","is_ascension_mode":false,"campfire_choices":[{"data":"Cloak And Dagger","floor":6,"key":"SMITH"},{"floor":10,"key":"REST"},{"floor":15,"key":"REST"}],"neow_cost":"NONE","seed_source_timestamp":109545773115300,"circlet_count":0,"master_deck":["Defend_G+1","Defend_G","Defend_G+1","Defend_G","Defend_G","Strike_G","Strike_G","Strike_G","Survivor","Neutralize","Cloak And Dagger+1","Eviscerate","Reflex","Footwork","Terror","Heel Hook","Acrobatics"],"relics":["WristBlade","Peace Pipe"],"potions_floor_usage":[7],"damage_taken":[{"damage":5,"enemies":"Small Slimes","floor":1,"turns":4},{"damage":0,"enemies":"2 Louse","floor":3,"turns":4},{"damage":6,"enemies":"Jaw Worm","floor":4,"turns":5},{"damage":43,"enemies":"Lagavulin","floor":7,"turns":11},{"damage":0,"enemies":"Blue Slaver","floor":8,"turns":4},{"damage":17,"enemies":"Exordium Wildlife","floor":11,"turns":7},{"damage":0,"enemies":"3 Louse","floor":12,"turns":3},{"damage":0,"enemies":"The Guardian","floor":16,"turns":1}],"seed_played":"-276663042032956905","potions_obtained":[{"floor":3,"key":"LiquidBronze"},{"floor":4,"key":"FairyPotion"},{"floor":12,"key":"FearPotion"}],"is_trial":false,"path_per_floor":["M","$","M","M","?","R","E","M","T","R","M","M","?","$","R","B"],"character_chosen":"THE_SILENT","items_purchased":["Eviscerate"],"campfire_rested":2,"item_purchase_floors":[2],"current_hp_per_floor":[65,65,65,59,45,45,2,2,2,23,6,6,6,6,27,27],"gold":22,"neow_bonus":"BOSS_RELIC","is_prod":false,"is_daily":false,"chose_seed":false,"campfire_upgraded":1,"win_rate":0,"timestamp":1555051626,"path_taken":["M","$","M","M","?","R","E","M","T","R","M","M","?","$","R","BOSS"],"build_version":"2019-01-23","purchased_purges":2,"victory":false,"max_hp_per_floor":[70,70,70,70,70,70,70,70,70,70,70,70,70,70,70,70],"card_choices":[{"not_picked":["PiercingWail","All Out Attack"],"picked":"Cloak And Dagger","floor":1},{"not_picked":["Dodge and Roll","Blur"],"picked":"Reflex","floor":3},{"not_picked":["Outmaneuver","Slice","Reflex"],"picked":"SKIP","floor":4},{"not_picked":["Dash","Sucker Punch"],"picked":"Footwork","floor":7},{"not_picked":["Terror","Poisoned Stab","Choke"],"picked":"SKIP","floor":8},{"not_picked":["Poisoned Stab","Choke"],"picked":"Terror","floor":8},{"not_picked":["Riddle With Holes","Outmaneuver"],"picked":"Heel Hook","floor":11},{"not_picked":["Underhanded Strike","Footwork"],"picked":"Acrobatics","floor":12}],"player_experience":478102,"relics_obtained":[{"floor":7,"key":"Peace Pipe"}],"event_choices":[{"damage_healed":0,"gold_gain":0,"player_choice":"Entered Light","damage_taken":14,"max_hp_gain":0,"max_hp_loss":0,"event_name":"Shining Light","floor":5,"gold_loss":0,"cards_upgraded":["Defend_G","Defend_G"]},{"damage_healed":0,"gold_gain":0,"player_choice":"Left Gold","damage_taken":0,"max_hp_gain":0,"max_hp_loss":0,"event_name":"World of Goop","floor":13,"gold_loss":47}],"is_beta":false,"boss_relics":[],"items_purged_floors":[2,14],"is_endless":false,"potions_floor_spawned":[3,4,12],"killed_by":"The Guardian","ascension_level":0}