{"gold_per_floor":[117,137,137,137,51,81,81,101,101,120,131,96,96,21,21,95,95,113,34,34,49,49,49,67,67,67,67,67,67,93,113,113,113],"floor_reached":33,"playtime":936,"items_purged":["Regret"],"score":526,"play_id":"d5a9e9db-80f3-4246-8123-89fa3cd34749","local_time":"20181126140637","is_ascension_mode":true,"campfire_choices":[{"floor":7.0,"key":"REST"},{"data":"Biased Cognition","floor":15.0,"key":"SMITH"},{"floor":23.0,"key":"REST"},{"data":"Chill","floor":27.0,"key":"SMITH"},{"floor":32.0,"key":"REST"}],"neow_cost":"NONE","seed_source_timestamp":0,"circlet_count":0,"master_deck":["AscendersBane","Strike_B+1","Strike_B+1","Strike_B+1","Strike_B+1","Defend_B+1","Defend_B+1","Defend_B+1","Defend_B+1","Zap","Dualcast","Clumsy","Parasite","Ball Lightning+1","Undo","Chill+1","Sweeping Beam+1","Cold Snap+1","Biased Cognition+1","Compile Driver+1","Echo Form","Conserve Battery","Barrage+1","Beam Cell+1","Melter+1","Go for the Eyes+1","Decay","Glacier","Blizzard+1","Coolheaded"],"special_seed":0,"relics":["Calling Bell","Bronze Scales","Molten Egg 2","Du-Vu Doll","Dodecahedron","Shuriken","Ancient Tea Set","Inserter","The Courier","Dead Branch","Ginger"],"potions_floor_usage":[],"damage_taken":[{"damage":12.0,"enemies":"Jaw Worm","floor":1.0,"turns":3.0},{"damage":0.0,"enemies":"2 Louse","floor":2.0,"turns":2.0},{"damage":17.0,"enemies":"Lagavulin","floor":6.0,"turns":6.0},{"damage":5.0,"enemies":"Small Slimes","floor":8.0,"turns":2.0},{"damage":1.0,"enemies":"Looter","floor":10.0,"turns":3.0},{"damage":2.0,"enemies":"Large Slime","floor":11.0,"turns":4.0},{"damage":21.0,"enemies":"The Guardian","floor":16.0,"turns":8.0},{"damage":20.0,"enemies":"Spheric Guardian","floor":18.0,"turns":5.0},{"damage":10.0,"enemies":"2 Thieves","floor":21.0,"turns":4.0},{"damage":15.0,"enemies":"Snake Plant","floor":24.0,"turns":3.0},{"damage":21.0,"enemies":"Slavers","floor":30.0,"turns":6.0},{"damage":0.0,"enemies":"3 Cultists","floor":31.0,"turns":3.0},{"damage":48,"enemies":"Collector","floor":33,"turns":8}],"seed_played":"-1330630238090063100","potions_obtained":[{"floor":1.0,"key":"Fire Potion"},{"floor":10.0,"key":"PowerPotion"},{"floor":11.0,"key":"SkillPotion"},{"floor":18.0,"key":"Fire Potion"},{"floor":21.0,"key":"PowerPotion"}],"is_trial":false,"path_per_floor":["M","M","?","?","$","E","R","M","T","M","M","?","?","$","R","B",null,"M","$","?","M","?","R","M","?","T","R","?","T","E","M","R","B"],"character_chosen":"DEFECT","items_purchased":["Chill","Barrage+1","Beam Cell+1"],"campfire_rested":3,"item_purchase_floors":[5,19,19],"current_hp_per_floor":[52,52,52,45,45,28,49,44,44,43,41,58,58,58,58,37,63,43,43,43,33,33,54,39,39,39,39,39,39,18,18,39,0],"gold":113,"neow_bonus":"BOSS_RELIC","is_prod":false,"is_daily":false,"chose_seed":false,"campfire_upgraded":2,"win_rate":0,"timestamp":1543259197,"path_taken":["M","M","?","?","$","E","R","M","T","?","M","?","?","$","R","BOSS","M","$","?","M","?","R","M","?","T","R","?","?","E","M","R","BOSS"],"build_version":"2018-11-15","purchased_purges":1,"victory":false,"max_hp_per_floor":[71,71,71,71,71,71,71,71,71,71,71,71,71,71,71,71,71,71,71,71,71,71,71,71,71,71,71,71,71,71,71,71,71],"card_choices":[{"not_picked":["Conserve Battery","Rebound+1"],"picked":"Ball Lightning+1","floor":1.0},{"not_picked":["Loop","Redo"],"picked":"Undo","floor":2.0},{"not_picked":["Heatsinks","Recycle"],"picked":"Sweeping Beam+1","floor":6.0},{"not_picked":["Compile Driver+1","Gash+1"],"picked":"Cold Snap+1","floor":8.0},{"not_picked":["Reprogram","Coolheaded"],"picked":"Biased Cognition","floor":10.0},{"not_picked":["Rebound+1","Steam"],"picked":"Compile Driver+1","floor":11.0},{"not_picked":["Machine Learning","Buffer"],"picked":"Echo Form","floor":16.0},{"not_picked":["Beam Cell+1","FTL+1"],"picked":"Conserve Battery","floor":18.0},{"not_picked":["Steam+1","Darkness"],"picked":"Melter+1","floor":21.0},{"not_picked":["Redo","Recycle"],"picked":"Go for the Eyes+1","floor":24.0},{"not_picked":["Melter+1","Double Energy"],"picked":"Blizzard+1","floor":30.0},{"not_picked":["Leap","Gash+1"],"picked":"Coolheaded","floor":31.0}],"player_experience":771487,"relics_obtained":[{"floor":0.0,"key":"Bronze Scales"},{"floor":0.0,"key":"Molten Egg 2"},{"floor":0.0,"key":"Du-Vu Doll"},{"floor":6.0,"key":"Dodecahedron"},{"floor":9.0,"key":"Shuriken"},{"floor":26.0,"key":"The Courier"},{"floor":29.0,"key":"Dead Branch"},{"floor":30.0,"key":"Ginger"}],"event_choices":[{"damage_healed":0.0,"max_hp_gain":0.0,"max_hp_loss":0.0,"gold_gain":0.0,"event_name":"Shining Light","player_choice":"Ignored","floor":3.0,"gold_loss":0.0,"damage_taken":0.0},{"cards_removed":["Normality"],"damage_healed":0.0,"max_hp_gain":0.0,"max_hp_loss":0.0,"gold_gain":0.0,"event_name":"Golden Wing","player_choice":"Card Removal","floor":4.0,"gold_loss":0.0,"damage_taken":7.0},{"damage_healed":17.0,"max_hp_gain":0.0,"max_hp_loss":0.0,"gold_gain":0.0,"event_name":"The Cleric","player_choice":"Healed","floor":12.0,"gold_loss":35.0,"damage_taken":0.0},{"damage_healed":0.0,"max_hp_gain":0.0,"max_hp_loss":0.0,"gold_gain":0.0,"event_name":"Big Fish","player_choice":"Box","floor":13.0,"gold_loss":0.0,"damage_taken":0.0,"relics_obtained":["Ancient Tea Set"],"cards_obtained":["Regret"]},{"damage_healed":0.0,"max_hp_gain":0.0,"max_hp_loss":0.0,"gold_gain":0.0,"event_name":"Ghosts","player_choice":"Ignored","floor":20.0,"gold_loss":0.0,"damage_taken":0.0},{"damage_healed":0.0,"max_hp_gain":0.0,"max_hp_loss":0.0,"gold_gain":0.0,"event_name":"Back to Basics","player_choice":"Simplicity","floor":22.0,"gold_loss":0.0,"damage_taken":0.0,"cards_upgraded":["Strike_B","Strike_B","Strike_B","Strike_B","Defend_B","Defend_B","Defend_B","Defend_B"]},{"damage_healed":0.0,"max_hp_gain":0.0,"max_hp_loss":0.0,"gold_gain":0.0,"event_name":"Forgotten Altar","player_choice":"Smashed Altar","floor":25.0,"gold_loss":0.0,"damage_taken":0.0,"cards_obtained":["Decay"]},{"damage_healed":0.0,"max_hp_gain":0.0,"max_hp_loss":0.0,"gold_gain":0.0,"event_name":"The Library","player_choice":"Read","floor":28.0,"gold_loss":0.0,"damage_taken":0.0,"cards_obtained":["Glacier"]}],"is_beta":false,"boss_relics":[{"not_picked":["Cursed Key","Ectoplasm"],"picked":"Inserter"}],"items_purged_floors":[14],"is_endless":false,"potions_floor_spawned":[1,10,11,18,21],"killed_by":"Collector","ascension_level":20}