{"gold_per_floor":[118,134,53,53,79,79,4,30,107,107,123,143,143,161,161,232,232,248,248,163,175,175,204,204,204,204,204,20,46,46,74,74,146,146,163,163,163,163,176,176,201,76,76,76,108,52,52,83,83,83,83,83,83,27,57,57],"floor_reached":57,"playtime":2181,"items_purged":["Strike_R","Strike_R","Spot Weakness+1"],"score":2976,"play_id":"15f4c5d8-d35f-4836-be03-23267749eb52","local_time":"20190504000222","is_ascension_mode":true,"campfire_choices":[{"data":"Feed","floor":6.0,"key":"SMITH"},{"data":"True Grit","floor":10.0,"key":"SMITH"},{"data":"Pummel","floor":15.0,"key":"SMITH"},{"floor":25.0,"key":"REST"},{"data":"Burning Pact","floor":27.0,"key":"SMITH"},{"floor":30.0,"key":"REST"},{"data":"Evolve","floor":32.0,"key":"SMITH"},{"data":"Second Wind","floor":40.0,"key":"SMITH"},{"floor":47.0,"key":"REST"},{"floor":49.0,"key":"RECALL"},{"data":"Power Through","floor":53.0,"key":"SMITH"}],"neow_cost":"NONE","seed_source_timestamp":778943935167322,"circlet_count":0,"master_deck":["AscendersBane","Defend_R+1","Defend_R","Defend_R","Defend_R","Wild Strike+1","Rupture+1","Second Wind+1","Burning Pact+1","Feed+1","True Grit+1","Pummel+1","Shrug It Off+1","Evolve+1","Feel No Pain","Body Slam+1","Demon Form","Barricade","Power Through+1"],"special_seed":0,"relics":["Astrolabe","Oddly Smooth Stone","Dream Catcher","Self Forming Clay","Black Star","Charon\u0027s Ashes","Strawberry","Lantern","Blood Vial","Potion Belt","Thread and Needle","Regal Pillow","Mummified Hand","Busted Crown","Happy Flower","Bronze Scales","Calipers","Bottled Tornado","War Paint","Pocketwatch","Pear","Red Skull","Bag of Preparation"],"potions_floor_usage":[55,55,56,56],"damage_taken":[{"damage":6.0,"enemies":"Cultist","floor":1.0,"turns":4.0},{"damage":0.0,"enemies":"Jaw Worm","floor":2.0,"turns":3.0},{"damage":30.0,"enemies":"Lagavulin","floor":8.0,"turns":8.0},{"damage":0.0,"enemies":"2 Louse","floor":11.0,"turns":3.0},{"damage":18.0,"enemies":"Large Slime","floor":12.0,"turns":8.0},{"damage":0.0,"enemies":"Exordium Wildlife","floor":14.0,"turns":3.0},{"damage":31.0,"enemies":"Slime Boss","floor":16.0,"turns":12.0},{"damage":25.0,"enemies":"3 Byrds","floor":18.0,"turns":6.0},{"damage":22.0,"enemies":"Shell Parasite","floor":21.0,"turns":7.0},{"damage":52.0,"enemies":"Gremlin Leader","floor":23.0,"turns":6.0},{"damage":20.0,"enemies":"Book of Stabbing","floor":29.0,"turns":4.0},{"damage":38.0,"enemies":"Slavers","floor":31.0,"turns":5.0},{"damage":42.0,"enemies":"Champ","floor":33.0,"turns":12.0},{"damage":44.0,"enemies":"3 Darklings","floor":35.0,"turns":5.0},{"damage":6.0,"enemies":"Orb Walker","floor":39.0,"turns":4.0},{"damage":50.0,"enemies":"Nemesis","floor":41.0,"turns":11.0},{"damage":3.0,"enemies":"Giant Head","floor":45.0,"turns":6.0},{"damage":33.0,"enemies":"Reptomancer","floor":48.0,"turns":5.0},{"damage":19.0,"enemies":"Donu and Deca","floor":50.0,"turns":7.0},{"damage":26.0,"enemies":"Time Eater","floor":51.0,"turns":7.0},{"damage":0,"enemies":"Shield and Spear","floor":55,"turns":6},{"damage":32,"enemies":"The Heart","floor":56,"turns":8}],"seed_played":"-2717744239604316603","potions_obtained":[{"floor":8.0,"key":"Dexterity Potion"},{"floor":11.0,"key":"Strength Potion"},{"floor":12.0,"key":"BloodPotion"},{"floor":16.0,"key":"BloodPotion"},{"floor":18.0,"key":"Regen Potion"},{"floor":21.0,"key":"FearPotion"},{"floor":24.0,"key":"AttackPotion"},{"floor":31.0,"key":"Dexterity Potion"},{"floor":33.0,"key":"Regen Potion"},{"floor":35.0,"key":"Poison Potion"},{"floor":45.0,"key":"FearPotion"},{"floor":55,"key":"AttackPotion"}],"is_trial":false,"path_per_floor":["M","M","$","?","T","R","$","E","T","R","M","M","?","M","R","B",null,"M","?","?","M","T","E","?","R","T","R","$","E","R","E","R","B",null,"M","?","?","?","M","R","E","$","T","$","E","$","R","E","R","B","B",null,"R","$","E","B",null],"character_chosen":"IRONCLAD","items_purchased":["Feed","Evolve","Swift Potion","Energy Potion"],"campfire_rested":3,"item_purchase_floors":[3,28,46,54],"current_hp_per_floor":[62,62,62,67,67,67,67,37,37,37,41,27,27,39,39,8,71,60,31,31,34,41,13,13,45,45,45,45,27,59,51,51,29,91,75,75,75,75,75,75,31,31,31,31,30,30,82,61,61,44,20,106,106,106,112,97],"gold":57,"neow_bonus":"BOSS_RELIC","is_prod":false,"is_daily":false,"chose_seed":false,"campfire_upgraded":7,"win_rate":0,"timestamp":1556899342,"path_taken":["M","?","$","?","?","R","?","E","T","R","M","M","?","M","R","BOSS","M","?","?","M","?","E","?","R","T","R","$","E","R","E","R","BOSS","M","?","?","?","?","R","E","$","T","$","E","$","R","E","R","BOSS","BOSS","R","$","E","BOSS"],"build_version":"2019-01-23","purchased_purges":3,"victory":true,"max_hp_per_floor":[75,75,75,80,80,80,80,80,80,80,84,88,88,92,92,92,92,96,101,101,101,108,108,108,108,108,108,108,108,108,112,112,112,112,116,116,116,116,120,120,124,124,124,124,124,124,124,134,134,134,134,134,134,134,138,138],"card_choices":[{"not_picked":["Wild Strike","Cleave"],"picked":"Second Wind","floor":1.0},{"not_picked":["Heavy Blade","Clash"],"picked":"Burning Pact","floor":2.0},{"not_picked":["Clothesline","Cleave"],"picked":"True Grit","floor":8.0},{"not_picked":["Clash","Anger","Fiend Fire"],"picked":"SKIP","floor":11.0},{"not_picked":["Anger","Seeing Red","Pummel"],"picked":"SKIP","floor":12.0},{"not_picked":["Twin Strike","Headbutt"],"picked":"Pummel","floor":14.0},{"not_picked":["Berserk","Juggernaut"],"picked":"Reaper","floor":16.0},{"not_picked":["Heavy Blade+1","Twin Strike","Iron Wave"],"picked":"SKIP","floor":18.0},{"not_picked":["Anger","Twin Strike","Sentinel"],"picked":"SKIP","floor":21.0},{"not_picked":["Anger","Shrug It Off","Clash"],"picked":"SKIP","floor":23.0},{"not_picked":["Anger","Clash"],"picked":"Shrug It Off","floor":23.0},{"not_picked":["Perfected Strike","Evolve","Twin Strike"],"picked":"SKIP","floor":29.0},{"not_picked":["Havoc","Sentinel"],"picked":"Feel No Pain","floor":30.0},{"not_picked":["Havoc","Whirlwind"],"picked":"Body Slam+1","floor":31.0},{"not_picked":["Bludgeon","Feed"],"picked":"Demon Form","floor":33.0},{"not_picked":["Headbutt"],"picked":"SKIP","floor":35.0},{"not_picked":["Warcry"],"picked":"SKIP","floor":39.0},{"not_picked":[],"picked":"Barricade","floor":41.0},{"not_picked":["Infernal Blade"],"picked":"SKIP","floor":45.0},{"not_picked":[],"picked":"Power Through","floor":48.0},{"not_picked":["Bludgeon"],"picked":"SKIP","floor":55}],"player_experience":1546584,"relics_obtained":[{"floor":5.0,"key":"Oddly Smooth Stone"},{"floor":8.0,"key":"Dream Catcher"},{"floor":9.0,"key":"Self Forming Clay"},{"floor":22.0,"key":"Strawberry"},{"floor":23.0,"key":"Lantern"},{"floor":23.0,"key":"Blood Vial"},{"floor":29.0,"key":"Potion Belt"},{"floor":29.0,"key":"Thread and Needle"},{"floor":31.0,"key":"Regal Pillow"},{"floor":31.0,"key":"Mummified Hand"},{"floor":41.0,"key":"Happy Flower"},{"floor":41.0,"key":"Bronze Scales"},{"floor":43.0,"key":"Calipers"},{"floor":45.0,"key":"Bottled Tornado"},{"floor":45.0,"key":"War Paint"},{"floor":48.0,"key":"Pocketwatch"},{"floor":48.0,"key":"Pear"},{"floor":55,"key":"Red Skull"},{"floor":55,"key":"Bag of Preparation"}],"event_choices":[{"damage_healed":0.0,"max_hp_gain":5.0,"max_hp_loss":0.0,"gold_gain":0.0,"event_name":"Big Fish","player_choice":"Donut","floor":4.0,"gold_loss":0.0,"damage_taken":0.0},{"damage_healed":0.0,"max_hp_gain":0.0,"max_hp_loss":0.0,"gold_gain":0.0,"event_name":"Liars Game","player_choice":"Ignored","floor":13.0,"gold_loss":0.0,"damage_taken":0.0},{"damage_healed":0.0,"max_hp_gain":5.0,"max_hp_loss":0.0,"gold_gain":0.0,"event_name":"Forgotten Altar","player_choice":"Shed Blood","floor":19.0,"gold_loss":0.0,"damage_taken":34.0},{"damage_healed":0.0,"max_hp_gain":0.0,"max_hp_loss":0.0,"gold_gain":0.0,"event_name":"Addict","player_choice":"Obtained Relic","floor":20.0,"gold_loss":85.0,"damage_taken":0.0,"relics_obtained":["Charon\u0027s Ashes"]},{"damage_healed":0.0,"max_hp_gain":0.0,"max_hp_loss":0.0,"gold_gain":0.0,"event_name":"Lab","player_choice":"Got Potions","floor":24.0,"gold_loss":0.0,"damage_taken":0.0},{"cards_removed":["Reaper"],"damage_healed":0.0,"max_hp_gain":0.0,"max_hp_loss":0.0,"gold_gain":0.0,"event_name":"Falling","player_choice":"Removed Attack","floor":36.0,"gold_loss":0.0,"damage_taken":0.0},{"damage_healed":0.0,"max_hp_gain":0.0,"max_hp_loss":0.0,"gold_gain":0.0,"event_name":"SensoryStone","player_choice":"Memory 1","floor":37.0,"gold_loss":0.0,"damage_taken":0.0},{"cards_removed":["Bash"],"damage_healed":0.0,"max_hp_gain":0.0,"max_hp_loss":0.0,"gold_gain":0.0,"event_name":"Purifier","player_choice":"Purged","floor":38.0,"gold_loss":0.0,"damage_taken":0.0}],"is_beta":false,"boss_relics":[{"not_picked":["Ectoplasm","White Beast Statue"],"picked":"Black Star"},{"not_picked":["Eternal Feather","Sozu"],"picked":"Busted Crown"}],"items_purged_floors":[7,28,42],"is_endless":false,"potions_floor_spawned":[8,11,12,16,18,21,31,33,35,45,55],"ascension_level":20}