{"gold_per_floor":[109,75,89,89,104,137,137,137,137,137,59,89,103,103,103,208,208,219,144,144,172,24,24,34,34,60,72,72],"floor_reached":28,"playtime":880,"items_purged":[],"score":280,"play_id":"c42cd24a-3491-4788-aac6-257e2f3e41d2","local_time":"20180818140301","is_ascension_mode":true,"campfire_choices":[{"floor":7,"key":"REST"},{"data":"Zap","floor":10,"key":"SMITH"},{"floor":15,"key":"REST"},{"floor":23,"key":"REST"}],"neow_cost":"","seed_source_timestamp":158232252324096,"circlet_count":0,"master_deck":["Strike_B","Defend_B","Defend_B","Defend_B","Defend_B","Zap+1","Dualcast","Chill","BootSequence","Sweeping Beam","Tempest","Leap","Consume","Cold Snap","Multi-Cast","Enlightenment","Redo+1","Turbo"],"relics":["Cracked Core","Pear","DataDisk","Question Card","Kunai","Philosopher\u0027s Stone","Red Mask","Oddly Smooth Stone","Ornamental Fan","Bag of Preparation"],"potions_floor_usage":[12,16,21,21,28],"damage_taken":[{"damage":0,"enemies":"Cultist","floor":1,"turns":4},{"damage":0,"enemies":"2 Louse","floor":3,"turns":2},{"damage":3,"enemies":"Small Slimes","floor":5,"turns":3},{"damage":41,"enemies":"Lagavulin","floor":6,"turns":9},{"damage":1,"enemies":"3 Sentries","floor":12,"turns":5},{"damage":0,"enemies":"Exordium Wildlife","floor":13,"turns":3},{"damage":2,"enemies":"Slime Boss","floor":16,"turns":10},{"damage":10,"enemies":"2 Thieves","floor":18,"turns":3},{"damage":80,"floor":21,"turns":6},{"damage":0,"enemies":"Chosen","floor":24,"turns":4},{"damage":4,"enemies":"Snake Plant","floor":27,"turns":3},{"damage":27,"enemies":"Shelled Parasite and Fungi","floor":28,"turns":7}],"seed_played":"3781753250643230234","potions_obtained":[{"floor":6,"key":"AttackPotion"},{"floor":12,"key":"Block Potion"},{"floor":16,"key":"Regen Potion"},{"floor":21,"key":"GamblersBrew"}],"is_trial":false,"path_per_floor":["M","$","M","?","M","E","R","?","T","R","$","E","M","?","R","B",null,"M","?","?","?","$","R","M","T","T","M"],"character_chosen":"DEFECT","items_purchased":["BootSequence","FocusPotion","Oddly Smooth Stone"],"campfire_rested":3,"item_purchase_floors":[2,11,22],"current_hp_per_floor":[75,75,75,85,82,41,66,59,59,59,59,58,58,58,83,81,84,74,74,74,6,6,31,31,31,31,27,0],"gold":72,"neow_bonus":"","is_prod":false,"is_daily":false,"chose_seed":false,"campfire_upgraded":1,"win_rate":0,"timestamp":1534593781,"path_taken":["M","$","?","?","?","E","R","?","T","R","$","E","M","?","R","BOSS","M","?","?","?","$","R","M","?","T","?","M"],"build_version":"2018-08-16","purchased_purges":0,"victory":false,"max_hp_per_floor":[75,75,75,85,85,85,85,85,85,85,85,85,85,85,85,85,85,85,85,85,85,85,85,85,85,85,85,85],"card_choices":[{"not_picked":["Go for the Eyes","Stack"],"picked":"Chill","floor":1},{"not_picked":["Scrape","Turbo","Hologram"],"picked":"SKIP","floor":3},{"not_picked":["Ball Lightning","Gash"],"picked":"Sweeping Beam","floor":5},{"not_picked":["Steam Power","Stack"],"picked":"Tempest","floor":6},{"not_picked":["Static Discharge","Rebound","Self Repair"],"picked":"Leap","floor":12},{"not_picked":["Compile Driver","Steam","Beam Cell"],"picked":"Consume","floor":13},{"not_picked":["Core Surge","Biased Cognition","Fission"],"picked":"Multi-Cast","floor":16},{"not_picked":["Turbo","Genetic Algorithm","Fusion","Cold Snap"],"picked":"SKIP","floor":18},{"not_picked":["Leap+1","Reboot","Coolheaded"],"picked":"Redo+1","floor":21},{"not_picked":["Fusion","Melter","Gash","Storm"],"picked":"SKIP","floor":24},{"not_picked":["Barrage","Tempest","Compile Driver"],"picked":"Turbo","floor":27}],"player_experience":80728,"relics_obtained":[{"floor":6,"key":"DataDisk"},{"floor":9,"key":"Question Card"},{"floor":12,"key":"Kunai"},{"floor":21,"key":"Red Mask"},{"floor":25,"key":"Ornamental Fan"},{"floor":26,"key":"Bag of Preparation"}],"event_choices":[{"event_name":"Accursed Blacksmith","player_choice":"Rummage","floor":4,"damage_taken":0},{"event_name":"Golden Wing","player_choice":"Card Removal","floor":8,"damage_taken":0},{"event_name":"Living Wall","player_choice":"Change","floor":14,"damage_taken":0},{"event_name":"Beggar","player_choice":"Gave Gold","floor":19,"damage_taken":0},{"event_name":"Match and Keep!","player_choice":"1 cards matched","floor":20,"damage_taken":0},{"event_name":"Masked Bandits","player_choice":"Fought Bandits","floor":21,"damage_taken":0}],"is_beta":true,"boss_relics":[{"not_picked":["Eternal Feather","Runic Dome"],"picked":"Philosopher\u0027s Stone"}],"items_purged_floors":[],"is_endless":false,"potions_floor_spawned":[6,12,16,21],"killed_by":"Shelled Parasite and Fungi","ascension_level":5}