{"gold_per_floor":[117,117,392,408,408,451,451,482,529,205,185,85,129,154,154,248,248,269,284,13,13,29,73,93,128,128,128,169,206,137,175,175,271,334,352,352,352,352,367,405,443,487,487,521,546,546],"floor_reached":46,"playtime":2209,"items_purged":["Regret","Night Terror","Storm of Steel+1"],"score":2139,"play_id":"d63167c4-ac26-4487-b89d-80bea472b8ea","local_time":"20190325142058","is_ascension_mode":true,"campfire_choices":[{"data":"Neutralize","floor":7.0,"key":"SMITH"},{"data":"Prepared","floor":15.0,"key":"SMITH"},{"data":"Well Laid Plans","floor":27.0,"key":"SMITH"},{"data":"Expertise","floor":32.0,"key":"SMITH"}],"neow_cost":"NONE","seed_source_timestamp":0,"circlet_count":0,"master_deck":["AscendersBane","Survivor","Neutralize+1","Heel Hook+1","Infinite Blades+1","Slice","Accuracy","Quick Slash","Dodge and Roll+1","Expertise+1","Well Laid Plans+1","Prepared+1","Backflip+1","Finesse","Acrobatics+1","Blade Dance+1","Tactician+1","Grand Finale","Escape Plan+1"],"special_seed":0,"relics":["Pandora\u0027s Box","Golden Idol","Oddly Smooth Stone","Kunai","War Paint","Medical Kit","Boot","Philosopher\u0027s Stone","Toxic Egg 2","Torii","MawBank","Blood Vial","Tiny House","WingedGreaves","Nunchaku","Meat on the Bone","Gremlin Horn","Ornamental Fan"],"potions_floor_usage":[46,46],"damage_taken":[{"damage":1.0,"enemies":"Small Slimes","floor":1.0,"turns":3.0},{"damage":16.0,"enemies":"2 Louse","floor":4.0,"turns":3.0},{"damage":0.0,"enemies":"Gremlin Nob","floor":6.0,"turns":4.0},{"damage":4.0,"enemies":"Lagavulin","floor":8.0,"turns":5.0},{"damage":0.0,"enemies":"Gremlin Nob","floor":13.0,"turns":3.0},{"damage":0.0,"enemies":"Cultist","floor":14.0,"turns":2.0},{"damage":0.0,"enemies":"Hexaghost","floor":16.0,"turns":7.0},{"damage":16.0,"enemies":"3 Byrds","floor":18.0,"turns":4.0},{"damage":14.0,"enemies":"2 Thieves","floor":19.0,"turns":4.0},{"damage":4.0,"enemies":"Chosen and Byrds","floor":22.0,"turns":6.0},{"damage":0.0,"enemies":"Gremlin Leader","floor":23.0,"turns":6.0},{"damage":9.0,"enemies":"Centurion and Healer","floor":24.0,"turns":4.0},{"damage":0.0,"enemies":"Slavers","floor":25.0,"turns":5.0},{"damage":0.0,"enemies":"Gremlin Leader","floor":28.0,"turns":6.0},{"damage":0.0,"enemies":"Snake Plant","floor":29.0,"turns":4.0},{"damage":0.0,"enemies":"Book of Stabbing","floor":31.0,"turns":3.0},{"damage":0.0,"enemies":"Champ","floor":33.0,"turns":3.0},{"damage":12.0,"enemies":"Orb Walker","floor":35.0,"turns":2.0},{"damage":0.0,"enemies":"3 Shapes","floor":39.0,"turns":2.0},{"damage":0.0,"enemies":"Giant Head","floor":40.0,"turns":3.0},{"damage":0.0,"enemies":"Reptomancer","floor":41.0,"turns":3.0},{"damage":0.0,"enemies":"Nemesis","floor":42.0,"turns":3.0},{"damage":0,"enemies":"Reptomancer","floor":44,"turns":2},{"damage":10,"enemies":"3 Darklings","floor":45,"turns":2},{"damage":0,"enemies":"Nemesis","floor":46,"turns":1}],"seed_played":"-499070295268603133","potions_obtained":[{"floor":4.0,"key":"GhostInAJar"},{"floor":6.0,"key":"Strength Potion"},{"floor":8.0,"key":"Strength Potion"},{"floor":11.0,"key":"EssenceOfSteel"},{"floor":14.0,"key":"EssenceOfSteel"},{"floor":16.0,"key":"FearPotion"},{"floor":18.0,"key":"Regen Potion"},{"floor":23.0,"key":"Swift Potion"},{"floor":24.0,"key":"AttackPotion"},{"floor":31.0,"key":"SneckoOil"},{"floor":33.0,"key":"SpeedPotion"},{"floor":34.0,"key":"Poison Potion"},{"floor":38.0,"key":"EntropicBrew"}],"is_trial":false,"path_per_floor":["M","?","?","M","?","E","R","E","T","$","?","$","E","M","R","B",null,"M","M","$","?","M","E","M","E","T","R","E","M","$","E","R","B",null,"M","?","?","?","M","E","E","E","T","E","M","E"],"character_chosen":"THE_SILENT","items_purchased":["Medical Kit","Well Laid Plans","Backflip","Finesse","Tactician+1"],"campfire_rested":0,"item_purchase_floors":[10,10,20,20,30],"current_hp_per_floor":[58,58,58,42,24,24,24,20,20,20,20,20,20,20,20,20,50,34,20,20,20,28,28,19,19,19,19,19,19,19,19,19,21,55,45,45,45,45,47,49,51,53,53,55,47,49],"gold":546,"neow_bonus":"BOSS_RELIC","is_prod":false,"is_daily":false,"chose_seed":true,"campfire_upgraded":4,"win_rate":0,"timestamp":1553494858,"path_taken":["M","?","?","?","?","E","R","E","T","?","?","$","E","M","R","BOSS","M","M","$","?","M","E","M","E","T","R","E","M","$","E","R","BOSS","M","?","?","?","M","E","E","E","T","E","?","E"],"build_version":"2019-01-23","purchased_purges":3,"victory":false,"max_hp_per_floor":[66,60,60,60,60,60,60,60,60,60,60,60,60,60,60,60,60,60,60,60,60,60,60,60,60,60,60,60,60,60,60,60,60,65,65,62,62,62,62,62,62,62,62,62,62,62],"card_choices":[{"not_picked":["Flying Knee","Dodge and Roll","PiercingWail"],"picked":"SKIP","floor":1.0},{"not_picked":["Quick Slash","Riddle With Holes","Outmaneuver"],"picked":"SKIP","floor":4.0},{"not_picked":["Masterful Stab","Bouncing Flask","Dodge and Roll"],"picked":"SKIP","floor":6.0},{"not_picked":["Outmaneuver","All Out Attack","Crippling Poison"],"picked":"SKIP","floor":8.0},{"not_picked":["Dodge and Roll","Cloak And Dagger"],"picked":"Prepared","floor":13.0},{"not_picked":["All Out Attack","Backstab","Noxious Fumes"],"picked":"SKIP","floor":14.0},{"not_picked":["Acrobatics","Blade Dance","Slice"],"picked":"SKIP","floor":18.0},{"not_picked":["Caltrops","Prepared","Predator"],"picked":"SKIP","floor":19.0},{"not_picked":["Quick Slash+1","Outmaneuver","Cloak And Dagger"],"picked":"SKIP","floor":22.0},{"not_picked":["Well Laid Plans","Skewer","Venomology"],"picked":"SKIP","floor":23.0},{"not_picked":["Bane","Masterful Stab"],"picked":"Acrobatics+1","floor":24.0},{"not_picked":["Underhanded Strike","Predator+1","Backflip+1"],"picked":"SKIP","floor":25.0},{"not_picked":["Bane","Catalyst+1","Underhanded Strike"],"picked":"SKIP","floor":28.0},{"not_picked":["Glass Knife","Flying Knee"],"picked":"Blade Dance+1","floor":29.0},{"not_picked":["Deadly Poison+1","Blade Dance+1","Sucker Punch"],"picked":"SKIP","floor":31.0},{"not_picked":["Venomology+1","Glass Knife"],"picked":"Grand Finale","floor":33.0},{"not_picked":["Flying Knee","Infinite Blades","Blade Dance+1"],"picked":"SKIP","floor":35.0},{"not_picked":["Infinite Blades","Outmaneuver+1"],"picked":"Escape Plan+1","floor":39.0},{"not_picked":["Catalyst+1","Backflip+1","Underhanded Strike"],"picked":"SKIP","floor":40.0},{"not_picked":["Poisoned Stab+1","Blade Dance+1","Catalyst+1"],"picked":"SKIP","floor":41.0},{"not_picked":["All Out Attack","Acrobatics+1","Corpse Explosion+1"],"picked":"SKIP","floor":42.0},{"not_picked":["Terror+1","Leg Sweep+1","Masterful Stab"],"picked":"SKIP","floor":44},{"not_picked":["Sucker Punch+1","Slice+1","Underhanded Strike"],"picked":"SKIP","floor":45}],"player_experience":1262132,"relics_obtained":[{"floor":6.0,"key":"Oddly Smooth Stone"},{"floor":8.0,"key":"Kunai"},{"floor":9.0,"key":"War Paint"},{"floor":13.0,"key":"Boot"},{"floor":23.0,"key":"Toxic Egg 2"},{"floor":26.0,"key":"Torii"},{"floor":28.0,"key":"MawBank"},{"floor":31.0,"key":"Blood Vial"},{"floor":40.0,"key":"WingedGreaves"},{"floor":41.0,"key":"Nunchaku"},{"floor":42.0,"key":"Meat on the Bone"},{"floor":43.0,"key":"Gremlin Horn"},{"floor":44,"key":"Ornamental Fan"}],"event_choices":[{"damage_healed":0.0,"max_hp_gain":0.0,"max_hp_loss":6.0,"gold_gain":0.0,"event_name":"Golden Idol","player_choice":"Lose Max HP","floor":2.0,"gold_loss":0.0,"damage_taken":0.0,"relics_obtained":["Golden Idol"]},{"damage_healed":0.0,"max_hp_gain":0.0,"max_hp_loss":0.0,"gold_gain":275.0,"event_name":"Golden Shrine","player_choice":"Desecrate","floor":3.0,"gold_loss":0.0,"damage_taken":0.0,"cards_obtained":["Regret"]},{"damage_healed":0.0,"max_hp_gain":0.0,"max_hp_loss":0.0,"gold_gain":0.0,"event_name":"Shining Light","player_choice":"Entered Light","floor":5.0,"gold_loss":0.0,"damage_taken":18.0,"cards_upgraded":["Heel Hook","Infinite Blades"]},{"damage_healed":0.0,"max_hp_gain":0.0,"max_hp_loss":0.0,"gold_gain":0.0,"event_name":"The Woman in Blue","player_choice":"Bought 1 Potion","floor":11.0,"gold_loss":0.0,"damage_taken":0.0},{"damage_healed":0.0,"max_hp_gain":0.0,"max_hp_loss":0.0,"gold_gain":0.0,"event_name":"Cursed Tome","player_choice":"Ignored","floor":21.0,"gold_loss":0.0,"damage_taken":0.0},{"damage_healed":0.0,"max_hp_gain":0.0,"max_hp_loss":3.0,"gold_gain":0.0,"event_name":"Winding Halls","player_choice":"Max HP","floor":36.0,"gold_loss":0.0,"damage_taken":0.0},{"cards_removed":["Accuracy"],"damage_healed":0.0,"max_hp_gain":0.0,"max_hp_loss":0.0,"gold_gain":0.0,"event_name":"Falling","player_choice":"Removed Power","floor":37.0,"gold_loss":0.0,"damage_taken":0.0},{"damage_healed":0.0,"max_hp_gain":0.0,"max_hp_loss":0.0,"gold_gain":0.0,"event_name":"Lab","player_choice":"Got Potions","floor":38.0,"gold_loss":0.0,"damage_taken":0.0}],"is_beta":false,"boss_relics":[{"not_picked":["Lizard Tail","Runic Dome"],"picked":"Philosopher\u0027s Stone"},{"not_picked":["Busted Crown","Eternal Feather"],"picked":"Tiny House"}],"items_purged_floors":[10,12,20],"is_endless":false,"potions_floor_spawned":[4,6,8,14,16,18,23,24,31,33,39,40,41],"killed_by":"Nemesis","ascension_level":20}