{"gold_per_floor":[114,114,26,38,51,385,395,395,465,465,465,60,74,100,100,203,203,143,143,143,143,103,103,103,103,103,103,103,103,103,103,103,103,103,103,103,103,103,103,103,103,103,103,8,8,8,8,8,8,8],"floor_reached":51,"playtime":3635,"items_purged":[],"score":773,"play_id":"8ad4b9b2-9ad4-4ad1-a06c-1622a8725022","local_time":"20190318125125","is_ascension_mode":false,"campfire_choices":[{"data":"Bouncing Flask","floor":8,"key":"SMITH"},{"data":"Neutralize","floor":10,"key":"SMITH"},{"data":"Footwork","floor":15,"key":"SMITH"},{"floor":23,"key":"REST"},{"floor":27,"key":"REST"},{"data":"Poisoned Stab","floor":29,"key":"SMITH"},{"data":"Dodge and Roll","floor":32,"key":"SMITH"},{"data":"Burst","floor":40,"key":"SMITH"},{"data":"Deadly Poison","floor":45,"key":"SMITH"},{"data":"Madness","floor":49,"key":"SMITH"}],"neow_cost":"NONE","seed_source_timestamp":443684777019856,"circlet_count":0,"master_deck":["Defend_G","Defend_G","Defend_G","Defend_G","Strike_G+1","Strike_G","Strike_G+1","Survivor","Neutralize+1","Noxious Fumes+1","Footwork+1","Dodge and Roll+1","Bouncing Flask+1","Poisoned Stab+1","PiercingWail","Corpse Explosion+1","Flying Knee","Venomology+1","Accuracy+1","Noxious Fumes+1","Quick Slash","Well Laid Plans+1","Accuracy+1","Bane+1","Crippling Poison+1","Cloak And Dagger","Infinite Blades+1","Burst+1","Deadly Poison+1","Madness+1","Madness","Caltrops+1","Crippling Poison+1","Dagger Throw","Heel Hook+1","Noxious Fumes+1","Impatience","Accuracy+1","Dodge and Roll+1"],"relics":["Ring of the Snake","PreservedInsect","Old Coin","Mummified Hand","Frozen Egg 2","Juzu Bracelet","Snake Skull","Ectoplasm","Centennial Puzzle","Torii","Pantograph","Bag of Preparation","Whetstone","Runic Pyramid","The Courier","Pear","Darkstone Periapt"],"potions_floor_usage":[16,20,24,25,25,25,31,33,33,38,38,42,42,48,50,50,50,50],"damage_taken":[{"damage":0,"enemies":"Small Slimes","floor":1,"turns":4},{"damage":0,"enemies":"Cultist","floor":4,"turns":5},{"damage":0,"enemies":"2 Louse","floor":5,"turns":3},{"damage":14,"enemies":"3 Sentries","floor":6,"turns":7},{"damage":1,"enemies":"Blue Slaver","floor":7,"turns":4},{"damage":2,"enemies":"Red Slaver","floor":13,"turns":3},{"damage":12,"enemies":"Gremlin Nob","floor":14,"turns":3},{"damage":8,"enemies":"The Guardian","floor":16,"turns":7},{"damage":12,"enemies":"2 Thieves","floor":18,"turns":3},{"damage":4,"enemies":"Shell Parasite","floor":20,"turns":4},{"damage":10,"enemies":"Cultist and Chosen","floor":21,"turns":4},{"damage":14,"enemies":"Book of Stabbing","floor":24,"turns":5},{"damage":21,"enemies":"Colosseum Slavers","floor":25,"turns":3},{"damage":13,"enemies":"Colosseum Nobs","floor":25,"turns":3},{"damage":0,"enemies":"Snake Plant","floor":30,"turns":3},{"damage":2,"enemies":"Gremlin Leader","floor":31,"turns":4},{"damage":14,"enemies":"Collector","floor":33,"turns":6},{"damage":7,"enemies":"Orb Walker","floor":35,"turns":2},{"damage":0,"enemies":"3 Darklings","floor":38,"turns":2},{"damage":3,"enemies":"Writhing Mass","floor":39,"turns":4},{"damage":0,"enemies":"Reptomancer","floor":42,"turns":3},{"damage":2,"enemies":"Jaw Worm Horde","floor":46,"turns":3},{"damage":10,"enemies":"Maw","floor":48,"turns":5},{"damage":33,"enemies":"Awakened One","floor":50,"turns":10}],"seed_played":"5867423920033165841","potions_obtained":[{"floor":6,"key":"Energy Potion"},{"floor":7,"key":"Ancient Potion"},{"floor":16,"key":"GhostInAJar"},{"floor":33,"key":"Block Potion"},{"floor":39,"key":"Explosive Potion"},{"floor":46,"key":"SkillPotion"}],"is_trial":false,"path_per_floor":["M","?","$","M","M","E","M","R","T","R","?","$","M","E","R","B",null,"M","?","M","M","?","R","E","?","T","R","?","R","M","E","R","B",null,"M","?","T","M","M","R","?","E","T","$","R","M","?","M","R","B",null],"character_chosen":"THE_SILENT","items_purchased":["Footwork","Dodge and Roll","Frozen Egg 2","Juzu Bracelet","Noxious Fumes+1","Impatience"],"campfire_rested":2,"item_purchase_floors":[3,3,12,12,44,44],"current_hp_per_floor":[70,70,70,70,70,56,55,55,55,55,80,80,78,66,66,58,80,68,68,64,54,54,78,64,42,42,66,66,66,66,64,64,66,80,73,63,63,63,60,60,60,70,70,70,70,68,68,58,58,50],"gold":8,"neow_bonus":"RANDOM_COMMON_RELIC","is_prod":false,"is_daily":false,"chose_seed":false,"campfire_upgraded":8,"win_rate":0.0,"timestamp":1552938685,"path_taken":["M","?","?","M","?","E","M","R","T","R","?","?","M","E","R","BOSS","M","?","M","M","?","R","E","?","T","R","?","R","M","E","R","BOSS","M","?","?","M","M","R","?","E","T","?","R","M","?","M","R","BOSS"],"build_version":"2019-01-23","purchased_purges":0,"victory":true,"max_hp_per_floor":[70,70,70,70,70,70,70,70,70,70,80,80,80,80,80,80,80,80,80,80,80,80,80,80,80,80,80,80,80,80,80,80,80,80,80,80,80,80,80,80,80,90,90,90,90,90,90,90,90,90],"card_choices":[{"not_picked":["Backflip","Calculated Gamble"],"picked":"Noxious Fumes","floor":1},{"not_picked":["Slice","Poisoned Stab"],"picked":"Bouncing Flask","floor":4},{"not_picked":["Flying Knee","Expertise"],"picked":"Poisoned Stab","floor":5},{"not_picked":["Terror","Sucker Punch"],"picked":"Tools of the Trade","floor":6},{"not_picked":["Dagger Throw","Sucker Punch"],"picked":"PiercingWail","floor":7},{"not_picked":["PiercingWail","Prepared"],"picked":"Corpse Explosion","floor":13},{"not_picked":["Cloak And Dagger","Sucker Punch"],"picked":"Flying Knee","floor":14},{"not_picked":["Wraith Form v2+1","Glass Knife"],"picked":"Venomology","floor":16},{"not_picked":["Finisher","Sucker Punch"],"picked":"Accuracy+1","floor":18},{"not_picked":["Dodge and Roll","Dagger Throw"],"picked":"Well Laid Plans+1","floor":20},{"not_picked":["Eviscerate","Riddle With Holes+1"],"picked":"Accuracy+1","floor":21},{"not_picked":["Dagger Spray+1","Finisher"],"picked":"Bane+1","floor":24},{"not_picked":["Sucker Punch","Dagger Throw"],"picked":"Crippling Poison+1","floor":25},{"not_picked":["Deflect","Flying Knee"],"picked":"Cloak And Dagger","floor":30},{"not_picked":["Doppelganger","Flying Knee"],"picked":"Infinite Blades+1","floor":31},{"not_picked":["Phantasmal Killer","Tools of the Trade+1"],"picked":"Burst","floor":33},{"not_picked":["Cloak And Dagger+1","Acrobatics"],"picked":"Deadly Poison","floor":35},{"not_picked":["Flying Knee","Flechettes+1"],"picked":"Caltrops+1","floor":38},{"not_picked":["Poisoned Stab","Bane+1"],"picked":"Crippling Poison+1","floor":39},{"not_picked":["Dodge and Roll","Accuracy+1"],"picked":"Heel Hook+1","floor":42},{"not_picked":["Dash","Leg Sweep"],"picked":"Accuracy+1","floor":46},{"not_picked":["Slice+1","PiercingWail"],"picked":"Dodge and Roll+1","floor":48}],"player_experience":280021,"relics_obtained":[{"floor":6,"key":"Old Coin"},{"floor":9,"key":"Mummified Hand"},{"floor":14,"key":"Snake Skull"},{"floor":24,"key":"Centennial Puzzle"},{"floor":25,"key":"Torii"},{"floor":25,"key":"Pantograph"},{"floor":26,"key":"Bag of Preparation"},{"floor":31,"key":"Whetstone"},{"floor":37,"key":"The Courier"},{"floor":42,"key":"Pear"},{"floor":43,"key":"Darkstone Periapt"}],"event_choices":[{"damage_healed":0,"gold_gain":0,"player_choice":"Upgraded","damage_taken":0,"max_hp_gain":0,"max_hp_loss":0,"event_name":"Upgrade Shrine","floor":2,"gold_loss":0,"cards_upgraded":["Noxious Fumes"]},{"cards_removed":["Tools of the Trade"],"damage_healed":15,"gold_gain":0,"player_choice":"Offered Rare","damage_taken":0,"max_hp_gain":10,"max_hp_loss":0,"event_name":"Bonfire Elementals","floor":11,"gold_loss":0},{"damage_healed":0,"gold_gain":0,"cards_transformed":["Strike_G","Defend_G"],"player_choice":"Became Test Subject","damage_taken":0,"max_hp_gain":0,"max_hp_loss":0,"event_name":"Drug Dealer","floor":19,"gold_loss":0,"cards_obtained":["Noxious Fumes","Quick Slash"]},{"damage_healed":0,"gold_gain":0,"player_choice":"Upgraded Two","damage_taken":0,"max_hp_gain":0,"max_hp_loss":0,"event_name":"Designer","floor":22,"gold_loss":40,"cards_upgraded":["Corpse Explosion","Venomology"]},{"damage_healed":0,"gold_gain":0,"player_choice":"Fight","damage_taken":0,"max_hp_gain":0,"max_hp_loss":0,"event_name":"Colosseum","floor":25,"gold_loss":0},{"damage_healed":0,"gold_gain":0,"player_choice":"Fought Nobs","damage_taken":0,"max_hp_gain":0,"max_hp_loss":0,"event_name":"Colosseum","floor":25,"gold_loss":0},{"damage_healed":0,"gold_gain":0,"player_choice":"Ignored","damage_taken":0,"max_hp_gain":0,"max_hp_loss":0,"event_name":"Ghosts","floor":28,"gold_loss":0},{"damage_healed":0,"gold_gain":0,"player_choice":"Embrace Madness","damage_taken":10,"max_hp_gain":0,"max_hp_loss":0,"event_name":"Winding Halls","floor":36,"gold_loss":0,"cards_obtained":["Madness","Madness"]},{"damage_healed":0,"gold_gain":0,"cards_transformed":["Strike_G"],"player_choice":"Transformed","damage_taken":0,"max_hp_gain":0,"max_hp_loss":0,"event_name":"Transmorgrifier","floor":41,"gold_loss":0,"cards_obtained":["Dagger Throw"]},{"damage_healed":0,"gold_gain":0,"player_choice":"Ignored","damage_taken":0,"max_hp_gain":0,"max_hp_loss":0,"event_name":"SecretPortal","floor":47,"gold_loss":0}],"is_beta":false,"boss_relics":[{"not_picked":["White Beast Statue","Sozu"],"picked":"Ectoplasm"},{"not_picked":["Philosopher\u0027s Stone","Velvet Choker"],"picked":"Runic Pyramid"}],"items_purged_floors":[],"is_endless":false,"potions_floor_spawned":[6,7,16,20,21,31,33,39,46,48],"ascension_level":0}