{"gold_per_floor":[113,124,143,9,23,23,48,48,48,79,79,129,148,204,204,279,279,298,48,59,59,76,76,105,105,105,140,160,160,160,180,180,257,257,273,273,103,103,103,103,115,140,194,206,206,606,606,618,618,618],"floor_reached":50,"playtime":1522,"items_purged":["Strike_B"],"score":1231,"play_id":"7d85a87c-3f54-417d-ba99-e4cf229c73f5","local_time":"20190417181935","is_ascension_mode":true,"campfire_choices":[{"data":"Defragment","floor":6.0,"key":"SMITH"},{"data":"Zap","floor":8.0,"key":"SMITH"},{"data":"Recycle","floor":15.0,"key":"SMITH"},{"data":"Coolheaded","floor":23.0,"key":"SMITH"},{"data":"Skim","floor":25.0,"key":"SMITH"},{"data":"Dualcast","floor":30.0,"key":"SMITH"},{"floor":32.0,"key":"REST"},{"data":"Coolheaded","floor":40.0,"key":"SMITH"},{"floor":45.0,"key":"REST"},{"floor":47.0,"key":"REST"},{"floor":49,"key":"RECALL"}],"neow_cost":"NONE","seed_source_timestamp":709930663564501,"circlet_count":0,"master_deck":["AscendersBane","Strike_B","Strike_B","Strike_B","Defend_B","Defend_B","Defend_B","Defend_B","Zap+1","Dualcast+1","Skim+1","Defragment+1","Conserve Battery","Recycle+1","Ball Lightning","Skim","Undo","Hologram","Biased Cognition","Electrodynamics","Cold Snap","Coolheaded+1","Coolheaded+1","Thunder Strike","Hologram","Reinforced Body","Echo Form+1","Skim","Loop+1","Pain","BootSequence","Turbo"],"special_seed":0,"relics":["Cracked Core","NeowsBlessing","Lantern","Letter Opener","Torii","DataDisk","Tiny Chest","Nuclear Battery","Membership Card","Frozen Egg 2","Bottled Lightning","Cables","Bottled Tornado","Busted Crown","Medical Kit","WarpedTongs","Question Card","Old Coin"],"potions_floor_usage":[],"damage_taken":[{"damage":0.0,"enemies":"Small Slimes","floor":1.0,"turns":1.0},{"damage":0.0,"enemies":"Cultist","floor":2.0,"turns":1.0},{"damage":0.0,"enemies":"2 Louse","floor":3.0,"turns":1.0},{"damage":14.0,"enemies":"Blue Slaver","floor":5.0,"turns":4.0},{"damage":12.0,"enemies":"3 Sentries","floor":7.0,"turns":7.0},{"damage":11.0,"enemies":"Lagavulin","floor":10.0,"turns":6.0},{"damage":2.0,"enemies":"Looter","floor":13.0,"turns":4.0},{"damage":3.0,"enemies":"3 Sentries","floor":14.0,"turns":7.0},{"damage":0.0,"enemies":"Slime Boss","floor":16.0,"turns":5.0},{"damage":0.0,"enemies":"3 Byrds","floor":18.0,"turns":1.0},{"damage":0.0,"enemies":"Spheric Guardian","floor":20.0,"turns":3.0},{"damage":11.0,"enemies":"Cultist and Chosen","floor":22.0,"turns":5.0},{"damage":0.0,"enemies":"Book of Stabbing","floor":24.0,"turns":4.0},{"damage":28.0,"enemies":"Slavers","floor":27.0,"turns":2.0},{"damage":6.0,"enemies":"Snake Plant","floor":28.0,"turns":3.0},{"damage":0.0,"enemies":"3 Cultists","floor":31.0,"turns":1.0},{"damage":24.0,"enemies":"Collector","floor":33.0,"turns":10.0},{"damage":0.0,"enemies":"3 Shapes","floor":35.0,"turns":3.0},{"damage":4.0,"enemies":"Orb Walker","floor":41.0,"turns":3.0},{"damage":40.0,"enemies":"Reptomancer","floor":42.0,"turns":5.0},{"damage":1.0,"enemies":"Sphere and 2 Shapes","floor":44.0,"turns":3.0},{"damage":26.0,"enemies":"Mind Bloom Boss Battle","floor":46.0,"turns":9.0},{"damage":25,"enemies":"Spire Growth","floor":48,"turns":5},{"damage":0,"enemies":"Donu and Deca","floor":50,"turns":1}],"seed_played":"1161499722577941668","potions_obtained":[{"floor":1.0,"key":"SpeedPotion"},{"floor":5.0,"key":"AttackPotion"},{"floor":13.0,"key":"Strength Potion"},{"floor":18.0,"key":"PowerPotion"},{"floor":20.0,"key":"Explosive Potion"},{"floor":28.0,"key":"Swift Potion"},{"floor":33.0,"key":"FocusPotion"},{"floor":46.0,"key":"Energy Potion"}],"is_trial":false,"path_per_floor":["M","M","M","$","M","R","E","R","T","E","?","?","M","E","R","B",null,"M","$","M","?","M","R","E","R","T","E","M","T","R","M","R","B",null,"M","?","$","?","?","R","M","E","T","M","R","?","R","M","R","B"],"character_chosen":"DEFECT","items_purchased":["Recycle","Ball Lightning","Membership Card","Medical Kit","Skim","Loop+1"],"campfire_rested":3,"item_purchase_floors":[4,4,19,37,37,37],"current_hp_per_floor":[64,64,64,64,50,50,38,38,38,27,16,16,14,11,11,11,56,56,56,56,56,45,45,45,45,45,17,11,11,11,11,32,8,55,55,55,55,55,55,55,51,11,11,10,31,5,26,1,1,1],"gold":618,"neow_bonus":"THREE_ENEMY_KILL","is_prod":false,"is_daily":false,"chose_seed":false,"campfire_upgraded":7,"win_rate":0,"timestamp":1555496375,"path_taken":["M","M","M","$","M","R","E","R","T","E","?","?","M","E","R","BOSS","M","?","M","?","M","R","E","R","T","E","M","?","R","M","R","BOSS","M","?","$","?","?","R","M","E","T","?","R","?","R","M","R","BOSS"],"build_version":"2019-01-23","purchased_purges":1,"victory":false,"max_hp_per_floor":[71,71,71,71,71,71,71,71,71,71,71,71,71,71,71,71,71,71,71,71,71,71,71,71,71,71,71,71,71,71,71,71,71,71,71,71,71,71,71,71,71,71,71,71,71,71,71,71,71,71],"card_choices":[{"not_picked":["Rebound","Hologram"],"picked":"Skim","floor":1.0},{"not_picked":["Ball Lightning","Stack"],"picked":"Defragment","floor":2.0},{"not_picked":["Leap","Sweeping Beam"],"picked":"Conserve Battery","floor":3.0},{"not_picked":["Stack","Streamline"],"picked":"Skim","floor":5.0},{"not_picked":["Blizzard","Scrape","Conserve Battery"],"picked":"SKIP","floor":7.0},{"not_picked":["Gash","Static Discharge"],"picked":"Undo","floor":10.0},{"not_picked":["Conserve Battery","Leap"],"picked":"Hologram","floor":13.0},{"not_picked":["Gash","Capacitor"],"picked":"Biased Cognition","floor":14.0},{"not_picked":["Biased Cognition","Seek"],"picked":"Electrodynamics","floor":16.0},{"not_picked":["Sweeping Beam","Go for the Eyes+1"],"picked":"Cold Snap","floor":18.0},{"not_picked":["Leap","Conserve Battery","Genetic Algorithm"],"picked":"SKIP","floor":20.0},{"not_picked":["Chaos","Rebound"],"picked":"Coolheaded","floor":22.0},{"not_picked":["Reprogram","Rip and Tear"],"picked":"Coolheaded","floor":24.0},{"not_picked":["Melter+1","Leap"],"picked":"Thunder Strike","floor":27.0},{"not_picked":["Undo","Sweeping Beam"],"picked":"Hologram","floor":28.0},{"not_picked":["Stack","Steam Power"],"picked":"Reinforced Body","floor":31.0},{"not_picked":["Machine Learning+1","Fission"],"picked":"Echo Form+1","floor":33.0},{"not_picked":["Rebound+1"],"picked":"SKIP","floor":35.0},{"not_picked":[],"picked":"BootSequence","floor":41.0},{"not_picked":["Leap"],"picked":"SKIP","floor":42.0},{"not_picked":["Skim"],"picked":"Turbo","floor":44.0},{"not_picked":["Gash","Static Discharge+1"],"picked":"SKIP","floor":48}],"player_experience":1423916,"relics_obtained":[{"floor":7.0,"key":"Lantern"},{"floor":9.0,"key":"Letter Opener"},{"floor":10.0,"key":"Torii"},{"floor":14.0,"key":"Tiny Chest"},{"floor":24.0,"key":"Frozen Egg 2"},{"floor":26.0,"key":"Bottled Lightning"},{"floor":27.0,"key":"Cables"},{"floor":29.0,"key":"Bottled Tornado"},{"floor":42.0,"key":"Question Card"},{"floor":46.0,"key":"Old Coin"}],"event_choices":[{"damage_healed":0.0,"max_hp_gain":0.0,"max_hp_loss":0.0,"gold_gain":0.0,"event_name":"Scrap Ooze","player_choice":"Success","floor":11.0,"gold_loss":0.0,"damage_taken":11.0,"relics_obtained":["DataDisk"]},{"damage_healed":0.0,"max_hp_gain":0.0,"max_hp_loss":0.0,"gold_gain":50.0,"event_name":"Golden Shrine","player_choice":"Pray","floor":12.0,"gold_loss":0.0,"damage_taken":0.0},{"damage_healed":0.0,"max_hp_gain":0.0,"max_hp_loss":0.0,"gold_gain":0.0,"event_name":"Cursed Tome","player_choice":"Ignored","floor":21.0,"gold_loss":0.0,"damage_taken":0.0},{"damage_healed":0.0,"max_hp_gain":0.0,"max_hp_loss":0.0,"gold_gain":0.0,"event_name":"SensoryStone","player_choice":"Memory 1","floor":36.0,"gold_loss":0.0,"damage_taken":0.0},{"damage_healed":0.0,"max_hp_gain":0.0,"max_hp_loss":0.0,"gold_gain":0.0,"event_name":"Mysterious Sphere","player_choice":"Ignored","floor":38.0,"gold_loss":0.0,"damage_taken":0.0},{"damage_healed":0.0,"max_hp_gain":0.0,"max_hp_loss":0.0,"gold_gain":0.0,"event_name":"Accursed Blacksmith","player_choice":"Rummage","floor":39.0,"gold_loss":0.0,"damage_taken":0.0,"relics_obtained":["WarpedTongs"],"cards_obtained":["Pain"]},{"damage_healed":0.0,"max_hp_gain":0.0,"max_hp_loss":0.0,"gold_gain":0.0,"event_name":"MindBloom","player_choice":"Fight","floor":46.0,"gold_loss":0.0,"damage_taken":0.0}],"is_beta":false,"boss_relics":[{"not_picked":["Inserter","Snecko Eye"],"picked":"Nuclear Battery"},{"not_picked":["Black Star","Velvet Choker"],"picked":"Busted Crown"}],"items_purged_floors":[19],"is_endless":false,"potions_floor_spawned":[1,5,13,18,20,28,33,46],"killed_by":"Donu and Deca","ascension_level":20}