{"gold_per_floor":[118,118,131,131,151,151,167,167,192,212,10,23,23,23,23,100,100,120,120,220,59],"floor_reached":21,"playtime":441,"items_purged":[],"score":438,"play_id":"acd52152-c344-4bd7-b7a6-5c001b9cd8f1","local_time":"20190504201311","is_ascension_mode":true,"campfire_choices":[{"data":"Streamline","floor":6.0,"key":"SMITH"},{"data":"Defragment","floor":13.0,"key":"SMITH"},{"data":"Coolheaded","floor":15.0,"key":"SMITH"}],"neow_cost":"NONE","seed_source_timestamp":0,"circlet_count":0,"master_deck":["AscendersBane","Strike_B+1","Strike_B","Defend_B","Defend_B","Defend_B+1","Defend_B","Zap","Dualcast","Streamline+1","Tempest","Defragment+1","Cold Snap","Coolheaded+1","Ball Lightning","Self Repair","Undo","Electrodynamics","Turbo","Meteor Strike+1"],"special_seed":0,"relics":["Philosopher\u0027s Stone","Centennial Puzzle","Nuclear Battery","Shovel","Molten Egg 2"],"potions_floor_usage":[16],"damage_taken":[{"damage":0.0,"enemies":"Cultist","floor":1.0,"turns":4.0},{"damage":3.0,"enemies":"Small Slimes","floor":3.0,"turns":3.0},{"damage":3.0,"enemies":"2 Louse","floor":5.0,"turns":3.0},{"damage":15.0,"enemies":"Gremlin Gang","floor":7.0,"turns":3.0},{"damage":2.0,"enemies":"Looter","floor":10.0,"turns":3.0},{"damage":8.0,"enemies":"3 Louse","floor":12.0,"turns":2.0},{"damage":0,"enemies":"Hexaghost","floor":16,"turns":9},{"damage":0,"enemies":"Chosen","floor":18,"turns":3},{"damage":19,"enemies":"Colosseum Slavers","floor":20,"turns":3},{"damage":23,"enemies":"Colosseum Nobs","floor":20,"turns":4}],"seed_played":"-2910613493023646679","potions_obtained":[{"floor":1.0,"key":"GamblersBrew"},{"floor":3.0,"key":"Weak Potion"},{"floor":20,"key":"Regen Potion"}],"is_trial":false,"path_per_floor":["M","?","M","?","M","R","M","?","T","M","$","M","R","?","R","B",null,"M","?","?","$"],"character_chosen":"DEFECT","items_purchased":["Cold Snap","Coolheaded","Ball Lightning","Self Repair","Meteor Strike+1"],"campfire_rested":0,"item_purchase_floors":[11,11,11,11,21],"current_hp_per_floor":[64,57,54,33,30,30,15,15,15,13,13,12,12,12,12,19,58,65,65,30,30],"gold":59,"neow_bonus":"BOSS_RELIC","is_prod":false,"is_daily":false,"chose_seed":true,"campfire_upgraded":3,"win_rate":0,"timestamp":1556971991,"path_taken":["M","?","M","?","M","R","M","?","T","?","$","M","R","?","R","BOSS","M","?","?","$"],"build_version":"2019-01-23","purchased_purges":0,"victory":false,"max_hp_per_floor":[71,71,71,71,71,71,71,71,71,71,71,71,71,71,71,71,71,71,71,71,71],"card_choices":[{"not_picked":["Double Energy","Sweeping Beam"],"picked":"Streamline","floor":1.0},{"not_picked":["Aggregate","Compile Driver","Loop"],"picked":"SKIP","floor":3.0},{"not_picked":["Genetic Algorithm","Gash"],"picked":"Tempest","floor":5.0},{"not_picked":["Scrape","Barrage"],"picked":"Defragment","floor":7.0},{"not_picked":["Gash","Blizzard","Reprogram"],"picked":"SKIP","floor":10.0},{"not_picked":["Cold Snap","Sweeping Beam"],"picked":"Undo","floor":12.0},{"not_picked":["Buffer","Multi-Cast"],"picked":"Electrodynamics","floor":16},{"not_picked":["Barrage","Stack","Streamline"],"picked":"SKIP","floor":18},{"not_picked":["Gash","Go for the Eyes"],"picked":"Turbo","floor":20}],"player_experience":1549053,"relics_obtained":[{"floor":9.0,"key":"Centennial Puzzle"},{"floor":20,"key":"Shovel"},{"floor":20,"key":"Molten Egg 2"}],"event_choices":[{"cards_removed":["Strike_B"],"damage_healed":0.0,"max_hp_gain":0.0,"max_hp_loss":0.0,"gold_gain":0.0,"event_name":"Golden Wing","player_choice":"Card Removal","floor":2.0,"gold_loss":0.0,"damage_taken":7.0},{"damage_healed":0.0,"max_hp_gain":0.0,"max_hp_loss":0.0,"gold_gain":0.0,"event_name":"Shining Light","player_choice":"Entered Light","floor":4.0,"gold_loss":0.0,"damage_taken":21.0,"cards_upgraded":["Strike_B","Defend_B"]},{"cards_removed":["Strike_B"],"damage_healed":0.0,"max_hp_gain":0.0,"max_hp_loss":0.0,"gold_gain":0.0,"event_name":"Purifier","player_choice":"Purged","floor":8.0,"gold_loss":0.0,"damage_taken":0.0},{"damage_healed":0.0,"max_hp_gain":0.0,"max_hp_loss":0.0,"gold_gain":0.0,"event_name":"The Cleric","player_choice":"Leave","floor":14.0,"gold_loss":0.0,"damage_taken":0.0},{"damage_healed":0,"gold_gain":0,"player_choice":"Ignored","damage_taken":0,"max_hp_gain":0,"max_hp_loss":0,"event_name":"Vampires","floor":19,"gold_loss":0},{"damage_healed":0,"gold_gain":0,"player_choice":"Fight","damage_taken":0,"max_hp_gain":0,"max_hp_loss":0,"event_name":"Colosseum","floor":20,"gold_loss":0},{"damage_healed":0,"gold_gain":0,"player_choice":"Fought Nobs","damage_taken":0,"max_hp_gain":0,"max_hp_loss":0,"event_name":"Colosseum","floor":20,"gold_loss":0}],"is_beta":false,"boss_relics":[{"not_picked":["Velvet Choker","Snecko Eye"],"picked":"Nuclear Battery"}],"items_purged_floors":[],"is_endless":false,"potions_floor_spawned":[1,3,5,20],"ascension_level":20}