{"gold_per_floor":[116,135,35,110,110,110,124,168,468,468,489,489,513,533,533,533],"floor_reached":16,"playtime":356,"items_purged":[],"score":204,"play_id":"2b97eaa4-8e52-406d-a994-ea042d2d81cc","local_time":"20190427074615","is_ascension_mode":true,"campfire_choices":[{"data":"Bash","floor":6,"key":"SMITH"},{"data":"Anger","floor":10,"key":"SMITH"},{"floor":15,"key":"REST"}],"neow_cost":"NONE","seed_source_timestamp":324159386128272,"circlet_count":0,"master_deck":["AscendersBane","Strike_R","Strike_R","Strike_R","Strike_R","Defend_R","Defend_R","Defend_R","Defend_R","Bash+1","Dramatic Entrance","Spot Weakness","Spot Weakness","Rage","Twin Strike","Injury","Rampage","Anger+1","Anger","Battle Trance","Seeing Red"],"relics":["Burning Blood","Golden Idol","Unceasing Top","Old Coin"],"potions_floor_usage":[8,8,11,16],"damage_taken":[{"damage":0,"enemies":"Cultist","floor":1,"turns":2},{"damage":5,"enemies":"2 Louse","floor":2,"turns":3},{"damage":0,"enemies":"Small Slimes","floor":7,"turns":2},{"damage":30,"enemies":"3 Sentries","floor":8,"turns":5},{"damage":0,"enemies":"Gremlin Gang","floor":11,"turns":2},{"damage":19,"enemies":"Exordium Thugs","floor":13,"turns":2},{"damage":12,"enemies":"Looter","floor":14,"turns":3},{"damage":60,"enemies":"The Guardian","floor":16,"turns":5}],"seed_played":"-4370125595880634108","potions_obtained":[{"floor":2,"key":"LiquidBronze"},{"floor":7,"key":"Explosive Potion"},{"floor":8,"key":"Explosive Potion"},{"floor":13,"key":"SkillPotion"}],"is_trial":false,"path_per_floor":["M","M","$","?","?","R","M","E","T","R","M","?","M","M","R","B"],"character_chosen":"IRONCLAD","items_purchased":["Rage","Twin Strike"],"campfire_rested":1,"item_purchase_floors":[3,3],"current_hp_per_floor":[74,75,75,64,64,64,70,46,46,46,52,52,39,33,55,0],"gold":533,"neow_bonus":"RANDOM_COLORLESS","is_prod":false,"is_daily":false,"chose_seed":false,"campfire_upgraded":2,"win_rate":0,"timestamp":1556365575,"path_taken":["M","?","$","?","?","R","M","E","T","R","M","?","M","?","R","BOSS"],"build_version":"2019-01-23","purchased_purges":0,"victory":false,"max_hp_per_floor":[75,75,75,75,75,75,75,75,75,75,75,75,75,75,75,75],"card_choices":[{"not_picked":["Perfected Strike","Flex"],"picked":"Spot Weakness","floor":1},{"not_picked":["Wild Strike","Feel No Pain"],"picked":"Spot Weakness","floor":2},{"not_picked":["Havoc","Headbutt"],"picked":"Rampage","floor":7},{"not_picked":["Blood for Blood","Iron Wave"],"picked":"Anger","floor":8},{"not_picked":["Fire Breathing","Perfected Strike"],"picked":"Anger","floor":11},{"not_picked":["Cleave","Reckless Charge"],"picked":"Battle Trance","floor":13},{"not_picked":["Clothesline","Battle Trance"],"picked":"Seeing Red","floor":14}],"player_experience":930732,"relics_obtained":[{"floor":8,"key":"Unceasing Top"},{"floor":9,"key":"Old Coin"}],"event_choices":[{"damage_healed":0,"gold_gain":75,"player_choice":"Gather Gold","damage_taken":11,"max_hp_gain":0,"max_hp_loss":0,"event_name":"World of Goop","floor":4,"gold_loss":0},{"damage_healed":0,"gold_gain":0,"player_choice":"Take Wound","damage_taken":0,"relics_obtained":["Golden Idol"],"max_hp_gain":0,"max_hp_loss":0,"event_name":"Golden Idol","floor":5,"gold_loss":0,"cards_obtained":["Injury"]},{"cards_removed":["Strike_R"],"damage_healed":0,"gold_gain":0,"player_choice":"Offered Basic","damage_taken":0,"max_hp_gain":0,"max_hp_loss":0,"event_name":"Bonfire Elementals","floor":12,"gold_loss":0}],"is_beta":false,"boss_relics":[],"items_purged_floors":[],"is_endless":false,"potions_floor_spawned":[2,7,8,13],"killed_by":"The Guardian","ascension_level":20}