{"gold_per_floor":[119,171,188,202,44,70,90,90,159,159,169,169,194,194,194,265,265,279,279,298,310,327],"floor_reached":22,"playtime":601,"items_purged":[],"score":396,"play_id":"351fcce6-376e-4ce5-b0a2-e5d3f17fca9e","local_time":"20190426062901","is_ascension_mode":true,"campfire_choices":[{"data":"Heavy Blade","floor":8.0,"key":"SMITH"},{"data":"Uppercut","floor":10.0,"key":"SMITH"},{"floor":12,"key":"REST"},{"data":"Combust","floor":15,"key":"SMITH"}],"neow_cost":"NONE","seed_source_timestamp":0,"circlet_count":0,"master_deck":["AscendersBane","Strike_R","Strike_R","Strike_R","Strike_R","Strike_R","Defend_R","Defend_R","Defend_R","Defend_R","Bash","Uppercut+1","Combust+1","Pummel+1","Heavy Blade+1","Cleave","Fiend Fire+1","Shockwave","Infernal Blade+1"],"special_seed":0,"relics":["Burning Blood","NeowsBlessing","Boot","Vajra","Blue Candle","The Courier","Incense Burner","Eternal Feather"],"potions_floor_usage":[16,16,21,22],"damage_taken":[{"damage":0.0,"enemies":"Cultist","floor":1.0,"turns":1.0},{"damage":0.0,"enemies":"Small Slimes","floor":3.0,"turns":1.0},{"damage":0.0,"enemies":"2 Louse","floor":4.0,"turns":1.0},{"damage":39.0,"enemies":"3 Sentries","floor":6.0,"turns":5.0},{"damage":14.0,"enemies":"Lots of Slimes","floor":7.0,"turns":3.0},{"damage":22,"enemies":"Exordium Wildlife","floor":11,"turns":4},{"damage":6,"enemies":"Gremlin Nob","floor":13,"turns":3},{"damage":31,"enemies":"Slime Boss","floor":16,"turns":7},{"damage":35,"enemies":"Chosen","floor":18,"turns":4},{"damage":8,"enemies":"2 Thieves","floor":20,"turns":4},{"damage":19,"enemies":"Sentry and Sphere","floor":21,"turns":5},{"damage":15,"enemies":"Snake Plant","floor":22,"turns":3}],"seed_played":"8249864853594828782","potions_obtained":[{"floor":1.0,"key":"Poison Potion"},{"floor":3.0,"key":"Ancient Potion"},{"floor":11,"key":"Weak Potion"},{"floor":13,"key":"FearPotion"},{"floor":20,"key":"SteroidPotion"},{"floor":21,"key":"GamblersBrew"},{"floor":22,"key":"Dexterity Potion"}],"is_trial":false,"path_per_floor":["M","T","M","M","$","E","M","R","T","R","M","R","E","?","R","B",null,"M","?","M","M","M"],"character_chosen":"IRONCLAD","items_purchased":["Vajra"],"campfire_rested":1,"item_purchase_floors":[5],"current_hp_per_floor":[74,74,75,75,75,42,34,34,34,34,18,40,40,40,40,15,60,31,31,29,16,7],"gold":327,"neow_bonus":"THREE_ENEMY_KILL","is_prod":false,"is_daily":false,"chose_seed":false,"campfire_upgraded":3,"win_rate":0,"timestamp":1556274541,"path_taken":["M","?","M","?","$","E","M","R","T","R","M","R","E","?","R","BOSS","M","?","M","?","M"],"build_version":"2019-01-23","purchased_purges":0,"victory":false,"max_hp_per_floor":[75,75,75,75,75,75,75,75,75,75,75,75,75,75,75,75,75,75,75,75,75,75],"card_choices":[{"not_picked":["Intimidate","Havoc"],"picked":"Uppercut","floor":1.0},{"not_picked":["Pommel Strike","Clothesline","Rage"],"picked":"SKIP","floor":3.0},{"not_picked":["Wild Strike","Pommel Strike"],"picked":"Combust","floor":4.0},{"not_picked":["Bloodletting","Double Tap"],"picked":"Pummel","floor":6.0},{"not_picked":["Iron Wave","Pommel Strike"],"picked":"Heavy Blade","floor":7.0},{"not_picked":["Havoc","Shrug It Off","Reckless Charge"],"picked":"SKIP","floor":11},{"not_picked":["Entrench","Wild Strike"],"picked":"Cleave","floor":13},{"not_picked":["Bludgeon","Juggernaut"],"picked":"Fiend Fire","floor":16},{"not_picked":["Sword Boomerang","Clash"],"picked":"Shockwave","floor":18},{"not_picked":["Intimidate","Iron Wave","Reckless Charge"],"picked":"SKIP","floor":20},{"not_picked":["Cleave+1","Havoc"],"picked":"Infernal Blade+1","floor":21}],"player_experience":929543,"relics_obtained":[{"floor":2.0,"key":"Boot"},{"floor":6.0,"key":"Blue Candle"},{"floor":9.0,"key":"The Courier"},{"floor":13,"key":"Incense Burner"}],"event_choices":[{"damage_healed":0,"gold_gain":0,"player_choice":"Grow","damage_taken":0,"max_hp_gain":0,"max_hp_loss":0,"event_name":"Living Wall","floor":14,"gold_loss":0,"cards_upgraded":["Pummel"]},{"damage_healed":0,"gold_gain":0,"player_choice":"Forge","damage_taken":0,"max_hp_gain":0,"max_hp_loss":0,"event_name":"Accursed Blacksmith","floor":19,"gold_loss":0,"cards_upgraded":["Fiend Fire"]}],"is_beta":false,"boss_relics":[{"not_picked":["Mark of Pain","Runic Dome"],"picked":"Eternal Feather"}],"items_purged_floors":[],"is_endless":false,"potions_floor_spawned":[1,3,11,13,20,21,22],"killed_by":"Snake Plant","ascension_level":20}