{"gold_per_floor":[109,109,63,76,93,126,145,172,225,225,225,244,271,289,289,289],"floor_reached":16,"playtime":1038,"items_purged":[],"score":128,"play_id":"68fc2c8a-f859-4d47-9e00-983682b8e39b","local_time":"20190412194922","is_ascension_mode":true,"campfire_choices":[{"floor":15,"key":"RECALL"}],"neow_cost":"NONE","seed_source_timestamp":162906292420641,"circlet_count":0,"master_deck":["Strike_R","Strike_R","Strike_R","Strike_R","Strike_R","Defend_R","Defend_R","Defend_R","Defend_R","Bash+1","Finesse","Sword Boomerang","Sword Boomerang","Inflame","Iron Wave","Exhume","Armaments","Armaments","Rampage","Demon Form","Twin Strike"],"relics":["Burning Blood","Smiling Mask","Blue Candle","Oddly Smooth Stone","Bag of Preparation","Toxic Egg 2"],"potions_floor_usage":[6,13],"damage_taken":[{"damage":6,"enemies":"Jaw Worm","floor":1,"turns":3},{"damage":0,"enemies":"Cultist","floor":4,"turns":2},{"damage":5,"enemies":"2 Louse","floor":5,"turns":2},{"damage":19,"enemies":"3 Sentries","floor":6,"turns":4},{"damage":13,"enemies":"Exordium Thugs","floor":7,"turns":4},{"damage":18,"enemies":"Lagavulin","floor":8,"turns":7},{"damage":30,"enemies":"Gremlin Gang","floor":12,"turns":6},{"damage":14,"enemies":"Gremlin Nob","floor":13,"turns":4},{"damage":14,"enemies":"Red Slaver","floor":14,"turns":5},{"damage":12,"enemies":"Hexaghost","floor":16,"turns":8}],"seed_played":"3198129350599085682","potions_obtained":[{"floor":1,"key":"Explosive Potion"},{"floor":7,"key":"Block Potion"},{"floor":12,"key":"Swift Potion"}],"is_trial":false,"path_per_floor":["M","?","$","M","M","E","M","E","T","?","$","M","E","M","R","B"],"character_chosen":"IRONCLAD","items_purchased":["Sword Boomerang"],"campfire_rested":0,"item_purchase_floors":[3],"current_hp_per_floor":[80,80,80,80,80,67,60,48,48,48,48,24,16,8,8,0],"gold":289,"neow_bonus":"RANDOM_COLORLESS","is_prod":false,"is_daily":false,"chose_seed":false,"campfire_upgraded":0,"win_rate":0,"timestamp":1555116562,"path_taken":["M","?","$","M","M","E","?","E","T","?","?","M","E","?","R","BOSS"],"build_version":"2019-01-23","purchased_purges":0,"victory":false,"max_hp_per_floor":[80,80,80,80,80,80,80,80,80,80,80,80,80,80,80,80],"card_choices":[{"not_picked":["Whirlwind","True Grit"],"picked":"Sword Boomerang","floor":1},{"not_picked":["Shrug It Off","Body Slam"],"picked":"Inflame","floor":4},{"not_picked":["Fire Breathing","True Grit"],"picked":"Iron Wave","floor":5},{"not_picked":["Disarm","Iron Wave"],"picked":"Exhume","floor":6},{"not_picked":["Clothesline","Thunderclap"],"picked":"Armaments","floor":7},{"not_picked":["Shockwave","Body Slam"],"picked":"Armaments","floor":8},{"not_picked":["Pommel Strike","Seeing Red"],"picked":"Rampage","floor":12},{"not_picked":["Bloodletting","Clothesline"],"picked":"Demon Form","floor":13},{"not_picked":["Bloodletting+1","Clash"],"picked":"Twin Strike","floor":14}],"player_experience":173716,"relics_obtained":[{"floor":6,"key":"Smiling Mask"},{"floor":8,"key":"Blue Candle"},{"floor":9,"key":"Oddly Smooth Stone"},{"floor":13,"key":"Toxic Egg 2"}],"event_choices":[{"damage_healed":0,"gold_gain":0,"player_choice":"Upgraded","damage_taken":0,"max_hp_gain":0,"max_hp_loss":0,"event_name":"Upgrade Shrine","floor":2,"gold_loss":0,"cards_upgraded":["Bash"]},{"damage_healed":0,"gold_gain":0,"player_choice":"Gave Potion","damage_taken":0,"relics_obtained":["Bag of Preparation"],"max_hp_gain":0,"max_hp_loss":0,"event_name":"WeMeetAgain","floor":10,"gold_loss":0}],"is_beta":false,"boss_relics":[],"items_purged_floors":[],"is_endless":false,"potions_floor_spawned":[1,7,12],"killed_by":"Hexaghost","ascension_level":1}