{"path_per_floor":["M","M","$","M","M","R","M","R","T","R","M","R","M","M","R","B",null,"M","?","M","$","M","R","E","R","T","M","$","M","R","?","R","B",null,"M","$","M","M","M","E","R","?","T","M","M","$","E","M","R","B"],"character_chosen":"IRONCLAD","items_purchased":["Flex","Whirlwind","Finesse"],"gold_per_floor":[114,125,26,40,53,53,71,71,71,71,90,90,103,116,116,221,221,234,234,254,81,91,91,125,125,125,142,17,36,36,36,36,141,141,156,6,22,33,43,72,72,72,72,84,100,11,39,58,58,58],"floor_reached":51,"campfire_rested":1,"playtime":2928,"current_hp_per_floor":[80,75,75,80,61,61,56,56,56,56,64,64,72,70,70,30,80,75,75,73,73,80,80,80,80,80,80,80,72,72,72,72,58,80,61,61,69,77,80,73,73,80,80,39,33,33,38,16,55,12],"items_purged":["Defend_R","Strike_R","Strike_R","Strike_R"],"gold":58,"score":820,"play_id":"136811aa-c6e9-4bdf-b146-6abc4d33e2f8","local_time":"20180510122813","is_prod":false,"is_daily":false,"chose_seed":false,"is_ascension_mode":true,"campfire_upgraded":8,"timestamp":1525926493,"path_taken":["M","?","$","M","M","R","M","R","T","R","M","R","M","?","R","BOSS","M","?","M","$","M","R","E","R","T","M","$","?","R","?","R","BOSS","M","$","M","M","M","E","R","?","T","M","?","$","E","M","R","BOSS"],"build_version":"2018-05-03","seed_source_timestamp":2170230010550149,"purchased_purges":4,"victory":true,"master_deck":["Strike_R","Defend_R","Defend_R","Bash","Battle Trance+1","Sword Boomerang+1","Flex+1","Pommel Strike+1","Flex+1","Flex+1","Fiend Fire","Battle Trance+1","Rupture+1","Whirlwind+1","Headbutt","Limit Break+1","Sword Boomerang+1","Flex+1","Writhe","Finesse","Pommel Strike+1"],"max_hp_per_floor":[80,80,80,80,80,80,80,80,80,80,80,80,80,80,80,80,80,80,80,80,80,80,80,80,80,80,80,80,80,80,80,80,80,80,80,80,80,80,80,80,80,80,80,80,80,80,80,80,80,80],"relics":["Burning Blood","Blood Vial","Vajra","Sozu","Anchor","Shovel","Question Card","Dream Catcher","Black Star","Prayer Wheel","Regal Pillow","Happy Flower","Lantern","Art of War"],"card_choices":[{"not_picked":["True Grit","Cleave"],"picked":"Battle Trance","floor":1},{"not_picked":["Clothesline","Havoc"],"picked":"Sword Boomerang","floor":2},{"not_picked":["Sentinel","Body Slam"],"picked":"Pommel Strike","floor":5},{"not_picked":["Feed","Clothesline"],"picked":"Flex","floor":11},{"not_picked":["Havoc","Pommel Strike"],"picked":"Flex","floor":14},{"not_picked":["Barricade","Dark Embrace"],"picked":"Fiend Fire","floor":16},{"not_picked":["Clash","Clothesline"],"picked":"Battle Trance","floor":18},{"not_picked":["Body Slam","Iron Wave"],"picked":"Rupture","floor":20},{"not_picked":["Exhume","Berserk","Bludgeon"],"picked":"Limit Break","floor":33},{"not_picked":["Infernal Blade","Warcry","Fiend Fire"],"picked":"Sword Boomerang","floor":38},{"not_picked":["Anger","Havoc","Perfected Strike"],"picked":"Flex","floor":39},{"not_picked":["Sword Boomerang","Clothesline","Dual Wield"],"picked":"Pommel Strike","floor":48}],"player_experience":142126,"potions_floor_usage":[5,16,18],"damage_taken":[{"damage":6,"enemies":"Cultist","floor":1,"turns":3},{"damage":11,"enemies":"Jaw Worm","floor":2,"turns":4},{"damage":0,"enemies":"2 Louse","floor":4,"turns":2},{"damage":25,"enemies":"Gremlin Gang","floor":5,"turns":4},{"damage":13,"enemies":"Blue Slaver","floor":7,"turns":2},{"damage":0,"enemies":"2 Fungi Beasts","floor":11,"turns":2},{"damage":0,"enemies":"3 Louse","floor":13,"turns":1},{"damage":10,"enemies":"Gremlin Gang","floor":14,"turns":3},{"damage":48,"enemies":"Hexaghost","floor":16,"turns":4},{"damage":11,"enemies":"2 Thieves","floor":18,"turns":2},{"damage":10,"enemies":"3 Byrds","floor":20,"turns":3},{"damage":0,"enemies":"Snake Plant","floor":22,"turns":1},{"damage":0,"enemies":"Gremlin Leader","floor":24,"turns":2},{"damage":0,"enemies":"Snecko","floor":27,"turns":2},{"damage":14,"enemies":"Centurion and Healer","floor":29,"turns":3},{"damage":22,"enemies":"Automaton","floor":33,"turns":4},{"damage":25,"enemies":"3 Darklings","floor":35,"turns":3},{"damage":0,"enemies":"3 Shapes","floor":37,"turns":1},{"damage":0,"enemies":"3 Darklings","floor":38,"turns":2},{"damage":0,"enemies":"Sphere and 2 Shapes","floor":39,"turns":2},{"damage":13,"enemies":"Nemesis","floor":40,"turns":3},{"damage":47,"enemies":"4 Shapes","floor":44,"turns":3},{"damage":14,"enemies":"3 Darklings","floor":45,"turns":2},{"damage":3,"enemies":"Giant Head","floor":47,"turns":3},{"damage":30,"enemies":"Maw","floor":48,"turns":4},{"damage":51,"enemies":"Donu and Deca","floor":50,"turns":5}],"event_choices":[{"event_name":"Bonfire Elementals","player_choice":"BASIC","floor":19,"damage_taken":0},{"event_name":"Transmorgrifier","player_choice":"Transform","floor":31,"damage_taken":0},{"event_name":"Winding Halls","player_choice":"Writhe","floor":42,"damage_taken":0}],"boss_relics":[{"not_picked":["Mark of Pain","White Beast Statue"],"picked":"Sozu"},{"not_picked":["Velvet Choker","Pandora\u0027s Box"],"picked":"Black Star"}],"potions_floor_spawned":[2,5,16,22,27,29,33,37,45,47],"seed_played":"8597558660934896308","ascension_level":2,"is_trial":false}