{"gold_per_floor":[109,109,59,75,90,90,136,136,160,8,8,27,27,45,45,143,143,162,173,173,98,117,117,134,134,134,38,63,63,74,130,130,230,230,243,105,105,105],"floor_reached":38,"playtime":2113,"items_purged":["Defend_B","Defend_B"],"score":630,"play_id":"763b0fee-50e6-4414-83f5-831be6216a18","local_time":"20180825021815","is_ascension_mode":true,"campfire_choices":[{"data":"Zap","floor":6.0,"key":"SMITH"},{"floor":8.0,"key":"REST"},{"data":"Defragment","floor":15.0,"key":"SMITH"},{"data":"Biased Cognition","floor":23.0,"key":"SMITH"},{"floor":29.0,"key":"REST"},{"floor":32.0,"key":"REST"}],"neow_cost":"NONE","seed_source_timestamp":0,"circlet_count":0,"master_deck":["Strike_B+1","Defend_B","Defend_B","Zap+1","Dualcast+1","Heatsinks","Steam","Multi-Cast","Glacier","Defragment+1","Biased Cognition+1","Hologram","Hologram+1","Heatsinks+1","Capacitor","Tempest+1","Loop"],"special_seed":0,"relics":["Runic Pyramid","Art of War","Juzu Bracelet","Philosopher\u0027s Stone","Nilry\u0027s Codex","Darkstone Periapt","Mango","Regal Pillow","Tiny Chest","Sozu"],"potions_floor_usage":[38],"damage_taken":[{"damage":3.0,"enemies":"Jaw Worm","floor":1.0,"turns":6.0},{"damage":0.0,"enemies":"Small Slimes","floor":4.0,"turns":3.0},{"damage":2.0,"enemies":"2 Louse","floor":5.0,"turns":3.0},{"damage":0.0,"enemies":"Looter","floor":12.0,"turns":4.0},{"damage":1.0,"enemies":"Red Slaver","floor":14.0,"turns":4.0},{"damage":0.0,"enemies":"Slime Boss","floor":16.0,"turns":12.0},{"damage":0.0,"enemies":"Spheric Guardian","floor":18.0,"turns":4.0},{"damage":4.0,"enemies":"Shell Parasite","floor":19.0,"turns":6.0},{"damage":0.0,"enemies":"Snecko","floor":22.0,"turns":5.0},{"damage":0.0,"enemies":"Cultist and Chosen","floor":24.0,"turns":7.0},{"damage":74.0,"enemies":"Slavers","floor":28.0,"turns":6.0},{"damage":20.0,"enemies":"Snake Plant","floor":30.0,"turns":5.0},{"damage":56.0,"enemies":"Automaton","floor":33.0,"turns":10.0},{"damage":2,"enemies":"Orb Walker","floor":35,"turns":4},{"damage":78,"enemies":"Awakened One","floor":38,"turns":10}],"seed_played":"8928529886506078571","potions_obtained":[{"floor":12.0,"key":"AttackPotion"},{"floor":16.0,"key":"AttackPotion"},{"floor":22.0,"key":"Regen Potion"},{"floor":28.0,"key":"Regen Potion"},{"floor":30.0,"key":"SpeedPotion"}],"is_trial":false,"path_per_floor":["M","?","?","M","M","R","T","R","T","$","?","M","?","M","R","B",null,"M","M","?","?","M","R","M","?","T","?","E","R","M","T","R","B",null,"M","$","?"],"character_chosen":"DEFECT","items_purchased":["Glacier","Loop"],"campfire_rested":3,"item_purchase_floors":[10,36],"current_hp_per_floor":[65,50,50,50,48,48,48,70,70,70,75,75,75,74,74,74,79,79,75,59,59,59,59,71,71,71,85,11,54,34,34,77,36,80,78,78,78,0],"gold":105,"neow_bonus":"BOSS_RELIC","is_prod":false,"is_daily":false,"chose_seed":false,"campfire_upgraded":3,"win_rate":0,"timestamp":1535156295,"path_taken":["M","?","?","M","?","R","?","R","T","?","?","M","?","M","R","BOSS","M","M","?","?","M","R","M","?","T","?","E","R","M","?","R","BOSS","M","$","?","BOSS"],"build_version":"2018-08-23v2","purchased_purges":2,"victory":false,"max_hp_per_floor":[75,75,75,75,75,75,75,75,75,75,80,80,80,80,80,80,80,80,80,80,80,80,80,80,80,80,94,94,94,94,94,94,94,94,94,94,94,94],"card_choices":[{"not_picked":["Steam","Streamline"],"picked":"Heatsinks","floor":1.0},{"not_picked":["Go for the Eyes","Stack"],"picked":"Steam","floor":4.0},{"not_picked":["Chaos","Coolheaded"],"picked":"Multi-Cast","floor":5.0},{"not_picked":["Reprogram","Streamline"],"picked":"Defragment","floor":12.0},{"not_picked":["Blizzard","Barrage","Go for the Eyes"],"picked":"SKIP","floor":14.0},{"not_picked":["Rainbow","Reboot"],"picked":"Biased Cognition","floor":16.0},{"not_picked":["Genetic Algorithm","Gash+1"],"picked":"Hologram","floor":18.0},{"not_picked":["Go for the Eyes","Skim"],"picked":"Hologram+1","floor":19.0},{"not_picked":["Barrage","Gash+1"],"picked":"Heatsinks+1","floor":22.0},{"not_picked":["Undo","Conserve Battery+1","Scrape+1"],"picked":"SKIP","floor":24.0},{"not_picked":["Steam","Go for the Eyes"],"picked":"Capacitor","floor":28.0},{"not_picked":["Static Discharge+1","Chaos+1"],"picked":"Tempest+1","floor":30.0},{"not_picked":["Hologram","Hello World","Stack"],"picked":"SKIP","floor":35}],"player_experience":510600,"relics_obtained":[{"floor":7.0,"key":"Art of War"},{"floor":9.0,"key":"Juzu Bracelet"},{"floor":20.0,"key":"Nilry\u0027s Codex"},{"floor":26.0,"key":"Darkstone Periapt"},{"floor":28.0,"key":"Regal Pillow"},{"floor":31.0,"key":"Tiny Chest"}],"event_choices":[{"event_name":"Shining Light","player_choice":"Entered Light","floor":2.0,"damage_taken":0.0},{"event_name":"The Cleric","player_choice":"Card Removal","floor":3.0,"damage_taken":0.0},{"event_name":"Big Fish","player_choice":"Donut","floor":11.0,"damage_taken":0.0},{"event_name":"Bonfire Elementals","player_choice":"BASIC","floor":13.0,"damage_taken":0.0},{"event_name":"Cursed Tome","player_choice":"Obtained Book","floor":20.0,"damage_taken":0.0},{"event_name":"Beggar","player_choice":"Gave Gold","floor":21.0,"damage_taken":0.0},{"event_name":"Ghosts","player_choice":"Ignored","floor":25.0,"damage_taken":0.0},{"event_name":"WeMeetAgain","player_choice":"Gold","floor":27.0,"damage_taken":0.0},{"event_name":"SecretPortal","player_choice":"Took Portal.","floor":37,"damage_taken":0}],"is_beta":false,"boss_relics":[{"not_picked":["Ectoplasm","Runic Dome"],"picked":"Philosopher\u0027s Stone"},{"not_picked":["Velvet Choker","Eternal Feather"],"picked":"Sozu"}],"items_purged_floors":[10,36],"is_endless":false,"potions_floor_spawned":[12,16,22,28,30,35],"killed_by":"Awakened One","ascension_level":8}