{"gold_per_floor":[116,116,116,193,193,193,218,238,238,262,187,137,137,312,312,312],"floor_reached":16,"playtime":332,"items_purged":["Strike_R"],"score":136,"play_id":"7b36c8cc-454d-4f84-b02c-9bec9d476abc","local_time":"20190428115904","is_ascension_mode":true,"campfire_choices":[{"data":"Body Slam","floor":6,"key":"SMITH"},{"data":"Juggernaut","floor":13,"key":"SMITH"},{"data":"Defend_R","floor":15,"key":"SMITH"}],"neow_cost":"PERCENT_DAMAGE","seed_source_timestamp":396781861663500,"circlet_count":0,"master_deck":["AscendersBane","Strike_R","Strike_R","Defend_R+1","Defend_R","Defend_R","Defend_R","Bash","Juggernaut+1","Body Slam+1","Doubt"],"relics":["Burning Blood","Singing Bowl","Golden Idol","Dodecahedron"],"potions_floor_usage":[7,16],"damage_taken":[{"damage":10,"enemies":"Small Slimes","floor":1,"turns":4},{"damage":8,"enemies":"Jaw Worm","floor":7,"turns":2},{"damage":3,"enemies":"2 Louse","floor":8,"turns":3},{"damage":11,"enemies":"Blue Slaver","floor":10,"turns":4},{"damage":56,"enemies":"The Guardian","floor":16,"turns":10}],"seed_played":"-2325959750019272922","potions_obtained":[{"floor":1,"key":"EssenceOfSteel"},{"floor":10,"key":"BloodPotion"}],"is_trial":false,"path_per_floor":["M","?","?","T","?","R","M","M","T","M","$","?","R","?","R","B"],"character_chosen":"IRONCLAD","items_purchased":[],"campfire_rested":0,"item_purchase_floors":[],"current_hp_per_floor":[47,52,45,45,45,45,45,50,50,47,47,47,47,47,47,0],"gold":312,"neow_bonus":"THREE_RARE_CARDS","is_prod":false,"is_daily":false,"chose_seed":false,"campfire_upgraded":3,"win_rate":0,"timestamp":1556423944,"path_taken":["M","?","?","?","?","R","M","M","T","?","$","?","R","?","R","BOSS"],"build_version":"2019-01-23","purchased_purges":1,"victory":false,"max_hp_per_floor":[80,85,85,85,79,79,81,83,83,85,85,85,85,85,85,85],"card_choices":[{"not_picked":["Double Tap","Bludgeon"],"picked":"Juggernaut","floor":0},{"not_picked":["Whirlwind","Power Through"],"picked":"Body Slam","floor":1},{"not_picked":["Heavy Blade","Sever Soul","Fire Breathing"],"picked":"Singing Bowl","floor":7},{"not_picked":["Armaments","Pommel Strike","Cleave"],"picked":"Singing Bowl","floor":8},{"not_picked":["Havoc","Reckless Charge","Flex"],"picked":"Singing Bowl","floor":10}],"player_experience":547698,"relics_obtained":[{"floor":4,"key":"Singing Bowl"},{"floor":9,"key":"Dodecahedron"}],"event_choices":[{"damage_healed":0,"gold_gain":0,"player_choice":"Donut","damage_taken":0,"max_hp_gain":5,"max_hp_loss":0,"event_name":"Big Fish","floor":2,"gold_loss":0},{"cards_removed":["Strike_R"],"damage_healed":0,"gold_gain":0,"player_choice":"Card Removal","damage_taken":7,"max_hp_gain":0,"max_hp_loss":0,"event_name":"Golden Wing","floor":3,"gold_loss":0},{"damage_healed":0,"gold_gain":0,"player_choice":"Lose Max HP","damage_taken":0,"relics_obtained":["Golden Idol"],"max_hp_gain":0,"max_hp_loss":6,"event_name":"Golden Idol","floor":5,"gold_loss":0},{"cards_removed":["Strike_R"],"damage_healed":0,"gold_gain":0,"player_choice":"Card Removal","damage_taken":0,"max_hp_gain":0,"max_hp_loss":0,"event_name":"The Cleric","floor":12,"gold_loss":50},{"damage_healed":0,"gold_gain":175,"player_choice":"AGREE","damage_taken":0,"max_hp_gain":0,"max_hp_loss":0,"event_name":"Liars Game","floor":14,"gold_loss":0,"cards_obtained":["Doubt"]}],"is_beta":false,"boss_relics":[],"items_purged_floors":[11],"is_endless":false,"potions_floor_spawned":[1,10],"killed_by":"The Guardian","ascension_level":11}