{"gold_per_floor":[113,288,115,126,144,177,148,166,166,166,166,166,48,48,48,144,144,156,166,182,182],"floor_reached":21,"playtime":758,"items_purged":["Doubt"],"score":215,"play_id":"3cf87d28-9705-4991-97a4-03f2d4a170e9","local_time":"20180829071252","is_ascension_mode":true,"campfire_choices":[{"floor":10,"key":"REST"},{"data":"Discovery","floor":15,"key":"SMITH"}],"neow_cost":"NONE","seed_source_timestamp":690622540863291,"circlet_count":0,"master_deck":["Strike_B","Strike_B","Strike_B","Defend_B","Defend_B","Defend_B","Zap","Dualcast","Doom and Gloom","Discovery+1","Beam Cell","Ball Lightning","Auto Shields","Turbo","Defragment","Loop","Core Surge","Hologram","Darkness"],"relics":["Empty Cage","The Courier","Turnip","Ginger","Nuclear Battery"],"potions_floor_usage":[16,16,16],"damage_taken":[{"damage":6,"enemies":"Cultist","floor":1,"turns":4},{"damage":0,"enemies":"2 Louse","floor":4,"turns":1},{"damage":7,"enemies":"Jaw Worm","floor":5,"turns":2},{"damage":22,"enemies":"Gremlin Nob","floor":6,"turns":4},{"damage":9,"enemies":"2 Fungi Beasts","floor":8,"turns":2},{"damage":7,"enemies":"Slime Boss","floor":16,"turns":7},{"damage":15,"enemies":"Chosen","floor":18,"turns":6},{"damage":23,"enemies":"Shell Parasite","floor":19,"turns":6},{"damage":16,"enemies":"Snake Plant","floor":20,"turns":4},{"damage":21,"enemies":"Sentry and Sphere","floor":21,"turns":2}],"seed_played":"7952613312000088638","potions_obtained":[{"floor":5,"key":"Swift Potion"},{"floor":6,"key":"Strength Potion"},{"floor":8,"key":"SkillPotion"},{"floor":16,"key":"Strength Potion"}],"is_trial":false,"path_per_floor":["M","?","$","M","M","E","$","M","T","R","?","?","$","?","R","B",null,"M","M","M"],"character_chosen":"DEFECT","items_purchased":["Discovery","Auto Shields","Defragment","Loop"],"campfire_rested":1,"item_purchase_floors":[3,7,13,13],"current_hp_per_floor":[69,69,69,69,62,40,40,31,31,53,53,53,53,46,46,39,75,60,37,21,0],"gold":182,"neow_bonus":"BOSS_RELIC","is_prod":false,"is_daily":false,"chose_seed":false,"campfire_upgraded":1,"win_rate":0,"timestamp":1535541172,"path_taken":["M","?","$","M","M","E","$","M","T","R","?","?","$","?","R","BOSS","M","M","M","M"],"build_version":"2018-08-23v2","purchased_purges":1,"victory":false,"max_hp_per_floor":[75,75,75,75,75,75,75,75,75,75,75,75,75,75,75,75,75,75,75,75,75],"card_choices":[{"not_picked":["Sweeping Beam","Stack"],"picked":"Doom and Gloom","floor":1},{"not_picked":["Melter","Cold Snap"],"picked":"Beam Cell","floor":4},{"not_picked":["Undo","Hologram"],"picked":"Ball Lightning","floor":5},{"not_picked":["Steam Power","Beam Cell","Coolheaded"],"picked":"SKIP","floor":6},{"not_picked":["Conserve Battery","Steam"],"picked":"Turbo","floor":8},{"not_picked":["Thunder Strike","Buffer"],"picked":"Core Surge","floor":16},{"not_picked":["Steam","Static Discharge"],"picked":"Hologram","floor":18},{"not_picked":["Conserve Battery","Steam"],"picked":"Darkness","floor":19},{"not_picked":["Aggregate","Genetic Algorithm","Gash"],"picked":"SKIP","floor":20}],"player_experience":479400,"relics_obtained":[{"floor":6,"key":"The Courier"},{"floor":9,"key":"Turnip"}],"event_choices":[{"event_name":"Liars Game","player_choice":"agreed","floor":2,"damage_taken":0},{"event_name":"The Woman in Blue","player_choice":"Bought 0 Potions","floor":11,"damage_taken":0},{"event_name":"Match and Keep!","player_choice":"0 cards matched","floor":12,"damage_taken":0},{"event_name":"Scrap Ooze","player_choice":"success","floor":14,"damage_taken":7}],"is_beta":false,"boss_relics":[{"not_picked":["Lizard Tail","Snecko Eye"],"picked":"Nuclear Battery"}],"items_purged_floors":[3],"is_endless":false,"potions_floor_spawned":[5,6,8,16],"killed_by":"Sentry and Sphere","ascension_level":4}