{"gold_per_floor":[144,144,189,234,279,324,324,414,439,439,484,574,574,619,619,919,919,964,1009,1034,1079,1124,1124,1214,1214,1214,914,914],"floor_reached":28,"playtime":2287,"items_purged":[],"score":302,"play_id":"8abd84fa-86b9-4793-8281-af776c3f830e","local_time":"20190124135843","daily_mods":["Specialized","Green Cards","Midas"],"is_ascension_mode":false,"campfire_choices":[{"floor":7,"key":"REST"},{"floor":10,"key":"DIG"},{"floor":15,"key":"REST"},{"floor":23,"key":"REST"},{"floor":25,"key":"DIG"}],"neow_cost":"","seed_source_timestamp":0,"circlet_count":0,"master_deck":["Strike_B","Strike_B","Strike_B","Strike_B","Defend_B","Defend_B","Defend_B","Defend_B","Zap","Dualcast","Expertise","Expertise","Expertise","Expertise","Expertise","Prepared","Flechettes+1","Go for the Eyes","Stack","Dodge and Roll","Deflect","Creative AI","Ball Lightning","Caltrops+1","Dodge and Roll","Footwork"],"special_seed":17920,"relics":["Cracked Core","Du-Vu Doll","Shovel","Happy Flower","Bronze Scales","Emotion Chip","Black Star","Anchor","Boot","DataDisk","Oddly Smooth Stone","Pantograph","Art of War","Potion Belt"],"potions_floor_usage":[16,16,16,21,24],"damage_taken":[{"damage":5,"enemies":"Jaw Worm","floor":1,"turns":6},{"damage":1,"enemies":"Cultist","floor":3,"turns":3},{"damage":0,"enemies":"Small Slimes","floor":4,"turns":2},{"damage":2,"enemies":"3 Louse","floor":5,"turns":3},{"damage":6,"enemies":"Lots of Slimes","floor":6,"turns":5},{"damage":25,"enemies":"3 Sentries","floor":8,"turns":10},{"damage":5,"enemies":"Blue Slaver","floor":11,"turns":3},{"damage":15,"enemies":"Gremlin Nob","floor":12,"turns":4},{"damage":0,"enemies":"2 Fungi Beasts","floor":14,"turns":2},{"damage":11,"enemies":"The Guardian","floor":16,"turns":12},{"damage":1,"enemies":"3 Byrds","floor":18,"turns":3},{"damage":17,"enemies":"2 Thieves","floor":19,"turns":4},{"damage":14,"enemies":"Centurion and Healer","floor":21,"turns":8},{"damage":23,"enemies":"3 Cultists","floor":22,"turns":4},{"damage":1,"enemies":"Book of Stabbing","floor":24,"turns":5},{"damage":44,"enemies":"Gremlin Leader","floor":28,"turns":5}],"seed_played":"5878124087660540128","potions_obtained":[{"floor":1,"key":"Energy Potion"},{"floor":3,"key":"SteroidPotion"},{"floor":5,"key":"Ancient Potion"},{"floor":11,"key":"EssenceOfSteel"},{"floor":16,"key":"SteroidPotion"},{"floor":19,"key":"GamblersBrew"},{"floor":22,"key":"Weak Potion"}],"is_trial":false,"path_per_floor":["M","?","M","M","M","M","R","E","T","R","M","E","?","M","R","B",null,"M","M","T","M","M","R","E","R","T","$","E"],"character_chosen":"DEFECT","items_purchased":["Art of War","Potion Belt"],"campfire_rested":3,"item_purchase_floors":[27,27],"current_hp_per_floor":[70,67,66,66,64,58,75,50,50,50,45,30,30,30,52,41,75,74,57,57,43,20,42,41,41,41,41,0],"gold":914,"neow_bonus":"","is_prod":false,"is_daily":true,"chose_seed":false,"campfire_upgraded":0,"win_rate":0,"timestamp":1548356323,"path_taken":["M","?","M","M","M","M","R","E","T","R","M","E","?","M","R","BOSS","M","?","?","M","M","R","E","R","T","$","E"],"build_version":"2019-01-23","purchased_purges":0,"victory":false,"max_hp_per_floor":[75,75,75,75,75,75,75,75,75,75,75,75,75,75,75,75,75,75,75,75,75,75,75,75,75,75,75,75],"card_choices":[{"not_picked":["Blizzard","Tactician"],"picked":"Prepared","floor":1},{"not_picked":["Static Discharge","Beam Cell"],"picked":"Flechettes","floor":3},{"not_picked":["Lockon","Bouncing Flask"],"picked":"Go for the Eyes","floor":4},{"not_picked":["Dodge and Roll","Backflip"],"picked":"Stack","floor":5},{"not_picked":["Consume","Ball Lightning","Blizzard"],"picked":"SKIP","floor":6},{"not_picked":["Lockon","Hello World"],"picked":"Dodge and Roll","floor":8},{"not_picked":["Hello World","Barrage"],"picked":"Deflect","floor":11},{"not_picked":["Melter","Doom and Gloom","Consume"],"picked":"SKIP","floor":12},{"not_picked":["Cloak And Dagger","Noxious Fumes","Streamline"],"picked":"SKIP","floor":14},{"not_picked":["Fission","Core Surge"],"picked":"Creative AI","floor":16},{"not_picked":["Tempest","Reflex","Beam Cell"],"picked":"SKIP","floor":18},{"not_picked":["Outmaneuver","Streamline"],"picked":"Ball Lightning","floor":19},{"not_picked":["Noxious Fumes+1","Fusion"],"picked":"Caltrops+1","floor":21},{"not_picked":["Acrobatics","Cloak And Dagger"],"picked":"Dodge and Roll","floor":22},{"not_picked":["Darkness","Riddle With Holes"],"picked":"Footwork","floor":24}],"player_experience":146393,"relics_obtained":[{"floor":8,"key":"Shovel"},{"floor":9,"key":"Happy Flower"},{"floor":10,"key":"Bronze Scales"},{"floor":12,"key":"Emotion Chip"},{"floor":20,"key":"Anchor"},{"floor":24,"key":"Boot"},{"floor":24,"key":"DataDisk"},{"floor":25,"key":"Oddly Smooth Stone"},{"floor":26,"key":"Pantograph"}],"event_choices":[{"damage_healed":0,"gold_gain":0,"player_choice":"Success","damage_taken":3,"relics_obtained":["Du-Vu Doll"],"max_hp_gain":0,"max_hp_loss":0,"event_name":"Scrap Ooze","floor":2,"gold_loss":0},{"damage_healed":0,"gold_gain":0,"player_choice":"Upgraded","damage_taken":0,"max_hp_gain":0,"max_hp_loss":0,"event_name":"Upgrade Shrine","floor":13,"gold_loss":0,"cards_upgraded":["Flechettes"]}],"is_beta":false,"boss_relics":[{"not_picked":["White Beast Statue","Pandora\u0027s Box"],"picked":"Black Star"}],"items_purged_floors":[],"is_endless":false,"potions_floor_spawned":[1,3,5,11,16,19,22],"killed_by":"Gremlin Leader","ascension_level":0}