{"gold_per_floor":[218,78,96,96,107,107,125,125,173,185,215,227,256,279,291,407,419,448,470,502,527,539,551,582,614,626,638],"floor_reached":27,"playtime":5609,"items_purged":[],"score":321,"play_id":"4e6bdd1c-1796-4cf5-924b-3f651182c370","local_time":"20190314173823","is_ascension_mode":false,"campfire_choices":[{"data":"Footwork","floor":6.0,"key":"SMITH"},{"data":"Infinite Blades","floor":8.0,"key":"SMITH"},{"data":"Accuracy","floor":15.0,"key":"SMITH"},{"floor":23.0,"key":"REST"}],"neow_cost":"NONE","seed_source_timestamp":0,"circlet_count":0,"master_deck":["Backstab","Choke","Finisher","Flying Knee","Neutralize","Slice","Strike_G","Strike_G","Strike_G","Strike_G","Sucker Punch","Accuracy+1","Footwork+1","Infinite Blades+1","Well Laid Plans","Venomology","Blade Dance","Blur","Defend_G","Defend_G","Defend_G","Defend_G","Defend_G+1","Distraction+1","Expertise","Malaise","Survivor+1"],"special_seed":0,"relics":["Ring of the Snake","Bag of Preparation","MawBank","White Beast Statue","Bag of Marbles"],"potions_floor_usage":[27,27,27],"damage_taken":[{"damage":9.0,"enemies":"Jaw Worm","floor":1.0,"turns":6.0},{"damage":0.0,"enemies":"Cultist","floor":3.0,"turns":4.0},{"damage":0.0,"enemies":"Small Slimes","floor":5.0,"turns":3.0},{"damage":0.0,"enemies":"2 Fungi Beasts","floor":7.0,"turns":4.0},{"damage":2.0,"enemies":"Looter","floor":10.0,"turns":3.0},{"damage":1.0,"enemies":"3 Sentries","floor":11.0,"turns":7.0},{"damage":0.0,"enemies":"Exordium Thugs","floor":13.0,"turns":4.0},{"damage":2.0,"enemies":"2 Fungi Beasts","floor":14.0,"turns":3.0},{"damage":12.0,"enemies":"Slime Boss","floor":16.0,"turns":9.0},{"damage":28.0,"enemies":"Spheric Guardian","floor":18.0,"turns":5.0},{"damage":27.0,"enemies":"2 Thieves","floor":19.0,"turns":4.0},{"damage":16.0,"enemies":"Chosen and Byrds","floor":20.0,"turns":11.0},{"damage":9.0,"enemies":"Snake Plant","floor":21.0,"turns":7.0},{"damage":0.0,"enemies":"Snecko","floor":24.0,"turns":7.0},{"damage":4.0,"enemies":"Centurion and Healer","floor":25.0,"turns":7.0},{"damage":21,"enemies":"Gremlin Leader","floor":27,"turns":6}],"seed_played":"5006180522096212098","potions_obtained":[{"floor":1.0,"key":"SteroidPotion"},{"floor":3.0,"key":"Swift Potion"},{"floor":5.0,"key":"SpeedPotion"},{"floor":14.0,"key":"GamblersBrew"},{"floor":18.0,"key":"Regen Potion"},{"floor":19.0,"key":"Dexterity Potion"},{"floor":20.0,"key":"SpeedPotion"},{"floor":21.0,"key":"PowerPotion"},{"floor":24.0,"key":"SteroidPotion"},{"floor":25.0,"key":"SneckoOil"}],"is_trial":false,"path_per_floor":["M","$","M","?","M","R","M","R","T","M","E","?","M","M","R","B",null,"M","M","M","M","?","R","M","M","T","E"],"character_chosen":"THE_SILENT","items_purchased":["Footwork","Backstab"],"campfire_rested":1,"item_purchase_floors":[2,2],"current_hp_per_floor":[61,61,61,47,47,47,47,47,47,45,44,44,44,42,42,30,70,42,27,11,2,2,23,23,19,19,0],"gold":638,"neow_bonus":"HUNDRED_GOLD","is_prod":false,"is_daily":false,"chose_seed":false,"campfire_upgraded":3,"win_rate":0.0,"timestamp":1552603103,"path_taken":["M","$","M","?","M","R","M","R","T","M","E","?","M","M","R","BOSS","M","M","M","?","?","R","?","M","T","E"],"build_version":"2019-01-23","purchased_purges":0,"victory":false,"max_hp_per_floor":[70,70,70,70,70,70,70,70,70,70,70,70,70,70,70,70,70,70,70,70,70,70,70,70,70,70,70],"card_choices":[{"not_picked":["Cloak And Dagger","Slice"],"picked":"Finisher","floor":1.0},{"not_picked":["Deadly Poison","Caltrops"],"picked":"Slice","floor":3.0},{"not_picked":["Acrobatics","Bouncing Flask"],"picked":"Expertise","floor":5.0},{"not_picked":["Underhanded Strike","Bane"],"picked":"Infinite Blades","floor":7.0},{"not_picked":["Underhanded Strike","PiercingWail"],"picked":"Sucker Punch","floor":10.0},{"not_picked":["Leg Sweep","Quick Slash"],"picked":"Accuracy","floor":11.0},{"not_picked":["Sucker Punch","Cloak And Dagger"],"picked":"Venomology","floor":13.0},{"not_picked":["Dagger Spray","Die Die Die"],"picked":"Blade Dance","floor":14.0},{"not_picked":["Tools of the Trade","Bullet Time"],"picked":"Malaise","floor":16.0},{"not_picked":["Masterful Stab","Flying Knee"],"picked":"Blur","floor":18.0},{"not_picked":["Skewer","Escape Plan","Slice"],"picked":"SKIP","floor":19.0},{"not_picked":["Flechettes+1","Deflect"],"picked":"Well Laid Plans","floor":20.0},{"not_picked":["Eviscerate+1","Dodge and Roll","Terror"],"picked":"SKIP","floor":21.0},{"not_picked":["Endless Agony","Skewer"],"picked":"Distraction+1","floor":24.0},{"not_picked":["Distraction","Backflip"],"picked":"Choke","floor":25.0}],"player_experience":76557,"relics_obtained":[{"floor":9.0,"key":"Bag of Preparation"},{"floor":11.0,"key":"MawBank"},{"floor":26.0,"key":"Bag of Marbles"}],"event_choices":[{"damage_healed":0.0,"max_hp_gain":0.0,"max_hp_loss":0.0,"gold_gain":0.0,"event_name":"Shining Light","player_choice":"Entered Light","floor":4.0,"gold_loss":0.0,"damage_taken":14.0,"cards_upgraded":["Survivor","Defend_G"]},{"damage_healed":0.0,"max_hp_gain":0.0,"max_hp_loss":0.0,"gold_gain":0.0,"event_name":"NoteForYourself","player_choice":"Ignored","floor":12.0,"gold_loss":0.0,"damage_taken":0.0},{"damage_healed":0.0,"max_hp_gain":0.0,"max_hp_loss":0.0,"gold_gain":0.0,"cards_transformed":["Strike_G"],"event_name":"Transmorgrifier","player_choice":"Transformed","floor":22.0,"gold_loss":0.0,"damage_taken":0.0,"cards_obtained":["Flying Knee"]}],"is_beta":false,"boss_relics":[{"not_picked":["Ectoplasm","Fusion Hammer"],"picked":"White Beast Statue"}],"items_purged_floors":[],"is_endless":false,"potions_floor_spawned":[1,3,5,14,18,19,20,21,24,25],"killed_by":"Gremlin Leader","ascension_level":0}