{"gold_per_floor":[109,109,74,74,92,92,118,118,145,145,185,29,50,125,125,254,254,269,18,37,37,57,57,88,88,113,157,157,157,176,194,194,292,292,302,200,200,216,216],"floor_reached":39,"playtime":2029,"items_purged":["Injury"],"score":446,"play_id":"d8406fa2-d966-4ee7-8f56-c33d376766d6","local_time":"20190504211143","is_ascension_mode":true,"campfire_choices":[{"floor":6,"key":"REST"},{"floor":8,"key":"REST"},{"floor":15,"key":"REST"},{"floor":23,"key":"REST"},{"floor":25,"key":"REST"},{"floor":29,"key":"REST"},{"floor":32,"key":"REST"}],"neow_cost":"NONE","seed_source_timestamp":28524464227400,"circlet_count":0,"master_deck":["Strike_R+1","Strike_R+1","Strike_R+1","Strike_R+1","Defend_R+1","Defend_R+1","Defend_R+1","Defend_R+1","Bash+1","Battle Trance","Juggernaut","Inflame","Blood for Blood","Limit Break","Metallicize","Entrench","Demon Form","Body Slam+1","Spot Weakness","Infernal Blade+1","Barricade","Armaments","Double Tap","Decay","Metallicize"],"relics":["White Beast Statue","Blood Vial","PreservedInsect","Letter Opener","Snecko Eye","Gremlin Horn","WingedGreaves","Ancient Tea Set","Bottled Tornado","Nloth\u0027s Gift","Runic Pyramid"],"potions_floor_usage":[5,11,16,16,16,16,16,22,24,24,27,27,33,33,35,36,38,38],"damage_taken":[{"damage":15,"enemies":"Jaw Worm","floor":1,"turns":4},{"damage":11,"enemies":"Small Slimes","floor":5,"turns":4},{"damage":21,"enemies":"Lagavulin","floor":7,"turns":7},{"damage":30,"enemies":"3 Sentries","floor":11,"turns":7},{"damage":0,"enemies":"Cultist","floor":13,"turns":4},{"damage":29,"enemies":"Slime Boss","floor":16,"turns":10},{"damage":2,"enemies":"Chosen","floor":18,"turns":3},{"damage":7,"enemies":"Spheric Guardian","floor":20,"turns":4},{"damage":21,"enemies":"Snake Plant","floor":22,"turns":3},{"damage":28,"enemies":"Book of Stabbing","floor":24,"turns":5},{"damage":24,"enemies":"Gremlin Leader","floor":27,"turns":3},{"damage":4,"enemies":"3 Cultists","floor":30,"turns":5},{"damage":12,"enemies":"Chosen and Byrds","floor":31,"turns":4},{"damage":29,"enemies":"Champ","floor":33,"turns":6},{"damage":59,"enemies":"3 Shapes","floor":35,"turns":4},{"damage":16,"enemies":"Orb Walker","floor":38,"turns":5},{"damage":21,"enemies":"3 Darklings","floor":39,"turns":2}],"seed_played":"7029922765984815842","potions_obtained":[{"floor":1,"key":"EntropicBrew"},{"floor":5,"key":"PowerPotion"},{"floor":11,"key":"Dexterity Potion"},{"floor":13,"key":"Explosive Potion"},{"floor":16,"key":"Dexterity Potion"},{"floor":18,"key":"Energy Potion"},{"floor":20,"key":"BloodPotion"},{"floor":22,"key":"Swift Potion"},{"floor":24,"key":"FearPotion"},{"floor":27,"key":"SteroidPotion"},{"floor":30,"key":"Ancient Potion"},{"floor":31,"key":"Strength Potion"},{"floor":33,"key":"SkillPotion"},{"floor":35,"key":"Dexterity Potion"},{"floor":38,"key":"Ancient Potion"}],"is_trial":false,"path_per_floor":["M","?","?","?","M","R","E","R","T","?","E","$","M","?","R","B",null,"M","$","M","?","M","R","E","R","T","E","?","R","M","M","R","B",null,"M","$","?","M","M"],"character_chosen":"IRONCLAD","items_purchased":["Metallicize","Gremlin Horn","Fruit Juice"],"campfire_rested":7,"item_purchase_floors":[12,19,36],"current_hp_per_floor":[65,65,80,80,69,80,59,80,80,80,50,50,52,44,68,41,80,78,78,73,73,62,80,52,76,76,54,54,78,76,66,80,51,80,21,26,26,12,0],"gold":216,"neow_bonus":"BOSS_RELIC","is_prod":false,"is_daily":false,"chose_seed":false,"campfire_upgraded":0,"win_rate":0,"timestamp":1557018703,"path_taken":["M","?","?","?","?","R","E","R","T","?","E","$","M","?","R","BOSS","M","$","M","?","M","R","E","R","T","E","?","R","M","M","R","BOSS","M","$","?","M","?"],"build_version":"2019-01-23","purchased_purges":1,"victory":false,"max_hp_per_floor":[80,80,80,80,80,80,80,80,80,80,80,80,80,80,80,80,80,80,80,80,80,80,80,80,80,80,80,80,80,80,80,80,80,80,80,85,85,85,85],"card_choices":[{"not_picked":["Reckless Charge","Power Through"],"picked":"Battle Trance","floor":1},{"not_picked":["Headbutt","Warcry"],"picked":"Inflame","floor":5},{"not_picked":["Twin Strike","Flex"],"picked":"Blood for Blood","floor":7},{"not_picked":["Cleave","Heavy Blade"],"picked":"Limit Break","floor":11},{"not_picked":["Twin Strike","Dropkick"],"picked":"Entrench","floor":13},{"not_picked":["Offering","Bludgeon"],"picked":"Demon Form","floor":16},{"not_picked":["Power Through+1","Wild Strike"],"picked":"Body Slam+1","floor":18},{"not_picked":["Cleave","Inflame"],"picked":"Spot Weakness","floor":20},{"not_picked":["Sever Soul","Havoc"],"picked":"Infernal Blade+1","floor":22},{"not_picked":["Shockwave","Feel No Pain"],"picked":"Barricade","floor":24},{"not_picked":["Pommel Strike","Disarm"],"picked":"Armaments","floor":27},{"not_picked":["Body Slam+1","Havoc+1","Infernal Blade"],"picked":"SKIP","floor":30},{"not_picked":["Hemokinesis","Armaments","Sword Boomerang"],"picked":"SKIP","floor":31},{"not_picked":["Dark Embrace","Immolate"],"picked":"Double Tap","floor":33},{"not_picked":["Searing Blow","True Grit","Clash+1"],"picked":"SKIP","floor":35},{"not_picked":["Infernal Blade","Rampage"],"picked":"Metallicize","floor":38}],"player_experience":95730,"relics_obtained":[{"floor":7,"key":"Blood Vial"},{"floor":9,"key":"PreservedInsect"},{"floor":11,"key":"Letter Opener"},{"floor":24,"key":"WingedGreaves"},{"floor":26,"key":"Ancient Tea Set"},{"floor":27,"key":"Bottled Tornado"}],"event_choices":[{"damage_healed":0,"gold_gain":0,"player_choice":"Grow","damage_taken":0,"max_hp_gain":0,"max_hp_loss":0,"event_name":"Living Wall","floor":2,"gold_loss":0,"cards_upgraded":["Bash"]},{"damage_healed":20,"gold_gain":0,"player_choice":"Healed","damage_taken":0,"max_hp_gain":0,"max_hp_loss":0,"event_name":"The Cleric","floor":3,"gold_loss":35},{"damage_healed":0,"gold_gain":0,"cards_transformed":["Strike_R"],"player_choice":"Transformed","damage_taken":0,"max_hp_gain":0,"max_hp_loss":0,"event_name":"Transmorgrifier","floor":4,"gold_loss":0,"cards_obtained":["Juggernaut"]},{"damage_healed":0,"gold_gain":0,"player_choice":"Take Wound","damage_taken":0,"relics_obtained":["Golden Idol"],"max_hp_gain":0,"max_hp_loss":0,"event_name":"Golden Idol","floor":10,"gold_loss":0,"cards_obtained":["Injury"]},{"damage_healed":0,"gold_gain":75,"player_choice":"Touch","damage_taken":8,"max_hp_gain":0,"max_hp_loss":0,"event_name":"FaceTrader","floor":14,"gold_loss":0},{"damage_healed":0,"gold_gain":0,"player_choice":"Simplicity","damage_taken":0,"max_hp_gain":0,"max_hp_loss":0,"event_name":"Back to Basics","floor":21,"gold_loss":0,"cards_upgraded":["Strike_R","Strike_R","Strike_R","Strike_R","Defend_R","Defend_R","Defend_R","Defend_R"]},{"damage_healed":0,"gold_gain":0,"player_choice":"Traded Relic","damage_taken":0,"relics_obtained":["Nloth\u0027s Gift"],"max_hp_gain":0,"max_hp_loss":0,"event_name":"N\u0027loth","floor":28,"relics_lost":["Golden Idol"],"gold_loss":0},{"damage_healed":0,"gold_gain":0,"player_choice":"Cursed","damage_taken":0,"max_hp_gain":0,"max_hp_loss":0,"event_name":"Wheel of Change","floor":37,"gold_loss":0,"cards_obtained":["Decay"]}],"is_beta":false,"boss_relics":[{"not_picked":["Cursed Key","Orrery"],"picked":"Snecko Eye"},{"not_picked":["Runic Cube","Sozu"],"picked":"Runic Pyramid"}],"items_purged_floors":[12],"is_endless":false,"potions_floor_spawned":[1,5,7,11,13,16,18,20,22,24,27,30,31,33,35,38],"killed_by":"3 Darklings","ascension_level":1}