{"gold_per_floor":[112,112,28,28,28,28,61,79,79,0,0,26,38,38,38,114,114,124,33,0,17,17,17,17,32,56,56,56,56,56],"floor_reached":30,"playtime":717,"items_purged":[],"score":463,"play_id":"816401dc-6a31-4e29-8bbb-f5411dec3f49","local_time":"20190129145551","is_ascension_mode":true,"campfire_choices":[{"data":"Static Discharge","floor":6,"key":"SMITH"},{"data":"Thunder Strike","floor":11,"key":"SMITH"},{"data":"Capacitor","floor":15,"key":"SMITH"},{"floor":23,"key":"REST"},{"data":"Thunder Strike","floor":27,"key":"SMITH"},{"data":"Turbo","floor":29,"key":"SMITH"}],"neow_cost":"CURSE","seed_source_timestamp":175684332931509,"circlet_count":0,"master_deck":["AscendersBane","Strike_B","Strike_B","Strike_B","Strike_B","Defend_B","Defend_B","Defend_B","Defend_B","Zap","Dualcast","Conserve Battery","Static Discharge+1","Thunder Strike+1","Ball Lightning","Capacitor+1","Turbo+1","Thunder Strike+1","Bandage Up","Glacier"],"relics":["Cracked Core","Bird Faced Urn","Spirit Poop","Calipers","Meat on the Bone","Ornamental Fan","Blue Candle","Question Card","Eternal Feather","Pen Nib"],"potions_floor_usage":[12,12,16,25],"damage_taken":[{"damage":6,"enemies":"2 Louse","floor":1,"turns":3},{"damage":21,"enemies":"3 Sentries","floor":7,"turns":6},{"damage":7,"enemies":"Cultist","floor":8,"turns":4},{"damage":28,"enemies":"Gremlin Nob","floor":12,"turns":3},{"damage":4,"enemies":"Small Slimes","floor":13,"turns":3},{"damage":19,"enemies":"Hexaghost","floor":16,"turns":5},{"damage":23,"enemies":"Spheric Guardian","floor":18,"turns":4},{"damage":32,"enemies":"Shell Parasite","floor":21,"turns":4},{"damage":13,"enemies":"Cultist and Chosen","floor":25,"turns":5},{"damage":91,"enemies":"Gremlin Leader","floor":30,"turns":6}],"seed_played":"1439137701522592983","potions_obtained":[{"floor":7,"key":"SkillPotion"},{"floor":8,"key":"SkillPotion"},{"floor":13,"key":"FearPotion"},{"floor":18,"key":"EssenceOfSteel"}],"is_trial":false,"path_per_floor":["M","?","$","T","?","R","E","M","T","$","R","E","M","T","R","B",null,"M","$","?","M","?","R","$","M","T","R","?","R","E"],"character_chosen":"DEFECT","items_purchased":["Static Discharge","Capacitor","Bandage Up"],"campfire_rested":1,"item_purchase_floors":[3,10,19],"current_hp_per_floor":[58,58,58,58,58,58,39,46,46,46,46,34,46,46,46,43,64,45,45,45,33,33,63,63,58,58,70,70,71,0],"gold":56,"neow_bonus":"ONE_RARE_RELIC","is_prod":false,"is_daily":false,"chose_seed":false,"campfire_upgraded":5,"win_rate":0,"timestamp":1548791751,"path_taken":["M","?","$","?","?","R","E","M","T","$","R","E","M","?","R","BOSS","M","$","?","M","?","R","$","M","T","R","?","R","E"],"build_version":"2019-01-23","purchased_purges":0,"victory":false,"max_hp_per_floor":[71,71,71,71,71,71,71,71,71,71,71,71,71,71,71,71,71,71,71,71,71,71,71,71,71,71,71,71,71,71],"card_choices":[{"not_picked":["Go for the Eyes","Stack"],"picked":"Conserve Battery","floor":1},{"not_picked":["Tempest","Go for the Eyes"],"picked":"Thunder Strike","floor":7},{"not_picked":["Sweeping Beam","Stack"],"picked":"Ball Lightning","floor":8},{"not_picked":["Reprogram","Ball Lightning"],"picked":"Turbo","floor":12},{"not_picked":["Cold Snap","Ball Lightning","Recycle"],"picked":"SKIP","floor":13},{"not_picked":["Multi-Cast","Core Surge","Reboot"],"picked":"Thunder Strike","floor":16},{"not_picked":["Streamline","Turbo","FTL","Cold Snap"],"picked":"SKIP","floor":18},{"not_picked":["Go for the Eyes","Coolheaded","Cold Snap","Steam Power"],"picked":"SKIP","floor":21},{"not_picked":["Compile Driver+1","Hologram","Leap"],"picked":"Glacier","floor":25}],"player_experience":812423,"relics_obtained":[{"floor":4,"key":"Calipers"},{"floor":7,"key":"Meat on the Bone"},{"floor":9,"key":"Ornamental Fan"},{"floor":12,"key":"Blue Candle"},{"floor":14,"key":"Question Card"},{"floor":26,"key":"Pen Nib"}],"event_choices":[{"cards_removed":["Doubt"],"damage_healed":0,"gold_gain":0,"player_choice":"Offered Curse","damage_taken":0,"relics_obtained":["Spirit Poop"],"max_hp_gain":0,"max_hp_loss":0,"event_name":"Bonfire Elementals","floor":2,"gold_loss":0},{"damage_healed":0,"gold_gain":0,"player_choice":"Ignored","damage_taken":0,"max_hp_gain":0,"max_hp_loss":0,"event_name":"Golden Wing","floor":5,"gold_loss":0},{"damage_healed":0,"gold_gain":0,"player_choice":"Paid Fearfully","damage_taken":0,"max_hp_gain":0,"max_hp_loss":0,"event_name":"Masked Bandits","floor":20,"gold_loss":33},{"damage_healed":0,"gold_gain":0,"player_choice":"Ignored","damage_taken":0,"max_hp_gain":0,"max_hp_loss":0,"event_name":"Ghosts","floor":22,"gold_loss":0},{"damage_healed":0,"gold_gain":0,"player_choice":"Ignored","damage_taken":0,"max_hp_gain":0,"max_hp_loss":0,"event_name":"Beggar","floor":28,"gold_loss":0}],"is_beta":false,"boss_relics":[{"not_picked":["Calling Bell","Sozu"],"picked":"Eternal Feather"}],"items_purged_floors":[],"is_endless":false,"potions_floor_spawned":[7,8,13,18],"killed_by":"Gremlin Leader","ascension_level":20}