{"gold_per_floor":[115,215,73,90,107,140,160,189,189,189,220,180,209,228,228,331,331,347,363,3,18,18,45,45,45,45,45,65,65,0,0,0,102,102,113,113,131,144,144,144,169,169,222,222,222,222,222,222,222,222],"floor_reached":51,"playtime":3689,"items_purged":["Strike_G","Strike_G"],"score":937,"play_id":"d04da29f-d220-4fec-8c9b-8d20c1686a55","local_time":"20190508135711","is_ascension_mode":true,"campfire_choices":[{"floor":10,"key":"REST"},{"floor":15,"key":"REST"},{"floor":27,"key":"REST"},{"data":"Blade Dance","floor":29,"key":"SMITH"},{"data":"Blade Dance","floor":32,"key":"SMITH"},{"floor":40,"key":"REST"},{"data":"Adrenaline","floor":42,"key":"SMITH"},{"data":"Accuracy","floor":46,"key":"SMITH"},{"floor":49,"key":"REST"}],"neow_cost":"NONE","seed_source_timestamp":449819389199345,"circlet_count":0,"master_deck":["Defend_G+1","Defend_G+1","Survivor+1","After Image+1","Blade Dance+1","Accuracy+1","Accuracy+1","Backflip+1","Blade Dance+1","A Thousand Cuts+1","Well Laid Plans+1","Backstab+1","Slice+1","Caltrops+1","Footwork+1","Terror+1","Adrenaline+1","Dodge and Roll+1","Bandage Up+1","Adrenaline+1"],"relics":["Ring of the Snake","Kunai","Omamori","The Courier","Boot","Astrolabe","MealTicket","Juzu Bracelet","Pantograph","Nloth\u0027s Gift","Question Card","Empty Cage","Bag of Marbles","Strawberry","Mark of the Bloom"],"potions_floor_usage":[6,8,13,13,13,14,21,23,35,41],"damage_taken":[{"damage":1,"enemies":"Small Slimes","floor":1,"turns":4},{"damage":1,"enemies":"Cultist","floor":4,"turns":4},{"damage":11,"enemies":"Jaw Worm","floor":5,"turns":7},{"damage":28,"enemies":"Lagavulin","floor":6,"turns":9},{"damage":0,"enemies":"Red Slaver","floor":7,"turns":6},{"damage":6,"enemies":"Gremlin Nob","floor":8,"turns":4},{"damage":14,"enemies":"3 Sentries","floor":11,"turns":10},{"damage":8,"enemies":"Gremlin Nob","floor":13,"turns":5},{"damage":0,"enemies":"Gremlin Gang","floor":14,"turns":3},{"damage":12,"enemies":"Hexaghost","floor":16,"turns":12},{"damage":6,"enemies":"Spheric Guardian","floor":18,"turns":4},{"damage":1,"enemies":"Shell Parasite","floor":19,"turns":6},{"damage":11,"enemies":"Centurion and Healer","floor":21,"turns":4},{"damage":13,"enemies":"Book of Stabbing","floor":23,"turns":5},{"damage":14,"enemies":"3 Cultists","floor":28,"turns":5},{"damage":49,"enemies":"Collector","floor":33,"turns":9},{"damage":17,"enemies":"Orb Walker","floor":35,"turns":4},{"damage":5,"enemies":"3 Shapes","floor":37,"turns":4},{"damage":13,"enemies":"Sphere and 2 Shapes","floor":38,"turns":8},{"damage":20,"enemies":"Giant Head","floor":41,"turns":7},{"damage":51,"enemies":"Awakened One","floor":50,"turns":10}],"seed_played":"-3391088768394531574","potions_obtained":[{"floor":5,"key":"GamblersBrew"},{"floor":7,"key":"FearPotion"},{"floor":11,"key":"EssenceOfSteel"},{"floor":12,"key":"Dexterity Potion"},{"floor":12,"key":"Strength Potion"},{"floor":13,"key":"Poison Potion"},{"floor":16,"key":"LiquidBronze"},{"floor":19,"key":"SteroidPotion"},{"floor":35,"key":"Fruit Juice"},{"floor":38,"key":"AttackPotion"}],"is_trial":false,"path_per_floor":["M","?","$","M","M","E","M","E","T","R","E","?","E","M","R","B",null,"M","M","$","M","?","E","$","?","T","R","M","R","?","$","R","B",null,"M","$","M","M","?","R","E","R","T","?","?","R","?","?","R","B",null],"character_chosen":"THE_SILENT","items_purchased":["Accuracy","MealTicket","Juzu Bracelet"],"campfire_rested":5,"item_purchase_floors":[3,20,20],"current_hp_per_floor":[62,62,62,61,50,22,22,16,16,37,23,23,15,15,36,24,59,53,52,52,41,41,28,43,43,43,64,50,50,50,65,65,21,58,46,61,56,43,43,65,49,49,56,56,56,56,56,56,56,5],"gold":222,"neow_bonus":"ONE_RANDOM_RARE_CARD","is_prod":false,"is_daily":false,"chose_seed":false,"campfire_upgraded":4,"win_rate":0,"timestamp":1557316631,"path_taken":["M","?","$","M","M","E","?","E","T","R","E","?","E","?","R","BOSS","M","M","$","M","?","E","$","?","T","R","M","R","?","$","R","BOSS","M","$","M","M","?","R","E","R","T","?","?","R","?","?","R","BOSS"],"build_version":"2019-01-23","purchased_purges":2,"victory":true,"max_hp_per_floor":[70,70,70,70,70,70,70,70,70,70,70,70,70,70,70,70,70,70,70,70,70,70,70,70,70,70,70,70,70,70,70,70,70,70,75,75,75,75,75,75,75,75,82,82,82,82,82,78,78,78],"card_choices":[{"not_picked":["Prepared","Expertise"],"picked":"Blade Dance","floor":1},{"not_picked":["Dagger Spray","Malaise"],"picked":"Accuracy","floor":4},{"not_picked":["Dodge and Roll","Outmaneuver","Prepared"],"picked":"SKIP","floor":5},{"not_picked":["Riddle With Holes","Quick Slash","Terror"],"picked":"SKIP","floor":6},{"not_picked":["Reflex","Tactician"],"picked":"Backflip","floor":7},{"not_picked":["Accuracy","Riddle With Holes","Dagger Throw"],"picked":"SKIP","floor":8},{"not_picked":["Deadly Poison","Finisher","Glass Knife"],"picked":"SKIP","floor":11},{"not_picked":["Concentrate","Catalyst"],"picked":"Blade Dance","floor":13},{"not_picked":["Quick Slash","Slice","Distraction"],"picked":"SKIP","floor":14},{"not_picked":["Adrenaline","Venomology"],"picked":"A Thousand Cuts","floor":16},{"not_picked":["Deflect","Prepared"],"picked":"Caltrops+1","floor":18},{"not_picked":["Dagger Throw","Dodge and Roll+1","Underhanded Strike"],"picked":"SKIP","floor":19},{"not_picked":["Skewer+1","Underhanded Strike","Deadly Poison"],"picked":"SKIP","floor":21},{"not_picked":["Riddle With Holes","Unload"],"picked":"Footwork","floor":23},{"not_picked":["Quick Slash","Acrobatics","Calculated Gamble"],"picked":"Terror+1","floor":28},{"not_picked":["Bouncing Flask","Underhanded Strike+1","Reflex"],"picked":"Adrenaline","floor":35},{"not_picked":["All Out Attack+1","Deadly Poison","Cloak And Dagger+1"],"picked":"Dodge and Roll+1","floor":37},{"not_picked":["Acrobatics+1","Poisoned Stab","Prepared+1","Slice+1"],"picked":"SKIP","floor":38},{"not_picked":["The Bomb","Finesse","Trip"],"picked":"Bandage Up","floor":39},{"not_picked":["Night Terror","Quick Slash+1","Glass Knife"],"picked":"Adrenaline","floor":41}],"player_experience":429540,"relics_obtained":[{"floor":6,"key":"Kunai"},{"floor":8,"key":"Omamori"},{"floor":9,"key":"The Courier"},{"floor":11,"key":"Letter Opener"},{"floor":13,"key":"Boot"},{"floor":23,"key":"Pantograph"},{"floor":26,"key":"Question Card"},{"floor":41,"key":"Bag of Marbles"},{"floor":43,"key":"Strawberry"}],"event_choices":[{"damage_healed":0,"gold_gain":100,"player_choice":"Pray","damage_taken":0,"max_hp_gain":0,"max_hp_loss":0,"event_name":"Golden Shrine","floor":2,"gold_loss":0},{"damage_healed":0,"gold_gain":0,"player_choice":"Bought 3 Potions","damage_taken":0,"max_hp_gain":0,"max_hp_loss":0,"event_name":"The Woman in Blue","floor":12,"gold_loss":0},{"cards_removed":["Defend_G"],"damage_healed":0,"gold_gain":0,"player_choice":"Card Removal","damage_taken":0,"max_hp_gain":0,"max_hp_loss":0,"event_name":"Wheel of Change","floor":22,"gold_loss":0},{"damage_healed":0,"gold_gain":0,"player_choice":"Traded Relic","damage_taken":0,"relics_obtained":["Nloth\u0027s Gift"],"max_hp_gain":0,"max_hp_loss":0,"event_name":"N\u0027loth","floor":25,"relics_lost":["Letter Opener"],"gold_loss":0},{"damage_healed":0,"gold_gain":0,"player_choice":"Paid Fearfully","damage_taken":0,"max_hp_gain":0,"max_hp_loss":0,"event_name":"Masked Bandits","floor":30,"gold_loss":65},{"damage_healed":0,"gold_gain":0,"player_choice":"Memory 1","damage_taken":0,"max_hp_gain":0,"max_hp_loss":0,"event_name":"SensoryStone","floor":39,"gold_loss":0},{"damage_healed":0,"gold_gain":0,"player_choice":"Ignored","damage_taken":0,"max_hp_gain":0,"max_hp_loss":0,"event_name":"Mysterious Sphere","floor":44,"gold_loss":0},{"cards_removed":["Neutralize"],"damage_healed":0,"gold_gain":0,"player_choice":"Removed Attack","damage_taken":0,"max_hp_gain":0,"max_hp_loss":0,"event_name":"Falling","floor":45,"gold_loss":0},{"damage_healed":0,"gold_gain":0,"player_choice":"Upgrade","damage_taken":0,"relics_obtained":["Mark of the Bloom"],"max_hp_gain":0,"max_hp_loss":0,"event_name":"MindBloom","floor":47,"gold_loss":0,"cards_upgraded":["Defend_G","Defend_G","Survivor","After Image","Accuracy","Backflip","A Thousand Cuts","Footwork","Adrenaline","Bandage Up"]},{"damage_healed":0,"gold_gain":0,"player_choice":"Max HP","damage_taken":0,"max_hp_gain":0,"max_hp_loss":4,"event_name":"Winding Halls","floor":48,"gold_loss":0}],"is_beta":false,"boss_relics":[{"not_picked":["White Beast Statue","Pandora\u0027s Box"],"picked":"Astrolabe"},{"not_picked":["Snecko Eye","Ring of the Serpent"],"picked":"Empty Cage"}],"items_purged_floors":[3,20],"is_endless":false,"potions_floor_spawned":[5,7,11,13,16,19,35,38],"ascension_level":8}