{"gold_per_floor":[109,284,295,305,38,38,48,61,136,136,151,180,180,180,180,180],"floor_reached":16,"playtime":560,"items_purged":["Doubt"],"score":102,"play_id":"6ae77d51-010c-40d6-a355-f5d88d5fe60e","local_time":"20190317130404","is_ascension_mode":false,"campfire_choices":[{"data":"Zap","floor":6,"key":"SMITH"},{"data":"Cold Snap","floor":10,"key":"SMITH"},{"floor":13,"key":"REST"},{"data":"Dualcast","floor":15,"key":"SMITH"}],"neow_cost":"PERCENT_DAMAGE","seed_source_timestamp":51178084897500,"circlet_count":0,"master_deck":["Strike_B","Strike_B","Strike_B","Strike_B","Defend_B","Defend_B","Defend_B","Defend_B","Zap+1","Dualcast+1","Cold Snap+1","Gash","Gash","FTL"],"relics":["Cracked Core","PrismaticShard","The Courier","Dead Branch","Golden Idol"],"potions_floor_usage":[7,7,12],"damage_taken":[{"damage":6,"enemies":"Jaw Worm","floor":1,"turns":3},{"damage":7,"enemies":"2 Louse","floor":3,"turns":3},{"damage":3,"enemies":"Small Slimes","floor":4,"turns":4},{"damage":1,"enemies":"Looter","floor":7,"turns":2},{"damage":15,"enemies":"3 Louse","floor":8,"turns":3},{"damage":6,"enemies":"Lots of Slimes","floor":11,"turns":3},{"damage":16,"enemies":"Gremlin Nob","floor":12,"turns":4},{"damage":47,"enemies":"The Guardian","floor":16,"turns":11}],"seed_played":"-219902307229810850","potions_obtained":[{"floor":1,"key":"PowerPotion"},{"floor":3,"key":"EssenceOfSteel"},{"floor":4,"key":"Regen Potion"}],"is_trial":false,"path_per_floor":["M","?","M","M","$","R","M","M","T","R","M","E","R","?","R","B"],"character_chosen":"DEFECT","items_purchased":["PrismaticShard"],"campfire_rested":1,"item_purchase_floors":[5],"current_hp_per_floor":[62,62,55,52,52,52,56,41,41,41,35,19,45,45,45,0],"gold":180,"neow_bonus":"TWENTY_PERCENT_HP_BONUS","is_prod":false,"is_daily":false,"chose_seed":false,"campfire_upgraded":3,"win_rate":0,"timestamp":1552799044,"path_taken":["M","?","M","M","$","R","M","M","T","R","M","E","R","?","R","BOSS"],"build_version":"2019-01-23","purchased_purges":1,"victory":false,"max_hp_per_floor":[89,89,89,89,89,89,89,89,89,89,89,89,89,82,82,82],"card_choices":[{"not_picked":["Conserve Battery","Doom and Gloom","Beam Cell"],"picked":"SKIP","floor":1},{"not_picked":["Melter","Conserve Battery"],"picked":"Cold Snap","floor":3},{"not_picked":["Conserve Battery","Stack"],"picked":"Gash","floor":4},{"not_picked":["Coolheaded","Leap"],"picked":"Gash","floor":7},{"not_picked":["Beam Cell","Compile Driver","Turbo"],"picked":"SKIP","floor":8},{"not_picked":["Recycle","Quick Slash","Hyperbeam"],"picked":"SKIP","floor":11},{"not_picked":["Sucker Punch","Lockon"],"picked":"FTL","floor":12}],"player_experience":388576,"relics_obtained":[{"floor":9,"key":"The Courier"},{"floor":12,"key":"Dead Branch"}],"event_choices":[{"damage_healed":0,"gold_gain":175,"player_choice":"AGREE","damage_taken":0,"max_hp_gain":0,"max_hp_loss":0,"event_name":"Liars Game","floor":2,"gold_loss":0,"cards_obtained":["Doubt"]},{"damage_healed":0,"gold_gain":0,"player_choice":"Lose Max HP","damage_taken":0,"relics_obtained":["Golden Idol"],"max_hp_gain":0,"max_hp_loss":7,"event_name":"Golden Idol","floor":14,"gold_loss":0}],"is_beta":false,"boss_relics":[],"items_purged_floors":[5],"is_endless":false,"potions_floor_spawned":[1,3,4],"killed_by":"The Guardian","ascension_level":0}