{"gold_per_floor":[116,127,127,77,2,2,38,38,38,58,77,77,102,127,127,257,257,277,277,297,247,266,302,302,302,302,99,110,122,122,122,122,217,217,233,333,39,39,57,82,44,79,79,79,96,96,46,60,60,60],"floor_reached":51,"playtime":1575,"items_purged":["Strike_R","Defend_R","Strike_R","Strike_R","True Grit+1","Strike_R"],"score":1246,"play_id":"cae7a79d-08ae-4dbd-9051-2efa05c3241b","local_time":"20190428092407","is_ascension_mode":true,"campfire_choices":[{"data":"Battle Trance","floor":6,"key":"SMITH"},{"data":"Defend_R","floor":8,"key":"SMITH"},{"data":"Inflame","floor":12,"key":"SMITH"},{"data":"Sword Boomerang","floor":15,"key":"SMITH"},{"data":"True Grit","floor":25,"key":"SMITH"},{"data":"Heavy Blade","floor":32,"key":"SMITH"},{"data":"Limit Break","floor":44,"key":"SMITH"},{"data":"Double Tap","floor":46,"key":"SMITH"},{"data":"Impervious","floor":49,"key":"SMITH"}],"neow_cost":"NONE","seed_source_timestamp":386233423309800,"circlet_count":0,"master_deck":["Defend_R+1","Defend_R+1","Defend_R+1","Bash","Battle Trance+1","Impervious+1","Inflame+1","Twin Strike","Sword Boomerang+1","Double Tap+1","Inflame+1","Heavy Blade+1","Limit Break+1","Sword Boomerang+1"],"relics":["Burning Blood","NeowsBlessing","Bloody Idol","Smiling Mask","Centennial Puzzle","Coffee Dripper","War Paint","Blood Vial","Sundial","Vajra","Lizard Tail","Turnip","Dodecahedron","MawBank","Bag of Marbles","Singing Bowl"],"potions_floor_usage":[11,14,23,33,35,39,42,45,50,50,50,50,50],"damage_taken":[{"damage":0,"enemies":"2 Louse","floor":1,"turns":1},{"damage":0,"enemies":"Jaw Worm","floor":2,"turns":1},{"damage":0,"enemies":"3 Sentries","floor":7,"turns":2},{"damage":1,"enemies":"Cultist","floor":10,"turns":3},{"damage":0,"enemies":"Large Slime","floor":11,"turns":2},{"damage":27,"enemies":"Exordium Wildlife","floor":13,"turns":5},{"damage":2,"enemies":"Lots of Slimes","floor":14,"turns":6},{"damage":0,"enemies":"Slime Boss","floor":16,"turns":6},{"damage":9,"enemies":"2 Thieves","floor":18,"turns":4},{"damage":0,"enemies":"Shell Parasite","floor":20,"turns":4},{"damage":1,"enemies":"Snake Plant","floor":22,"turns":4},{"damage":30,"enemies":"Slavers","floor":23,"turns":5},{"damage":3,"enemies":"Cultist and Chosen","floor":28,"turns":3},{"damage":0,"enemies":"Centurion and Healer","floor":29,"turns":4},{"damage":11,"enemies":"Collector","floor":33,"turns":6},{"damage":11,"enemies":"3 Darklings","floor":35,"turns":3},{"damage":0,"enemies":"Mind Bloom Boss Battle","floor":36,"turns":3},{"damage":19,"enemies":"3 Shapes","floor":39,"turns":3},{"damage":5,"enemies":"Giant Head","floor":40,"turns":5},{"damage":34,"enemies":"Reptomancer","floor":42,"turns":3},{"damage":0,"enemies":"Spire Growth","floor":45,"turns":2},{"damage":0,"enemies":"Maw","floor":48,"turns":3},{"damage":0,"enemies":"Time Eater","floor":50,"turns":3}],"seed_played":"-5025700614565970446","potions_obtained":[{"floor":7,"key":"AttackPotion"},{"floor":10,"key":"Dexterity Potion"},{"floor":20,"key":"GamblersBrew"},{"floor":23,"key":"EntropicBrew"},{"floor":28,"key":"Regen Potion"},{"floor":33,"key":"Energy Potion"},{"floor":35,"key":"Ancient Potion"},{"floor":36,"key":"BloodPotion"},{"floor":40,"key":"Ancient Potion"},{"floor":45,"key":"Strength Potion"}],"is_trial":false,"path_per_floor":["M","M","?","?","$","R","E","R","T","M","M","R","M","M","R","B",null,"M","?","M","$","M","E","?","R","T","$","M","M","?","?","R","B",null,"M","?","$","?","M","E","$","E","T","R","M","R","$","M","R","B",null],"character_chosen":"IRONCLAD","items_purchased":["Vajra","Dodecahedron"],"campfire_rested":0,"item_purchase_floors":[27,37],"current_hp_per_floor":[78,80,60,60,60,60,66,66,66,71,77,77,56,60,60,66,77,74,74,80,80,80,56,56,56,56,56,66,79,79,79,79,80,80,80,80,80,76,75,76,76,53,53,53,68,68,68,80,80,80],"gold":60,"neow_bonus":"THREE_ENEMY_KILL","is_prod":false,"is_daily":false,"chose_seed":false,"campfire_upgraded":9,"win_rate":0,"timestamp":1556414647,"path_taken":["M","M","?","?","?","R","E","R","T","M","M","R","?","M","R","BOSS","M","?","M","$","M","E","?","R","T","?","M","?","?","?","R","BOSS","M","?","$","?","M","E","?","E","T","R","M","R","$","M","R","BOSS"],"build_version":"2019-01-23","purchased_purges":6,"victory":true,"max_hp_per_floor":[80,80,80,80,80,80,80,80,80,80,80,80,80,80,80,80,80,80,80,80,80,80,80,80,80,80,80,80,80,80,80,80,80,80,80,80,80,76,76,76,76,76,76,76,78,78,78,80,80,80],"card_choices":[{"not_picked":["Headbutt","Armaments","Warcry"],"picked":"SKIP","floor":1},{"not_picked":["Entrench","Flex"],"picked":"Battle Trance","floor":2},{"not_picked":["Reckless Charge","Twin Strike"],"picked":"Impervious","floor":7},{"not_picked":["Sword Boomerang","Body Slam"],"picked":"Inflame","floor":10},{"not_picked":["Uppercut","Entrench"],"picked":"Twin Strike","floor":11},{"not_picked":["Feel No Pain","Hemokinesis","Body Slam"],"picked":"SKIP","floor":13},{"not_picked":["Iron Wave","Immolate"],"picked":"Sword Boomerang","floor":14},{"not_picked":["Immolate","Exhume"],"picked":"Double Tap","floor":16},{"not_picked":["True Grit","Headbutt","Armaments"],"picked":"SKIP","floor":18},{"not_picked":["Headbutt","Armaments"],"picked":"True Grit","floor":18},{"not_picked":["Wild Strike","Havoc","Bloodletting"],"picked":"SKIP","floor":20},{"not_picked":["Dropkick+1","Wild Strike","Intimidate"],"picked":"SKIP","floor":22},{"not_picked":["Dropkick+1","Wild Strike","Intimidate"],"picked":"SKIP","floor":22},{"not_picked":["Entrench","Clash"],"picked":"Inflame+1","floor":23},{"not_picked":["Wild Strike","Headbutt+1"],"picked":"Heavy Blade","floor":28},{"not_picked":["Sever Soul","Juggernaut","Clash"],"picked":"SKIP","floor":29},{"not_picked":["Sever Soul","Juggernaut","Clash"],"picked":"SKIP","floor":29},{"not_picked":["Offering","Impervious"],"picked":"Limit Break","floor":33},{"not_picked":["Armaments+1","Bloodletting+1"],"picked":"Sword Boomerang+1","floor":35},{"not_picked":["Flex+1","Burning Pact+1","Feel No Pain+1"],"picked":"SKIP","floor":39},{"not_picked":["Brutality","Reaper","Body Slam+1"],"picked":"SKIP","floor":40},{"not_picked":["Warcry+1","Wild Strike+1","Infernal Blade"],"picked":"SKIP","floor":42},{"not_picked":["Heavy Blade+1","Sword Boomerang+1","Shrug It Off"],"picked":"Singing Bowl","floor":45},{"not_picked":["Twin Strike","Shrug It Off+1","Sword Boomerang+1"],"picked":"Singing Bowl","floor":48}],"player_experience":543263,"relics_obtained":[{"floor":7,"key":"Smiling Mask"},{"floor":9,"key":"Centennial Puzzle"},{"floor":23,"key":"Blood Vial"},{"floor":26,"key":"Sundial"},{"floor":36,"key":"Turnip"},{"floor":40,"key":"MawBank"},{"floor":42,"key":"Bag of Marbles"},{"floor":43,"key":"Singing Bowl"}],"event_choices":[{"damage_healed":0,"gold_gain":0,"player_choice":"Take Damage","damage_taken":20,"relics_obtained":["Golden Idol"],"max_hp_gain":0,"max_hp_loss":0,"event_name":"Golden Idol","floor":3,"gold_loss":0},{"cards_removed":["Strike_R"],"damage_healed":0,"gold_gain":0,"player_choice":"Card Removal","damage_taken":0,"max_hp_gain":0,"max_hp_loss":0,"event_name":"The Cleric","floor":4,"gold_loss":50},{"damage_healed":0,"gold_gain":0,"player_choice":"Opened","damage_taken":0,"relics_obtained":["War Paint"],"max_hp_gain":0,"max_hp_loss":0,"event_name":"The Mausoleum","floor":19,"gold_loss":0},{"damage_healed":0,"gold_gain":0,"player_choice":"Gave Idol","damage_taken":0,"relics_obtained":["Bloody Idol"],"max_hp_gain":0,"max_hp_loss":0,"event_name":"Forgotten Altar","floor":24,"relics_lost":["Golden Idol"],"gold_loss":0},{"damage_healed":0,"gold_gain":0,"player_choice":"Ignored","damage_taken":0,"max_hp_gain":0,"max_hp_loss":0,"event_name":"Ghosts","floor":30,"gold_loss":0},{"damage_healed":0,"gold_gain":0,"player_choice":"Ignored","damage_taken":0,"max_hp_gain":0,"max_hp_loss":0,"event_name":"Vampires","floor":31,"gold_loss":0},{"damage_healed":0,"gold_gain":0,"player_choice":"Fight","damage_taken":0,"max_hp_gain":0,"max_hp_loss":0,"event_name":"MindBloom","floor":36,"gold_loss":0},{"damage_healed":0,"gold_gain":0,"player_choice":"Max HP","damage_taken":0,"max_hp_gain":0,"max_hp_loss":4,"event_name":"Winding Halls","floor":38,"gold_loss":0}],"is_beta":false,"boss_relics":[{"not_picked":["Astrolabe","Runic Dome"],"picked":"Coffee Dripper"},{"not_picked":["Orrery","Pandora\u0027s Box"],"picked":"Lizard Tail"}],"items_purged_floors":[5,21,27,37,41,47],"is_endless":false,"potions_floor_spawned":[7,10,20,23,28,33,35,36,40,45],"ascension_level":9}