{"gold_per_floor":[109,4,4,20,20,20,54,65,65,79,107,107,107,141,141,215,215,234,284,302,314,96,96,11,11,35,65,82,82,96,109,109,186,186,203,203,218,232,246,246,279,294,319,335,367,367,402,432,444,456,468,480,492,23,51,51],"floor_reached":57,"playtime":3350,"items_purged":["Strike_B","Strike_B"],"score":2868,"play_id":"081bdc38-b894-4cca-8634-58a268bd38e2","local_time":"20190502182934","is_ascension_mode":true,"campfire_choices":[{"data":"Zap","floor":6.0,"key":"SMITH"},{"data":"Dualcast","floor":12.0,"key":"SMITH"},{"data":"Recycle","floor":15.0,"key":"SMITH"},{"data":"Fission","floor":23.0,"key":"SMITH"},{"data":"Hologram","floor":25.0,"key":"SMITH"},{"data":"Heatsinks","floor":32.0,"key":"SMITH"},{"floor":40.0,"key":"DIG"},{"floor":46.0,"key":"DIG"},{"floor":49.0,"key":"RECALL"},{"floor":53.0,"key":"DIG"}],"neow_cost":"NONE","seed_source_timestamp":669943024859577,"circlet_count":0,"master_deck":["AscendersBane","Defend_B","Defend_B","Defend_B","Defend_B","Zap+1","Dualcast+1","Beam Cell","Glacier","Ball Lightning","Hologram+1","Recycle+1","Self Repair","All For One","Ball Lightning","Core Surge","Fission+1","White Noise","Reinforced Body+1","Capacitor","Cold Snap","Compile Driver","Redo+1","Stack+1","Heatsinks+1","Multi-Cast","Finesse","Master of Strategy","Go for the Eyes+1","Reprogram+1","Storm","Storm+1","Gash","Defragment","Defragment","Defragment","Heatsinks","Loop","Double Energy"],"special_seed":0,"relics":["Cracked Core","NeowsBlessing","Unceasing Top","Cables","Bag of Marbles","Shovel","Ice Cream","Nuclear Battery","Shuriken","Juzu Bracelet","Ginger","Coffee Dripper","The Courier","Calipers","Mummified Hand","Pocketwatch","MawBank","Bottled Flame","War Paint","Sundial"],"potions_floor_usage":[56,56],"damage_taken":[{"damage":0.0,"enemies":"2 Louse","floor":1.0,"turns":1.0},{"damage":0.0,"enemies":"Jaw Worm","floor":4.0,"turns":1.0},{"damage":0.0,"enemies":"Lagavulin","floor":7.0,"turns":1.0},{"damage":0.0,"enemies":"Cultist","floor":8.0,"turns":3.0},{"damage":0.0,"enemies":"Blue Slaver","floor":10.0,"turns":4.0},{"damage":13.0,"enemies":"3 Sentries","floor":11.0,"turns":8.0},{"damage":9.0,"enemies":"Lagavulin","floor":14.0,"turns":6.0},{"damage":30.0,"enemies":"The Guardian","floor":16.0,"turns":9.0},{"damage":31.0,"enemies":"3 Byrds","floor":18.0,"turns":6.0},{"damage":0.0,"enemies":"Spheric Guardian","floor":20.0,"turns":3.0},{"damage":16.0,"enemies":"Snake Plant","floor":21.0,"turns":2.0},{"damage":17.0,"enemies":"Book of Stabbing","floor":27.0,"turns":4.0},{"damage":8.0,"enemies":"Snecko","floor":28.0,"turns":5.0},{"damage":6.0,"enemies":"3 Cultists","floor":30.0,"turns":5.0},{"damage":0.0,"enemies":"Snake Plant","floor":31.0,"turns":3.0},{"damage":9.0,"enemies":"Champ","floor":33.0,"turns":7.0},{"damage":26.0,"enemies":"3 Darklings","floor":35.0,"turns":5.0},{"damage":0.0,"enemies":"3 Shapes","floor":37.0,"turns":4.0},{"damage":0.0,"enemies":"Spire Growth","floor":38.0,"turns":2.0},{"damage":4.0,"enemies":"4 Shapes","floor":39.0,"turns":6.0},{"damage":8.0,"enemies":"Giant Head","floor":41.0,"turns":3.0},{"damage":0.0,"enemies":"Maw","floor":42.0,"turns":6.0},{"damage":0.0,"enemies":"Transient","floor":44.0,"turns":6.0},{"damage":37.0,"enemies":"Reptomancer","floor":45.0,"turns":5.0},{"damage":3.0,"enemies":"Giant Head","floor":47.0,"turns":8.0},{"damage":6.0,"enemies":"Jaw Worm Horde","floor":48.0,"turns":2.0},{"damage":25.0,"enemies":"Time Eater","floor":50.0,"turns":15.0},{"damage":16.0,"enemies":"Awakened One","floor":51.0,"turns":5.0},{"damage":0.0,"enemies":"Shield and Spear","floor":55.0,"turns":2.0},{"damage":25,"enemies":"The Heart","floor":56,"turns":9}],"seed_played":"2529001986065906754","potions_obtained":[{"floor":1.0,"key":"SkillPotion"},{"floor":7.0,"key":"GamblersBrew"},{"floor":27.0,"key":"Dexterity Potion"},{"floor":30.0,"key":"Weak Potion"},{"floor":33.0,"key":"Ancient Potion"},{"floor":35.0,"key":"FocusPotion"},{"floor":45.0,"key":"Ancient Potion"}],"is_trial":false,"path_per_floor":["M","$","?","M","?","R","E","M","T","M","E","R","T","E","R","B",null,"M","?","M","M","$","R","?","R","T","E","M","?","M","M","R","B",null,"M","?","M","M","M","R","E","M","T","M","E","R","E","M","R","B","B",null,"R","$","E","B",null],"character_chosen":"DEFECT","items_purchased":["Glacier","Ball Lightning","Capacitor","Cold Snap","Defragment","War Paint","Defragment","Defragment","Heatsinks","Loop"],"campfire_rested":0,"item_purchase_floors":[2,2,22,22,54,54,54,54,54,54],"current_hp_per_floor":[64,64,64,64,64,64,64,71,71,71,65,65,65,63,63,40,63,39,39,46,30,30,30,30,30,30,20,19,19,20,27,27,25,60,41,31,38,45,48,48,47,54,54,61,31,31,35,36,36,18,9,56,56,56,63,45],"gold":51,"neow_bonus":"THREE_ENEMY_KILL","is_prod":false,"is_daily":false,"chose_seed":false,"campfire_upgraded":6,"win_rate":0,"timestamp":1556792974,"path_taken":["M","$","?","M","?","R","E","M","T","?","E","R","?","E","R","BOSS","M","?","?","M","?","R","?","R","T","E","M","?","M","M","R","BOSS","M","?","M","M","M","R","E","M","T","M","E","R","E","M","R","BOSS","BOSS","R","$","E","BOSS"],"build_version":"2019-01-23","purchased_purges":2,"victory":true,"max_hp_per_floor":[71,71,71,71,71,71,71,71,71,71,71,71,71,71,71,71,71,71,71,71,71,71,71,71,71,71,71,71,71,71,71,71,71,71,71,71,71,71,71,71,71,71,71,71,71,71,71,71,71,71,71,71,71,71,71,71],"card_choices":[{"not_picked":["Rebound","Blizzard"],"picked":"Beam Cell","floor":1.0},{"not_picked":["Ball Lightning","Redo"],"picked":"Hologram","floor":4.0},{"not_picked":["Double Energy","Aggregate"],"picked":"Self Repair","floor":7.0},{"not_picked":["Streamline","Force Field","Go for the Eyes"],"picked":"SKIP","floor":8.0},{"not_picked":["Doom and Gloom","Go for the Eyes"],"picked":"All For One","floor":10.0},{"not_picked":["Gash","Barrage"],"picked":"Ball Lightning","floor":11.0},{"not_picked":["Genetic Algorithm","FTL"],"picked":"Core Surge","floor":14.0},{"not_picked":["Creative AI","Reboot"],"picked":"Fission","floor":16.0},{"not_picked":["Rebound","Leap","Storm"],"picked":"SKIP","floor":18.0},{"not_picked":["Beam Cell","Lockon"],"picked":"White Noise","floor":20.0},{"not_picked":["Streamline","Beam Cell+1"],"picked":"Reinforced Body","floor":21.0},{"not_picked":["Steam Power","Glacier"],"picked":"Compile Driver","floor":27.0},{"not_picked":["Sweeping Beam","Beam Cell"],"picked":"Redo+1","floor":28.0},{"not_picked":["Sweeping Beam","Barrage"],"picked":"Stack+1","floor":30.0},{"not_picked":["Ball Lightning","Leap"],"picked":"Heatsinks","floor":31.0},{"not_picked":["Reboot","Core Surge"],"picked":"Multi-Cast","floor":33.0},{"not_picked":["Compile Driver","Beam Cell+1","Streamline"],"picked":"SKIP","floor":35.0},{"not_picked":["Good Instincts","Transmutation"],"picked":"Finesse","floor":36.0},{"not_picked":["Secret Technique","Swift Strike"],"picked":"Master of Strategy","floor":36.0},{"not_picked":["Capacitor+1","Coolheaded"],"picked":"Go for the Eyes+1","floor":37.0},{"not_picked":["Ball Lightning","Go for the Eyes+1","Compile Driver"],"picked":"SKIP","floor":38.0},{"not_picked":["Aggregate","Go for the Eyes","Melter+1"],"picked":"SKIP","floor":39.0},{"not_picked":["Steam Power","Fission"],"picked":"Reprogram","floor":41.0},{"not_picked":["Beam Cell","Barrage+1"],"picked":"Storm","floor":42.0},{"not_picked":["Barrage","Doom and Gloom+1","Leap"],"picked":"SKIP","floor":44.0},{"not_picked":["Capacitor","Sweeping Beam"],"picked":"Storm+1","floor":45.0},{"not_picked":["Melter","Redo","Genetic Algorithm+1"],"picked":"SKIP","floor":47.0},{"not_picked":["Beam Cell","Hologram"],"picked":"Gash","floor":48.0},{"not_picked":["Leap","Melter+1"],"picked":"Double Energy","floor":55.0}],"player_experience":1528451,"relics_obtained":[{"floor":7.0,"key":"Unceasing Top"},{"floor":9.0,"key":"Cables"},{"floor":11.0,"key":"Bag of Marbles"},{"floor":13.0,"key":"Shovel"},{"floor":14.0,"key":"Ice Cream"},{"floor":26.0,"key":"Juzu Bracelet"},{"floor":27.0,"key":"Ginger"},{"floor":40.0,"key":"The Courier"},{"floor":41.0,"key":"Calipers"},{"floor":45.0,"key":"Mummified Hand"},{"floor":46.0,"key":"Pocketwatch"},{"floor":47.0,"key":"MawBank"},{"floor":53.0,"key":"Bottled Flame"},{"floor":55.0,"key":"Sundial"}],"event_choices":[{"damage_healed":0.0,"max_hp_gain":0.0,"max_hp_loss":0.0,"gold_gain":0.0,"event_name":"Liars Game","player_choice":"Ignored","floor":3.0,"gold_loss":0.0,"damage_taken":0.0},{"damage_healed":0.0,"max_hp_gain":0.0,"max_hp_loss":0.0,"gold_gain":0.0,"cards_transformed":["Strike_B"],"event_name":"Living Wall","player_choice":"Change","floor":5.0,"gold_loss":0.0,"damage_taken":0.0,"cards_obtained":["Recycle"]},{"damage_healed":0.0,"max_hp_gain":0.0,"max_hp_loss":0.0,"gold_gain":50.0,"event_name":"Golden Shrine","player_choice":"Pray","floor":19.0,"gold_loss":0.0,"damage_taken":0.0},{"damage_healed":0.0,"max_hp_gain":0.0,"max_hp_loss":0.0,"gold_gain":0.0,"event_name":"Addict","player_choice":"Obtained Relic","floor":24.0,"gold_loss":85.0,"damage_taken":0.0,"relics_obtained":["Shuriken"]},{"cards_removed":["Strike_B"],"damage_healed":0.0,"max_hp_gain":0.0,"max_hp_loss":0.0,"gold_gain":0.0,"event_name":"Back to Basics","player_choice":"Elegance","floor":29.0,"gold_loss":0.0,"damage_taken":0.0},{"damage_healed":0.0,"max_hp_gain":0.0,"max_hp_loss":0.0,"gold_gain":0.0,"event_name":"SensoryStone","player_choice":"Memory 3","floor":36.0,"gold_loss":0.0,"damage_taken":10.0}],"is_beta":false,"boss_relics":[{"not_picked":["Tiny House","Fusion Hammer"],"picked":"Nuclear Battery"},{"not_picked":["White Beast Statue","Busted Crown"],"picked":"Coffee Dripper"}],"items_purged_floors":[22,54],"is_endless":false,"potions_floor_spawned":[1,7,8,11,27,30,33,35,37,39,44,45],"ascension_level":20}