{"gold_per_floor":[112,112,112,132,151,151,182,182,235,235,266,277,277,36,36,136,136,147,166,179,190,201,232,246,246,246,246],"floor_reached":27,"playtime":1766,"items_purged":[],"score":380,"play_id":"9500ea88-6a8e-4858-9f4a-f9ca706255a0","local_time":"20190414193425","is_ascension_mode":true,"campfire_choices":[{"data":"Body Slam","floor":6,"key":"SMITH"},{"data":"Anger","floor":10,"key":"SMITH"},{"data":"Warcry","floor":15,"key":"SMITH"},{"data":"Clash","floor":25,"key":"SMITH"}],"neow_cost":"NONE","seed_source_timestamp":351606621383900,"circlet_count":0,"master_deck":["AscendersBane","Strike_R","Strike_R","Strike_R","Strike_R","Strike_R","Defend_R","Defend_R","Defend_R","Defend_R","Bash+1","Anger+1","Body Slam+1","Warcry+1","Ghostly Armor+1","Clash+1","Shrug It Off+1","Reaper+1","True Grit+1","Iron Wave+1","Body Slam+1","Disarm+1","Power Through+1","Cleave+1","Iron Wave+1","Writhe"],"relics":["Burning Blood","Centennial Puzzle","Toxic Egg 2","Art of War","Red Skull","Molten Egg 2","Cursed Key","FossilizedHelix","Matryoshka"],"potions_floor_usage":[7],"damage_taken":[{"damage":6,"enemies":"Jaw Worm","floor":1,"turns":4},{"damage":3,"enemies":"2 Louse","floor":4,"turns":2},{"damage":5,"enemies":"Small Slimes","floor":5,"turns":3},{"damage":12,"enemies":"Lagavulin","floor":7,"turns":6},{"damage":20,"enemies":"3 Sentries","floor":11,"turns":10},{"damage":3,"enemies":"Exordium Wildlife","floor":12,"turns":3},{"damage":26,"enemies":"Hexaghost","floor":16,"turns":8},{"damage":30,"enemies":"2 Thieves","floor":18,"turns":4},{"damage":9,"enemies":"Chosen","floor":19,"turns":6},{"damage":2,"enemies":"Centurion and Healer","floor":20,"turns":8},{"damage":16,"enemies":"Sentry and Sphere","floor":21,"turns":6},{"damage":10,"enemies":"Chosen and Byrds","floor":22,"turns":6},{"damage":15,"enemies":"Book of Stabbing","floor":23,"turns":6},{"damage":17,"enemies":"Shelled Parasite and Fungi","floor":24,"turns":7},{"damage":82,"enemies":"Gremlin Leader","floor":27,"turns":11}],"seed_played":"4647277282249780707","potions_obtained":[{"floor":4,"key":"Dexterity Potion"},{"floor":5,"key":"SpeedPotion"},{"floor":16,"key":"BloodPotion"},{"floor":19,"key":"SteroidPotion"}],"is_trial":false,"path_per_floor":["M","?","?","M","M","R","E","$","T","R","E","M","?","$","R","B",null,"M","M","M","M","M","E","M","R","T","E"],"character_chosen":"IRONCLAD","items_purchased":["Molten Egg 2"],"campfire_rested":0,"item_purchase_floors":[14],"current_hp_per_floor":[72,72,65,68,69,69,63,63,63,63,49,52,52,52,52,32,68,54,58,72,71,74,65,64,64,64,0],"gold":246,"neow_bonus":"UPGRADE_CARD","is_prod":false,"is_daily":false,"chose_seed":false,"campfire_upgraded":4,"win_rate":0,"timestamp":1555263265,"path_taken":["M","?","?","M","M","R","E","$","T","R","E","M","?","$","R","BOSS","M","M","M","M","M","E","M","R","T","E"],"build_version":"2019-01-23","purchased_purges":0,"victory":false,"max_hp_per_floor":[80,80,80,80,80,80,80,80,80,80,80,80,80,80,80,80,80,80,80,80,80,80,80,80,80,80,80],"card_choices":[{"not_picked":["Warcry","True Grit"],"picked":"Anger","floor":1},{"not_picked":["Hemokinesis","Clothesline"],"picked":"Body Slam","floor":4},{"not_picked":["True Grit","Rupture"],"picked":"Warcry","floor":5},{"not_picked":["Twin Strike","Exhume"],"picked":"Ghostly Armor","floor":7},{"not_picked":["Havoc+1","Wild Strike"],"picked":"Clash","floor":11},{"not_picked":["Wild Strike","Havoc+1"],"picked":"Shrug It Off+1","floor":12},{"not_picked":["Offering+1","Dark Embrace"],"picked":"Reaper+1","floor":16},{"not_picked":["Hemokinesis+1","Rupture"],"picked":"True Grit+1","floor":18},{"not_picked":["Warcry+1","Clash+1"],"picked":"Iron Wave+1","floor":19},{"not_picked":["Flex+1","Anger+1"],"picked":"Body Slam+1","floor":20},{"not_picked":["Warcry+1","Body Slam+1"],"picked":"Disarm+1","floor":21},{"not_picked":["Feed+1","Armaments+1"],"picked":"Power Through+1","floor":22},{"not_picked":["Carnage+1","Armaments+1"],"picked":"Cleave+1","floor":23},{"not_picked":["Cleave+1","Twin Strike+1"],"picked":"Iron Wave+1","floor":24}],"player_experience":654561,"relics_obtained":[{"floor":7,"key":"Toxic Egg 2"},{"floor":9,"key":"Art of War"},{"floor":11,"key":"Red Skull"},{"floor":23,"key":"FossilizedHelix"},{"floor":26,"key":"Matryoshka"}],"event_choices":[{"damage_healed":0,"gold_gain":0,"player_choice":"Box","damage_taken":0,"relics_obtained":["Centennial Puzzle"],"max_hp_gain":0,"max_hp_loss":0,"event_name":"Big Fish","floor":2,"gold_loss":0,"cards_obtained":["Regret"]},{"cards_removed":["Regret"],"damage_healed":0,"gold_gain":0,"player_choice":"Card Removal","damage_taken":7,"max_hp_gain":0,"max_hp_loss":0,"event_name":"Golden Wing","floor":3,"gold_loss":0},{"damage_healed":0,"gold_gain":0,"player_choice":"Leave","damage_taken":0,"max_hp_gain":0,"max_hp_loss":0,"event_name":"The Cleric","floor":13,"gold_loss":0}],"is_beta":false,"boss_relics":[{"not_picked":["Velvet Choker","Ectoplasm"],"picked":"Cursed Key"}],"items_purged_floors":[],"is_endless":false,"potions_floor_spawned":[4,5,16,19,20,21],"killed_by":"Gremlin Leader","ascension_level":11}