{"gold_per_floor":[115,14,14,32,32,32,32,50,50,50,80,95,105,115,115,115],"floor_reached":16,"playtime":740,"items_purged":[],"score":204,"play_id":"79077a84-44db-4a26-a165-c4894c2bd5bd","local_time":"20190430141702","is_ascension_mode":true,"campfire_choices":[{"data":"Footwork","floor":6,"key":"SMITH"},{"data":"Neutralize","floor":10,"key":"SMITH"},{"floor":15,"key":"REST"}],"neow_cost":"NONE","seed_source_timestamp":1312779528559300,"circlet_count":0,"master_deck":["AscendersBane","Defend_G","Defend_G","Defend_G","Defend_G","Defend_G","Strike_G","Strike_G","Strike_G","Strike_G","Strike_G","Survivor","Neutralize+1","Choke+1","Backflip","Footwork+1","Prepared","Tactician","Corpse Explosion","Blade Dance","Acrobatics","Underhanded Strike"],"relics":["Ring of the Snake","Vajra","StoneCalendar"],"potions_floor_usage":[13,14],"damage_taken":[{"damage":12,"enemies":"Jaw Worm","floor":1,"turns":5},{"damage":8,"enemies":"Small Slimes","floor":4,"turns":4},{"damage":0,"enemies":"2 Louse","floor":8,"turns":3},{"damage":24,"enemies":"Lagavulin","floor":11,"turns":11},{"damage":8,"enemies":"Exordium Wildlife","floor":12,"turns":3},{"damage":0,"enemies":"Lots of Slimes","floor":13,"turns":1},{"damage":7,"enemies":"Looter","floor":14,"turns":3},{"damage":14,"enemies":"Slime Boss","floor":16,"turns":6}],"seed_played":"566706588178160944","potions_obtained":[{"floor":11,"key":"SteroidPotion"},{"floor":12,"key":"SkillPotion"}],"is_trial":false,"path_per_floor":["M","$","?","M","?","R","$","M","T","R","E","M","M","M","R","B"],"character_chosen":"THE_SILENT","items_purchased":["Footwork","Prepared"],"campfire_rested":1,"item_purchase_floors":[2,2],"current_hp_per_floor":[47,47,52,44,44,44,44,44,44,44,20,12,12,5,26,12],"gold":115,"neow_bonus":"THREE_CARDS","is_prod":false,"is_daily":false,"chose_seed":false,"campfire_upgraded":2,"win_rate":0,"timestamp":1556648222,"path_taken":["M","$","?","M","?","R","$","M","T","R","E","M","M","M","R","BOSS"],"build_version":"2019-04-23","purchased_purges":0,"victory":false,"max_hp_per_floor":[66,66,71,71,71,71,71,71,71,71,71,71,71,71,71,71],"card_choices":[{"not_picked":["Dash","Sucker Punch"],"picked":"Choke","floor":0},{"not_picked":["Dodge and Roll","Flying Knee"],"picked":"Backflip","floor":1},{"not_picked":["Choke","Quick Slash"],"picked":"Tactician","floor":4},{"not_picked":["Bane","Choke","Deadly Poison"],"picked":"SKIP","floor":8},{"not_picked":["Setup","Sucker Punch"],"picked":"Corpse Explosion","floor":11},{"not_picked":["Deadly Poison","Poisoned Stab"],"picked":"Blade Dance","floor":12},{"not_picked":["PiercingWail","Quick Slash"],"picked":"Acrobatics","floor":13},{"not_picked":["Expertise","Blur"],"picked":"Underhanded Strike","floor":14}],"player_experience":1392915,"relics_obtained":[{"floor":9,"key":"Vajra"},{"floor":11,"key":"StoneCalendar"}],"event_choices":[{"damage_healed":0,"gold_gain":0,"player_choice":"Donut","damage_taken":0,"max_hp_gain":5,"max_hp_loss":0,"event_name":"Big Fish","floor":3,"gold_loss":0},{"damage_healed":0,"gold_gain":0,"player_choice":"Grow","damage_taken":0,"max_hp_gain":0,"max_hp_loss":0,"event_name":"Living Wall","floor":5,"gold_loss":0,"cards_upgraded":["Choke"]}],"is_beta":true,"boss_relics":[],"items_purged_floors":[],"is_endless":false,"potions_floor_spawned":[11,12],"killed_by":"Slime Boss","ascension_level":20}