{"gold_per_floor":[18,18,18,31,51,51,85,85,110,110,35,55,6,31,31,155,155,180,107,107,126,126,151,166,186,260,260,280,280,320,345,345,474,474,490,490,490,152,173,173,173,196,196,217,217,237,237,18,18,18,18,18,18,18],"floor_reached":54,"playtime":4280,"items_purged":["Injury","Pain","Normality"],"score":684,"play_id":"4a3642fc-79a1-4c47-a971-9a1a30c45d0d","local_time":"20190415172246","is_ascension_mode":false,"campfire_choices":[{"data":"Defragment","floor":6,"key":"SMITH"},{"data":"Zap","floor":8,"key":"SMITH"},{"floor":15,"key":"RECALL"},{"data":"Zap","floor":27,"key":"SMITH"},{"floor":32,"key":"REST"},{"data":"Madness","floor":40,"key":"SMITH"},{"data":"Madness","floor":45,"key":"SMITH"},{"floor":47,"key":"REST"},{"data":"Echo Form","floor":49,"key":"SMITH"},{"data":"Blizzard","floor":52,"key":"SMITH"}],"neow_cost":"NO_GOLD","seed_source_timestamp":410062851846984,"circlet_count":0,"master_deck":["Zap+1","Dualcast","Streamline","Defragment+1","Static Discharge","Glacier","Go for the Eyes","Conserve Battery","Leap","Echo Form+1","Turbo+1","Cold Snap","Redo","Cold Snap","Zap+1","Coolheaded+1","Conserve Battery+1","Writhe","Capacitor","Writhe","Chaos","Self Repair","Electrodynamics","BootSequence","Cold Snap","Chaos","Blizzard+1","Heatsinks","Rip and Tear","Steam Power","Coolheaded","Ball Lightning+1","Madness+1","Madness+1","Cold Snap+1","Leap","Barrage","Force Field","Redo","Capacitor"],"relics":["Cracked Core","FossilizedHelix","Golden Idol","Bag of Marbles","Potion Belt","Cursed Key","Enchiridion","Ornamental Fan","Darkstone Periapt","Pandora\u0027s Box","WarpedTongs","Pantograph","StoneCalendar"],"potions_floor_usage":[12,31,31,42,50,50,50],"damage_taken":[{"damage":0,"enemies":"Small Slimes","floor":1,"turns":2},{"damage":0,"enemies":"2 Louse","floor":4,"turns":2},{"damage":0,"enemies":"Jaw Worm","floor":5,"turns":3},{"damage":14,"enemies":"Gremlin Nob","floor":7,"turns":4},{"damage":5,"enemies":"Exordium Thugs","floor":12,"turns":5},{"damage":0,"enemies":"Large Slime","floor":14,"turns":4},{"damage":19,"enemies":"Hexaghost","floor":16,"turns":13},{"damage":0,"enemies":"Shell Parasite","floor":18,"turns":8},{"damage":0,"enemies":"3 Byrds","floor":21,"turns":8},{"damage":0,"enemies":"Snecko","floor":23,"turns":5},{"damage":16,"enemies":"3 Cultists","floor":24,"turns":5},{"damage":13,"enemies":"Snake Plant","floor":25,"turns":5},{"damage":9,"enemies":"Snecko","floor":28,"turns":6},{"damage":6,"enemies":"Book of Stabbing","floor":30,"turns":8},{"damage":9,"enemies":"3 Cultists","floor":31,"turns":8},{"damage":22,"enemies":"Champ","floor":33,"turns":14},{"damage":0,"enemies":"Orb Walker","floor":35,"turns":4},{"damage":0,"enemies":"3 Shapes","floor":39,"turns":3},{"damage":0,"enemies":"Jaw Worm Horde","floor":42,"turns":4},{"damage":12,"enemies":"Sphere and 2 Shapes","floor":44,"turns":6},{"damage":48,"enemies":"Spire Growth","floor":46,"turns":5},{"damage":80,"enemies":"Awakened One","floor":50,"turns":15},{"damage":92,"enemies":"Shield and Spear","floor":54,"turns":5}],"seed_played":"-6253992938997660361","potions_obtained":[{"floor":1,"key":"Weak Potion"},{"floor":21,"key":"Poison Potion"},{"floor":23,"key":"Energy Potion"},{"floor":31,"key":"Dexterity Potion"},{"floor":35,"key":"AttackPotion"},{"floor":44,"key":"Weak Potion"},{"floor":46,"key":"PowerPotion"}],"is_trial":false,"path_per_floor":["M","?","$","M","M","R","E","R","T","?","$","M","$","M","R","B",null,"M","$","?","M","?","M","M","M","T","R","M","?","E","M","R","B",null,"M","?","?","$","M","R","?","M","T","M","R","M","R","$","R","B",null,"R","$","E"],"character_chosen":"DEFECT","items_purchased":["Conserve Battery","Cold Snap","Redo","Pantograph","Redo","Capacitor"],"campfire_rested":2,"item_purchase_floors":[13,19,19,38,48,48],"current_hp_per_floor":[75,75,75,75,75,75,61,61,61,61,61,56,56,56,56,37,75,75,75,59,59,59,59,43,30,30,30,21,21,15,6,28,13,75,75,66,72,72,72,72,72,72,78,73,73,45,71,71,71,7,87,87,87,0],"gold":18,"neow_bonus":"ONE_RARE_RELIC","is_prod":false,"is_daily":false,"chose_seed":false,"campfire_upgraded":7,"win_rate":0,"timestamp":1555366966,"path_taken":["M","?","$","M","M","R","E","R","T","?","$","M","?","M","R","BOSS","M","$","?","M","?","M","M","?","T","R","M","?","E","M","R","BOSS","M","?","?","$","?","R","?","M","T","M","R","M","R","$","R","BOSS","R","$","E"],"build_version":"2019-01-23","purchased_purges":3,"victory":false,"max_hp_per_floor":[75,75,75,75,75,75,75,75,75,75,75,75,75,75,75,75,75,75,75,75,75,75,75,75,75,75,75,75,75,75,75,75,75,75,75,75,81,81,81,81,81,81,87,87,87,87,87,87,87,87,87,87,87,87],"card_choices":[{"not_picked":["Skim","FTL"],"picked":"Streamline","floor":1},{"not_picked":["Steam","Go for the Eyes"],"picked":"Defragment","floor":4},{"not_picked":["Rebound","Sweeping Beam"],"picked":"Static Discharge","floor":5},{"not_picked":["Rip and Tear","Capacitor"],"picked":"Glacier","floor":7},{"not_picked":["Steam Power","Chill"],"picked":"Go for the Eyes","floor":12},{"not_picked":["Sunder","Compile Driver"],"picked":"Leap","floor":14},{"not_picked":["Fission","Buffer"],"picked":"Echo Form","floor":16},{"not_picked":["Go for the Eyes","FTL+1"],"picked":"Turbo+1","floor":18},{"not_picked":["Turbo","Fusion"],"picked":"Cold Snap","floor":21},{"not_picked":["Barrage","Steam Power"],"picked":"Coolheaded+1","floor":23},{"not_picked":["Coolheaded","Beam Cell"],"picked":"Conserve Battery+1","floor":24},{"not_picked":["Beam Cell","Conserve Battery"],"picked":"Coolheaded","floor":25},{"not_picked":["Turbo","Go for the Eyes"],"picked":"Capacitor","floor":28},{"not_picked":["Seek","Cold Snap"],"picked":"Chaos","floor":30},{"not_picked":["Gash","Compile Driver"],"picked":"Self Repair","floor":31},{"not_picked":["All For One","Meteor Strike"],"picked":"Electrodynamics","floor":33},{"not_picked":["Skim+1","Go for the Eyes"],"picked":"Ball Lightning+1","floor":35},{"not_picked":["Steam","Blizzard+1"],"picked":"Cold Snap+1","floor":39},{"not_picked":["Machine Learning","Capacitor+1"],"picked":"Leap","floor":42},{"not_picked":["Melter+1","BootSequence+1"],"picked":"Barrage","floor":44},{"not_picked":["Rebound","Conserve Battery"],"picked":"Force Field","floor":46}],"player_experience":192752,"relics_obtained":[{"floor":7,"key":"Bag of Marbles"},{"floor":9,"key":"Potion Belt"},{"floor":20,"key":"Enchiridion"},{"floor":30,"key":"Darkstone Periapt"},{"floor":43,"key":"StoneCalendar"}],"event_choices":[{"damage_healed":0,"gold_gain":0,"player_choice":"Take Wound","damage_taken":0,"relics_obtained":["Golden Idol"],"max_hp_gain":0,"max_hp_loss":0,"event_name":"Golden Idol","floor":2,"gold_loss":0,"cards_obtained":["Injury"]},{"damage_healed":0,"gold_gain":0,"player_choice":"Leave","damage_taken":0,"max_hp_gain":0,"max_hp_loss":0,"event_name":"The Cleric","floor":10,"gold_loss":0},{"damage_healed":0,"gold_gain":0,"player_choice":"Obtained Book","damage_taken":16,"max_hp_gain":0,"max_hp_loss":0,"event_name":"Cursed Tome","floor":20,"gold_loss":0},{"damage_healed":0,"gold_gain":0,"player_choice":"1 cards matched","damage_taken":0,"max_hp_gain":0,"max_hp_loss":0,"event_name":"Match and Keep!","floor":22,"gold_loss":0,"cards_obtained":["Zap"]},{"damage_healed":0,"gold_gain":0,"player_choice":"Opened","damage_taken":0,"relics_obtained":["Ornamental Fan"],"max_hp_gain":0,"max_hp_loss":0,"event_name":"The Mausoleum","floor":29,"gold_loss":0,"cards_obtained":["Writhe"]},{"damage_healed":0,"gold_gain":0,"player_choice":"Embrace Madness","damage_taken":9,"max_hp_gain":0,"max_hp_loss":0,"event_name":"Winding Halls","floor":36,"gold_loss":0,"cards_obtained":["Madness","Madness"]},{"damage_healed":0,"gold_gain":0,"player_choice":"Rummage","damage_taken":0,"relics_obtained":["WarpedTongs"],"max_hp_gain":0,"max_hp_loss":0,"event_name":"Accursed Blacksmith","floor":37,"gold_loss":0,"cards_obtained":["Pain"]},{"cards_removed":["Coolheaded"],"damage_healed":0,"gold_gain":0,"player_choice":"Removed Skill","damage_taken":0,"max_hp_gain":0,"max_hp_loss":0,"event_name":"Falling","floor":41,"gold_loss":0}],"is_beta":false,"boss_relics":[{"not_picked":["Snecko Eye","Empty Cage"],"picked":"Cursed Key"},{"not_picked":["Sozu","FrozenCore"],"picked":"Pandora\u0027s Box"}],"items_purged_floors":[11,38,48],"is_endless":false,"potions_floor_spawned":[1,21,23,31,35,44,46],"killed_by":"Shield and Spear","ascension_level":0}