{"gold_per_floor":[111,36,36,36,36,36,69,79,102,102,119,137,137,162,162,236,236,254,277,277,287,39,39,72,72,120,136,186,211,240,256,256,327,377,387,403,95,148,148,148,180,280,361,380,392,420,294,311,311,311,311,311,18,45,45],"floor_reached":56,"playtime":2395,"items_purged":["Strike_G","Strike_G","Strike_G","Defend_G","Unload+1"],"score":2333,"play_id":"63180886-87a4-4475-888d-3957007e3a95","local_time":"20190406215259","is_ascension_mode":true,"campfire_choices":[{"data":"Neutralize","floor":6.0,"key":"SMITH"},{"data":"Unload","floor":10.0,"key":"SMITH"},{"data":"Choke","floor":13.0,"key":"SMITH"},{"data":"Survivor","floor":15.0,"key":"SMITH"},{"floor":23.0,"key":"RECALL"},{"floor":25.0,"key":"REST"},{"floor":32.0,"key":"REST"},{"data":"Flechettes","floor":40.0,"key":"SMITH"},{"data":"1","floor":49.0,"key":"LIFT"},{"data":"2","floor":52.0,"key":"LIFT"}],"neow_cost":"NONE","seed_source_timestamp":0,"circlet_count":0,"master_deck":["AscendersBane","Defend_G","Defend_G","Defend_G","Defend_G+1","Survivor+1","Neutralize+1","Tactician+1","Prepared+1","Choke+1","Acrobatics+1","Adrenaline+1","Reflex+1","Malaise+1","Doppelganger+1","Flechettes+1","Chill+1"],"special_seed":0,"relics":["Ring of the Snake","Pen Nib","Toxic Egg 2","Gambling Chip","Snake Skull","Lantern","Runic Dome","Bronze Scales","Membership Card","Bag of Preparation","Smiling Mask","Red Mask","PreservedInsect","Tiny House","Tingsha","PrismaticShard","Girya","Mummified Hand","Whetstone","Nunchaku","Ancient Tea Set","Happy Flower","TheAbacus","Centennial Puzzle","Torii"],"potions_floor_usage":[55,55],"damage_taken":[{"damage":2.0,"enemies":"2 Louse","floor":1.0,"turns":3.0},{"damage":14.0,"enemies":"3 Sentries","floor":7.0,"turns":13.0},{"damage":0.0,"enemies":"Jaw Worm","floor":8.0,"turns":4.0},{"damage":0.0,"enemies":"Small Slimes","floor":11.0,"turns":4.0},{"damage":0.0,"enemies":"Red Slaver","floor":12.0,"turns":2.0},{"damage":0.0,"enemies":"Gremlin Nob","floor":14.0,"turns":2.0},{"damage":19.0,"enemies":"Hexaghost","floor":16.0,"turns":11.0},{"damage":0.0,"enemies":"Shell Parasite","floor":18.0,"turns":1.0},{"damage":0.0,"enemies":"Chosen","floor":21.0,"turns":2.0},{"damage":0.0,"enemies":"Gremlin Leader","floor":24.0,"turns":4.0},{"damage":1.0,"enemies":"Sentry and Sphere","floor":27.0,"turns":3.0},{"damage":0.0,"enemies":"Masked Bandits","floor":29.0,"turns":1.0},{"damage":0.0,"enemies":"Slavers","floor":30.0,"turns":2.0},{"damage":0.0,"enemies":"Snecko","floor":31.0,"turns":1.0},{"damage":21.0,"enemies":"Champ","floor":33.0,"turns":7.0},{"damage":0.0,"enemies":"3 Darklings","floor":35.0,"turns":2.0},{"damage":0.0,"enemies":"3 Shapes","floor":36.0,"turns":4.0},{"damage":0.0,"enemies":"2 Orb Walkers","floor":38.0,"turns":2.0},{"damage":0.0,"enemies":"Reptomancer","floor":41.0,"turns":1.0},{"damage":0.0,"enemies":"Mind Bloom Boss Battle","floor":42.0,"turns":2.0},{"damage":0.0,"enemies":"Jaw Worm Horde","floor":44.0,"turns":1.0},{"damage":0.0,"enemies":"Maw","floor":45.0,"turns":2.0},{"damage":0.0,"enemies":"Nemesis","floor":46.0,"turns":1.0},{"damage":0.0,"enemies":"4 Shapes","floor":48.0,"turns":1.0},{"damage":29.0,"enemies":"Time Eater","floor":50.0,"turns":7.0},{"damage":0,"enemies":"Shield and Spear","floor":54,"turns":1},{"damage":52,"enemies":"The Heart","floor":55,"turns":9}],"seed_played":"8862032108907936499","potions_obtained":[{"floor":7.0,"key":"Dexterity Potion"},{"floor":8.0,"key":"Explosive Potion"},{"floor":16.0,"key":"FairyPotion"},{"floor":24.0,"key":"SneckoOil"},{"floor":34.0,"key":"SmokeBomb"},{"floor":44.0,"key":"Swift Potion"},{"floor":48.0,"key":"Fruit Juice"},{"floor":54,"key":"EssenceOfSteel"}],"is_trial":false,"path_per_floor":["M","$","?","?","?","R","E","M","T","R","M","M","R","E","R","B",null,"M","T","?","M","$","R","E","R","T","M","?","?","E","M","R","B",null,"M","M","$","?","T","R","E","?","T","M","M","E","$","M","R","B",null,"R","$","E","B",null],"character_chosen":"THE_SILENT","items_purchased":["Membership Card","Tingsha","PrismaticShard","Happy Flower","TheAbacus","Centennial Puzzle","EssenceOfSteel","SteroidPotion"],"campfire_rested":2,"item_purchase_floors":[22,37,37,47,53,53,53,53],"current_hp_per_floor":[57,57,50,39,39,39,25,25,25,25,25,25,25,25,25,6,51,51,51,51,51,51,51,51,66,66,65,65,65,65,65,66,45,66,66,66,66,66,66,66,66,66,66,66,66,66,66,71,71,42,68,68,68,68,16],"gold":45,"neow_bonus":"RANDOM_COMMON_RELIC","is_prod":false,"is_daily":false,"chose_seed":true,"campfire_upgraded":5,"win_rate":0,"timestamp":1554558779,"path_taken":["M","$","?","?","?","R","E","M","T","R","M","M","R","E","R","BOSS","M","?","?","M","$","R","E","R","T","?","?","?","E","M","R","BOSS","M","M","$","?","?","R","E","?","T","M","M","E","?","M","R","BOSS","R","$","E","BOSS"],"build_version":"2019-01-23","purchased_purges":5,"victory":true,"max_hp_per_floor":[66,66,66,66,66,66,66,66,66,66,66,66,66,66,66,66,66,66,66,66,66,66,66,66,66,66,66,66,66,66,66,66,66,71,71,71,71,71,71,71,71,71,71,71,71,71,71,76,76,76,76,76,76,76,76],"card_choices":[{"not_picked":["Flying Knee","Reflex","Skewer"],"picked":"SKIP","floor":1.0},{"not_picked":["Prepared+1","All Out Attack"],"picked":"Tactician+1","floor":7.0},{"not_picked":["Eviscerate","Escape Plan+1"],"picked":"Prepared+1","floor":8.0},{"not_picked":["Accuracy","Quick Slash"],"picked":"Choke","floor":11.0},{"not_picked":["Quick Slash","Dagger Throw"],"picked":"Acrobatics+1","floor":12.0},{"not_picked":["Underhanded Strike","Slice","Quick Slash"],"picked":"SKIP","floor":14.0},{"not_picked":["Venomology+1","Malaise+1"],"picked":"Adrenaline+1","floor":16.0},{"not_picked":["Underhanded Strike","Poisoned Stab","Dagger Throw"],"picked":"SKIP","floor":18.0},{"not_picked":["Caltrops","Outmaneuver+1","Bane"],"picked":"SKIP","floor":21.0},{"not_picked":["Terror+1","Envenom","Outmaneuver+1"],"picked":"SKIP","floor":24.0},{"not_picked":["Expertise+1","Dagger Spray"],"picked":"Reflex+1","floor":27.0},{"not_picked":["Tools of the Trade","Deflect+1"],"picked":"Malaise+1","floor":30.0},{"not_picked":["Sucker Punch","Acrobatics+1","Concentrate+1"],"picked":"SKIP","floor":31.0},{"not_picked":["Corpse Explosion+1","Glass Knife"],"picked":"Doppelganger+1","floor":33.0},{"not_picked":["Underhanded Strike","Bane+1","Cloak And Dagger+1"],"picked":"SKIP","floor":35.0},{"not_picked":["Dagger Throw","Blade Dance+1"],"picked":"Flechettes","floor":36.0},{"not_picked":["Sweeping Beam","Warcry+1","Cold Snap+1"],"picked":"SKIP","floor":41.0},{"not_picked":["Consume+1","Sucker Punch+1","Conserve Battery+1"],"picked":"SKIP","floor":44.0},{"not_picked":["Reckless Charge+1","Sweeping Beam","Dagger Spray"],"picked":"SKIP","floor":45.0},{"not_picked":["Poisoned Stab","HandOfGreed","Clash"],"picked":"SKIP","floor":46.0},{"not_picked":["Predator+1","Backstab","Conserve Battery+1"],"picked":"SKIP","floor":48.0},{"not_picked":["Reflex+1","Beam Cell+1"],"picked":"Chill+1","floor":54}],"player_experience":1344583,"relics_obtained":[{"floor":7.0,"key":"Gambling Chip"},{"floor":9.0,"key":"Snake Skull"},{"floor":14.0,"key":"Lantern"},{"floor":19.0,"key":"Bronze Scales"},{"floor":24.0,"key":"Bag of Preparation"},{"floor":26.0,"key":"Smiling Mask"},{"floor":29.0,"key":"Red Mask"},{"floor":30.0,"key":"PreservedInsect"},{"floor":38.0,"key":"Girya"},{"floor":39.0,"key":"Mummified Hand"},{"floor":41.0,"key":"Whetstone"},{"floor":42.0,"key":"Nunchaku"},{"floor":46.0,"key":"Ancient Tea Set"},{"floor":54,"key":"Torii"}],"event_choices":[{"cards_removed":["Strike_G"],"damage_healed":0.0,"max_hp_gain":0.0,"max_hp_loss":0.0,"gold_gain":0.0,"event_name":"Golden Wing","player_choice":"Card Removal","floor":3.0,"gold_loss":0.0,"damage_taken":7.0},{"damage_healed":0.0,"max_hp_gain":0.0,"max_hp_loss":0.0,"gold_gain":0.0,"event_name":"Scrap Ooze","player_choice":"Success","floor":4.0,"gold_loss":0.0,"damage_taken":11.0,"relics_obtained":["Toxic Egg 2"]},{"damage_healed":0.0,"max_hp_gain":0.0,"max_hp_loss":0.0,"gold_gain":0.0,"event_name":"Match and Keep!","player_choice":"1 cards matched","floor":5.0,"gold_loss":0.0,"damage_taken":0.0,"cards_obtained":["Unload"]},{"cards_removed":["Strike_G"],"damage_healed":0.0,"max_hp_gain":0.0,"max_hp_loss":0.0,"gold_gain":0.0,"event_name":"Purifier","player_choice":"Purged","floor":20.0,"gold_loss":0.0,"damage_taken":0.0},{"damage_healed":0.0,"max_hp_gain":0.0,"max_hp_loss":0.0,"gold_gain":50.0,"event_name":"Nest","player_choice":"Stole From Cult","floor":28.0,"gold_loss":0.0,"damage_taken":0.0},{"damage_healed":0.0,"max_hp_gain":0.0,"max_hp_loss":0.0,"gold_gain":0.0,"event_name":"Masked Bandits","player_choice":"Fought Bandits","floor":29.0,"gold_loss":0.0,"damage_taken":0.0},{"damage_healed":0.0,"max_hp_gain":0.0,"max_hp_loss":0.0,"gold_gain":0.0,"event_name":"Mysterious Sphere","player_choice":"Fight","floor":38.0,"gold_loss":0.0,"damage_taken":0.0},{"damage_healed":0.0,"max_hp_gain":0.0,"max_hp_loss":0.0,"gold_gain":0.0,"event_name":"MindBloom","player_choice":"Fight","floor":42.0,"gold_loss":0.0,"damage_taken":0.0}],"is_beta":false,"boss_relics":[{"not_picked":["Calling Bell","Philosopher\u0027s Stone"],"picked":"Runic Dome"},{"not_picked":["Fusion Hammer","Velvet Choker"],"picked":"Tiny House"}],"items_purged_floors":[2,22,37,47,53],"is_endless":false,"potions_floor_spawned":[7,8,11,16,18,24,27,35,36,44,48,54],"ascension_level":15}