{"gold_per_floor":[113,113,129,146,146,146,165,178,178,178,212,212],"floor_reached":12,"playtime":1268,"items_purged":[],"score":84,"play_id":"3b5ecb9a-c6f5-4171-8f13-af66a2dc4b76","local_time":"20190401144027","is_ascension_mode":true,"campfire_choices":[{"floor":6,"key":"REST"},{"floor":10,"key":"RECALL"}],"neow_cost":"PERCENT_DAMAGE","seed_source_timestamp":1700354665271184,"circlet_count":0,"master_deck":["Defend_G","Defend_G","Defend_G","Defend_G","Defend_G","Strike_G","Strike_G","Strike_G","Strike_G","Strike_G","Survivor","Neutralize","Accuracy","Regret","Accuracy","Quick Slash","Cloak And Dagger","Accuracy","Deflect"],"relics":["Ring of the Snake","Ginger","Kunai","Orichalcum","Blood Vial"],"potions_floor_usage":[12],"damage_taken":[{"damage":0,"enemies":"Cultist","floor":1,"turns":4},{"damage":3,"enemies":"2 Louse","floor":3,"turns":3},{"damage":9,"enemies":"Small Slimes","floor":4,"turns":5},{"damage":7,"enemies":"2 Fungi Beasts","floor":7,"turns":4},{"damage":2,"enemies":"Looter","floor":8,"turns":5},{"damage":40,"enemies":"Lagavulin","floor":11,"turns":13},{"damage":14,"enemies":"Red Slaver","floor":12,"turns":4}],"seed_played":"1805940503324235054","potions_obtained":[{"floor":1,"key":"GamblersBrew"},{"floor":4,"key":"SteroidPotion"},{"floor":7,"key":"LiquidBronze"}],"is_trial":false,"path_per_floor":["M","?","M","M","?","R","M","M","T","R","E","M"],"character_chosen":"THE_SILENT","items_purchased":[],"campfire_rested":1,"item_purchase_floors":[],"current_hp_per_floor":[49,49,46,37,37,58,51,49,49,49,9,0],"gold":212,"neow_bonus":"ONE_RARE_RELIC","is_prod":false,"is_daily":false,"chose_seed":false,"campfire_upgraded":0,"win_rate":0,"timestamp":1554147627,"path_taken":["M","?","M","M","?","R","M","M","T","R","E","?"],"build_version":"2019-01-23","purchased_purges":0,"victory":false,"max_hp_per_floor":[70,70,70,70,70,70,70,70,70,70,70,70],"card_choices":[{"not_picked":["Dagger Spray","Flying Knee"],"picked":"Accuracy","floor":1},{"not_picked":["Caltrops","Footwork"],"picked":"Accuracy","floor":3},{"not_picked":["Backflip","Underhanded Strike"],"picked":"Quick Slash","floor":4},{"not_picked":["Deflect","Dagger Spray"],"picked":"Cloak And Dagger","floor":7},{"not_picked":["PiercingWail","Eviscerate"],"picked":"Accuracy","floor":8},{"not_picked":["Backflip","Dagger Throw"],"picked":"Deflect","floor":11}],"player_experience":144036,"relics_obtained":[{"floor":11,"key":"Blood Vial"}],"event_choices":[{"damage_healed":0,"gold_gain":0,"player_choice":"Box","damage_taken":0,"relics_obtained":["Kunai"],"max_hp_gain":0,"max_hp_loss":0,"event_name":"Big Fish","floor":2,"gold_loss":0,"cards_obtained":["Regret"]},{"damage_healed":0,"gold_gain":0,"player_choice":"Gave Potion","damage_taken":0,"relics_obtained":["Orichalcum"],"max_hp_gain":0,"max_hp_loss":0,"event_name":"WeMeetAgain","floor":5,"gold_loss":0}],"is_beta":false,"boss_relics":[],"items_purged_floors":[],"is_endless":false,"potions_floor_spawned":[1,4,7],"killed_by":"Red Slaver","ascension_level":1}