{"gold_per_floor":[118,118,19,36,54,54,79,79,102,137,163,175,198,235,247,355,367,396,408,420,109,109,136,96,129,179,189,189,199,199,199,199,299,299,309,319,319,329,38,38,69,69,93,21,32,61,61,106,106,106],"floor_reached":50,"playtime":3507,"items_purged":["Pain"],"score":749,"play_id":"30880f47-28c4-41c8-bef0-f5f0e7dbd764","local_time":"20190321150544","is_ascension_mode":true,"campfire_choices":[{"data":"Tactician","floor":6.0,"key":"SMITH"},{"data":"Reflex","floor":8.0,"key":"SMITH"},{"floor":12.0,"key":"REST"},{"data":"Noxious Fumes","floor":15.0,"key":"SMITH"},{"floor":28.0,"key":"REST"},{"floor":30.0,"key":"REST"},{"floor":32.0,"key":"REST"},{"floor":40,"key":"REST"},{"floor":42,"key":"REST"},{"floor":47,"key":"REST"},{"floor":49,"key":"RECALL"}],"neow_cost":"NONE","seed_source_timestamp":0,"circlet_count":0,"master_deck":["Defend_G+1","Defend_G+1","Defend_G+1","Defend_G+1","Defend_G+1","Strike_G+1","Strike_G+1","Strike_G+1","Strike_G+1","Survivor","Neutralize","Tactician+1","Acrobatics","Underhanded Strike+1","Outmaneuver","Reflex+1","Concentrate+1","Noxious Fumes+1","Envenom+1","Dagger Spray","Die Die Die","Flying Knee","Prepared+1","Footwork","Acrobatics","Concentrate+1","Catalyst+1","After Image","Noxious Fumes+1","Tactician+1","Blade Dance+1","Magnetism","Deadly Poison","Skewer+1","Well Laid Plans","Deflect+1"],"special_seed":0,"relics":["Ring of the Snake","NeowsBlessing","WarpedTongs","Potion Belt","Juzu Bracelet","MawBank","Whetstone","Fusion Hammer","MutagenicStrength","Toy Ornithopter","Ancient Tea Set","Centennial Puzzle","Art of War","Busted Crown","War Paint","Happy Flower","Letter Opener","Strawberry","Thread and Needle"],"potions_floor_usage":[38,45,48,48,50,50,50],"damage_taken":[{"damage":0.0,"enemies":"2 Louse","floor":1.0,"turns":1.0},{"damage":0.0,"enemies":"Cultist","floor":4.0,"turns":1.0},{"damage":0.0,"enemies":"Jaw Worm","floor":5.0,"turns":1.0},{"damage":40.0,"enemies":"3 Sentries","floor":7.0,"turns":14.0},{"damage":21.0,"enemies":"Gremlin Nob","floor":10.0,"turns":4.0},{"damage":0.0,"enemies":"Exordium Wildlife","floor":11.0,"turns":3.0},{"damage":2.0,"enemies":"3 Louse","floor":13.0,"turns":2.0},{"damage":13.0,"enemies":"3 Sentries","floor":14.0,"turns":6.0},{"damage":30.0,"enemies":"Slime Boss","floor":16.0,"turns":10.0},{"damage":15.0,"enemies":"3 Byrds","floor":18.0,"turns":4.0},{"damage":10.0,"enemies":"Gremlin Leader","floor":23.0,"turns":5.0},{"damage":18.0,"enemies":"Slavers","floor":25.0,"turns":5.0},{"damage":1.0,"enemies":"Spheric Guardian","floor":27.0,"turns":3.0},{"damage":4.0,"enemies":"Cultist and Chosen","floor":29.0,"turns":2.0},{"damage":23.0,"enemies":"Collector","floor":33.0,"turns":7.0},{"damage":10,"enemies":"3 Darklings","floor":35,"turns":4},{"damage":15,"enemies":"Orb Walker","floor":36,"turns":3},{"damage":16,"enemies":"Transient","floor":38,"turns":5},{"damage":18,"enemies":"Giant Head","floor":41,"turns":7},{"damage":6,"enemies":"3 Darklings","floor":45,"turns":3},{"damage":37,"enemies":"Reptomancer","floor":46,"turns":4},{"damage":24,"enemies":"2 Orb Walkers","floor":48,"turns":3},{"damage":61,"enemies":"Awakened One","floor":50,"turns":6}],"seed_played":"-8697959464562032287","potions_obtained":[{"floor":1.0,"key":"Regen Potion"},{"floor":7.0,"key":"Dexterity Potion"},{"floor":10.0,"key":"Explosive Potion"},{"floor":11.0,"key":"Regen Potion"},{"floor":18.0,"key":"SteroidPotion"},{"floor":29.0,"key":"EntropicBrew"},{"floor":41,"key":"AttackPotion"},{"floor":46,"key":"Ancient Potion"}],"is_trial":false,"path_per_floor":["M","?","$","M","M","R","E","R","T","E","M","R","M","E","R","B",null,"M","?","T","$","?","E","?","E","T","M","R","M","R","?","R","B",null,"M","M","?","M","$","R","E","R","T","?","M","E","R","?","R","B"],"character_chosen":"THE_SILENT","items_purchased":["Acrobatics","Toy Ornithopter","Ancient Potion","Prepared","Magnetism","Ancient Potion","Strength Potion"],"campfire_rested":7,"item_purchase_floors":[3,21,21,21,39,39,39],"current_hp_per_floor":[70,70,70,70,70,70,45,45,45,24,24,45,43,45,45,15,56,41,41,41,41,41,41,41,23,23,22,43,39,60,47,69,61,72,62,47,47,36,36,58,40,62,62,62,61,31,55,41,41,0],"gold":106,"neow_bonus":"THREE_ENEMY_KILL","is_prod":false,"is_daily":false,"chose_seed":false,"campfire_upgraded":3,"win_rate":0,"timestamp":1553205944,"path_taken":["M","?","$","M","?","R","E","R","T","E","M","R","M","E","R","BOSS","M","?","?","$","?","E","?","E","T","M","R","M","R","?","R","BOSS","M","M","?","M","$","R","E","R","T","?","M","E","R","?","R","BOSS"],"build_version":"2019-01-23","purchased_purges":1,"victory":false,"max_hp_per_floor":[70,70,70,70,70,70,70,70,70,70,70,70,70,70,70,70,70,70,70,70,70,70,70,70,70,70,70,70,70,70,75,75,75,75,75,75,75,75,75,75,75,75,75,75,75,82,82,82,82,82],"card_choices":[{"not_picked":["Footwork","Crippling Poison"],"picked":"Tactician","floor":1.0},{"not_picked":["Slice","PiercingWail"],"picked":"Underhanded Strike","floor":4.0},{"not_picked":["Footwork","All Out Attack"],"picked":"Outmaneuver","floor":5.0},{"not_picked":["Bane","Cloak And Dagger"],"picked":"Reflex","floor":7.0},{"not_picked":["Catalyst","Crippling Poison"],"picked":"Concentrate","floor":10.0},{"not_picked":["Masterful Stab","Deadly Poison"],"picked":"Noxious Fumes","floor":11.0},{"not_picked":["Flechettes","Cloak And Dagger"],"picked":"Envenom","floor":13.0},{"not_picked":["Slice","Flying Knee"],"picked":"Dagger Spray","floor":14.0},{"not_picked":["Wraith Form v2","Envenom"],"picked":"Die Die Die","floor":16.0},{"not_picked":["Slice","Acrobatics+1"],"picked":"Flying Knee","floor":18.0},{"not_picked":["Sucker Punch","Dagger Spray"],"picked":"Footwork","floor":23.0},{"not_picked":["Bane","Cloak And Dagger"],"picked":"Acrobatics","floor":25.0},{"not_picked":["Bouncing Flask","Crippling Poison"],"picked":"Concentrate+1","floor":27.0},{"not_picked":["Backstab","Acrobatics+1"],"picked":"Catalyst+1","floor":29.0},{"not_picked":["Night Terror","Wraith Form v2"],"picked":"After Image","floor":33.0},{"not_picked":[],"picked":"Noxious Fumes+1","floor":35},{"not_picked":[],"picked":"Tactician+1","floor":36},{"not_picked":[],"picked":"Blade Dance","floor":38},{"not_picked":[],"picked":"Deadly Poison","floor":41},{"not_picked":[],"picked":"Skewer+1","floor":45},{"not_picked":[],"picked":"Well Laid Plans","floor":46},{"not_picked":[],"picked":"Deflect+1","floor":48}],"player_experience":361762,"relics_obtained":[{"floor":7.0,"key":"Potion Belt"},{"floor":9.0,"key":"Juzu Bracelet"},{"floor":10.0,"key":"MawBank"},{"floor":14.0,"key":"Whetstone"},{"floor":23.0,"key":"Ancient Tea Set"},{"floor":25.0,"key":"Centennial Puzzle"},{"floor":26.0,"key":"Art of War"},{"floor":41,"key":"War Paint"},{"floor":43,"key":"Happy Flower"},{"floor":46,"key":"Strawberry"},{"floor":48,"key":"Thread and Needle"}],"event_choices":[{"damage_healed":0.0,"max_hp_gain":0.0,"max_hp_loss":0.0,"gold_gain":0.0,"event_name":"Accursed Blacksmith","player_choice":"Rummage","floor":2.0,"gold_loss":0.0,"damage_taken":0.0,"relics_obtained":["WarpedTongs"],"cards_obtained":["Pain"]},{"damage_healed":0.0,"max_hp_gain":0.0,"max_hp_loss":0.0,"gold_gain":0.0,"event_name":"Drug Dealer","player_choice":"Inject Mutagens","floor":19.0,"gold_loss":0.0,"damage_taken":0.0,"relics_obtained":["MutagenicStrength"]},{"damage_healed":0.0,"max_hp_gain":0.0,"max_hp_loss":0.0,"gold_gain":0.0,"event_name":"Back to Basics","player_choice":"Simplicity","floor":22.0,"gold_loss":0.0,"damage_taken":0.0,"cards_upgraded":["Defend_G","Defend_G","Defend_G","Defend_G","Defend_G","Strike_G","Strike_G","Strike_G","Strike_G"]},{"damage_healed":0.0,"max_hp_gain":0.0,"max_hp_loss":0.0,"gold_gain":0.0,"event_name":"Designer","player_choice":"Upgraded Two","floor":24.0,"gold_loss":40.0,"damage_taken":0.0,"cards_upgraded":["Prepared","Envenom"]},{"damage_healed":0.0,"max_hp_gain":5.0,"max_hp_loss":0.0,"gold_gain":0.0,"event_name":"Forgotten Altar","player_choice":"Shed Blood","floor":31.0,"gold_loss":0.0,"damage_taken":18.0},{"cards_removed":["Strike_G"],"damage_healed":0,"gold_gain":0,"player_choice":"Purged","damage_taken":0,"max_hp_gain":0,"max_hp_loss":0,"event_name":"Purifier","floor":37,"gold_loss":0},{"damage_healed":0,"gold_gain":0,"player_choice":"Paid Gold","damage_taken":0,"relics_obtained":["Letter Opener"],"max_hp_gain":0,"max_hp_loss":0,"event_name":"WeMeetAgain","floor":44,"gold_loss":72},{"damage_healed":0,"gold_gain":0,"player_choice":"Fight","damage_taken":0,"max_hp_gain":0,"max_hp_loss":0,"event_name":"Mysterious Sphere","floor":48,"gold_loss":0}],"is_beta":false,"boss_relics":[{"not_picked":["Pandora\u0027s Box","White Beast Statue"],"picked":"Fusion Hammer"},{"not_picked":["Empty Cage","Sozu"],"picked":"Busted Crown"}],"items_purged_floors":[3],"is_endless":false,"potions_floor_spawned":[1,7,10,11,18,29,41,46],"killed_by":"Awakened One","ascension_level":5}