{"gold_per_floor":[111,124,124,174,63,91,91,106,106,119,203,220,220,240,240,313,313,332,332,342,442,442,442,458,277,303,218,218,233,233,258,258,336,336,351,751,751,528,544,544,557,69,69,99,99,99,112,138,138,138,138,138,67,101,101],"floor_reached":56,"playtime":1741,"items_purged":["Strike_G","Dagger Spray","Deadly Poison","Bullet Time"],"score":2678,"play_id":"403a0c38-b4c4-453c-9c68-e7b3a7a10f46","local_time":"20190307164036","is_ascension_mode":true,"campfire_choices":[{"data":"Neutralize","floor":7,"key":"SMITH"},{"floor":15,"key":"DIG"},{"data":"Concentrate","floor":23,"key":"SMITH"},{"data":"Tactician","floor":28,"key":"SMITH"},{"data":"Acrobatics","floor":32,"key":"SMITH"},{"data":"Burst","floor":40,"key":"SMITH"},{"floor":46,"key":"RECALL"},{"data":"Grand Finale","floor":49,"key":"SMITH"},{"floor":52,"key":"DIG"}],"neow_cost":"NONE","seed_source_timestamp":422862371551506,"circlet_count":0,"master_deck":["AscendersBane","Survivor","Neutralize+1","Masterful Stab","Grand Finale+1","Acrobatics+1","Adrenaline","Expertise","Burst+1","Terror","Concentrate+1","Tactician+1","Escape Plan","Blur+1","Purity","Backflip","Panacea"],"relics":["Ring of the Snake","NeowsBlessing","Shovel","StoneCalendar","Tiny Chest","Bag of Marbles","Sundial","Pandora\u0027s Box","Unceasing Top","Pantograph","Centennial Puzzle","Regal Pillow","Lantern","Runic Pyramid","Old Coin","TheAbacus","Bag of Preparation","Girya","Gremlin Horn","Bottled Flame","Shuriken"],"potions_floor_usage":[16,16,55,55,55,55],"damage_taken":[{"damage":0,"enemies":"Jaw Worm","floor":1,"turns":1},{"damage":0,"enemies":"Cultist","floor":2,"turns":1},{"damage":0,"enemies":"Lagavulin","floor":6,"turns":1},{"damage":4,"enemies":"Small Slimes","floor":8,"turns":4},{"damage":13,"enemies":"Exordium Wildlife","floor":10,"turns":4},{"damage":1,"enemies":"3 Louse","floor":12,"turns":5},{"damage":0,"enemies":"Looter","floor":14,"turns":2},{"damage":0,"enemies":"Slime Boss","floor":16,"turns":4},{"damage":0,"enemies":"2 Thieves","floor":18,"turns":1},{"damage":0,"enemies":"Chosen","floor":20,"turns":1},{"damage":0,"enemies":"Colosseum Slavers","floor":21,"turns":1},{"damage":0,"enemies":"Colosseum Nobs","floor":21,"turns":2},{"damage":13,"enemies":"Snake Plant","floor":24,"turns":2},{"damage":0,"enemies":"Centurion and Healer","floor":29,"turns":2},{"damage":0,"enemies":"Gremlin Leader","floor":31,"turns":3},{"damage":0,"enemies":"Collector","floor":33,"turns":3},{"damage":1,"enemies":"3 Darklings","floor":35,"turns":2},{"damage":0,"enemies":"Mind Bloom Boss Battle","floor":36,"turns":1},{"damage":0,"enemies":"Orb Walker","floor":39,"turns":1},{"damage":0,"enemies":"Spire Growth","floor":41,"turns":1},{"damage":0,"enemies":"Nemesis","floor":44,"turns":1},{"damage":0,"enemies":"Sphere and 2 Shapes","floor":47,"turns":1},{"damage":0,"enemies":"Giant Head","floor":48,"turns":1},{"damage":0,"enemies":"Awakened One","floor":50,"turns":2},{"damage":0,"enemies":"Shield and Spear","floor":54,"turns":1},{"damage":0,"enemies":"The Heart","floor":55,"turns":4}],"seed_played":"4769126722687376734","potions_obtained":[{"floor":2,"key":"EssenceOfSteel"},{"floor":6,"key":"GamblersBrew"},{"floor":14,"key":"Explosive Potion"},{"floor":16,"key":"Dexterity Potion"},{"floor":21,"key":"EntropicBrew"}],"is_trial":false,"path_per_floor":["M","M","?","?","$","E","R","M","T","M","T","M","?","M","R","B",null,"M","?","M","?","?","R","M","$","T","?","R","M","?","E","R","B",null,"M","?","?","$","M","R","M","$","T","E","?","R","M","E","R","B",null,"R","$","E","B",null],"character_chosen":"THE_SILENT","items_purchased":["Masterful Stab","Purity","Panacea","TheAbacus","Bag of Preparation","GhostInAJar"],"campfire_rested":0,"item_purchase_floors":[5,25,38,42,42,53],"current_hp_per_floor":[59,59,52,46,46,46,46,42,42,29,29,28,28,28,28,28,57,57,57,57,57,57,57,44,44,44,44,44,44,44,44,44,66,66,65,66,66,66,66,66,66,66,66,66,66,66,66,66,66,66,66,66,66,66,66],"gold":101,"neow_bonus":"THREE_ENEMY_KILL","is_prod":false,"is_daily":false,"chose_seed":false,"campfire_upgraded":6,"win_rate":0,"timestamp":1551948036,"path_taken":["M","M","?","?","$","E","R","?","T","M","?","M","?","M","R","BOSS","M","?","M","?","?","R","M","?","T","?","R","?","?","E","R","BOSS","M","?","?","$","M","R","M","$","T","E","?","R","?","E","R","BOSS","R","$","E","BOSS"],"build_version":"2019-01-23","purchased_purges":4,"victory":true,"max_hp_per_floor":[66,66,66,66,66,66,66,66,66,66,66,66,66,66,66,66,66,66,66,66,66,66,66,66,66,66,66,66,66,66,66,66,66,66,66,66,66,66,66,66,66,66,66,66,66,66,66,66,66,66,66,66,66,66,66],"card_choices":[{"not_picked":["PiercingWail","Underhanded Strike"],"picked":"Deadly Poison","floor":1},{"not_picked":["Dagger Spray","Dodge and Roll","Poisoned Stab"],"picked":"SKIP","floor":2},{"not_picked":["Die Die Die","Blade Dance"],"picked":"Grand Finale","floor":6},{"not_picked":["Dodge and Roll","Slice","Distraction"],"picked":"SKIP","floor":8},{"not_picked":["Heel Hook","Dodge and Roll","Deadly Poison"],"picked":"SKIP","floor":10},{"not_picked":["Deadly Poison","Cloak And Dagger"],"picked":"Acrobatics","floor":12},{"not_picked":["Cloak And Dagger","Dash","Quick Slash"],"picked":"SKIP","floor":14},{"not_picked":["Predator","Dodge and Roll","Deadly Poison"],"picked":"SKIP","floor":18},{"not_picked":["Dash","Riddle With Holes+1"],"picked":"Concentrate","floor":20},{"not_picked":["Dodge and Roll","Crippling Poison"],"picked":"Tactician","floor":21},{"not_picked":["Poisoned Stab","Footwork"],"picked":"Blur+1","floor":24},{"not_picked":["Quick Slash","Outmaneuver","Blade Dance"],"picked":"SKIP","floor":29},{"not_picked":["Quick Slash","Outmaneuver","Blade Dance"],"picked":"SKIP","floor":29},{"not_picked":["Dagger Throw","Prepared","Acrobatics"],"picked":"SKIP","floor":31},{"not_picked":["Underhanded Strike","Escape Plan","Slice"],"picked":"SKIP","floor":35},{"not_picked":["Blur","PiercingWail"],"picked":"Backflip","floor":36},{"not_picked":["Sucker Punch","Dodge and Roll","PiercingWail"],"picked":"SKIP","floor":39},{"not_picked":["Bane+1","Setup","Slice"],"picked":"SKIP","floor":41},{"not_picked":["Predator","Eviscerate","PiercingWail"],"picked":"SKIP","floor":44},{"not_picked":["Dagger Throw","Poisoned Stab","Leg Sweep"],"picked":"SKIP","floor":47},{"not_picked":["Outmaneuver","Well Laid Plans+1","Sucker Punch"],"picked":"SKIP","floor":48},{"not_picked":["Skewer","Cloak And Dagger","Dodge and Roll"],"picked":"SKIP","floor":54}],"player_experience":1149569,"relics_obtained":[{"floor":6,"key":"Shovel"},{"floor":9,"key":"StoneCalendar"},{"floor":11,"key":"Tiny Chest"},{"floor":15,"key":"Sundial"},{"floor":21,"key":"Unceasing Top"},{"floor":21,"key":"Pantograph"},{"floor":26,"key":"Centennial Puzzle"},{"floor":31,"key":"Lantern"},{"floor":36,"key":"Old Coin"},{"floor":44,"key":"Girya"},{"floor":48,"key":"Gremlin Horn"},{"floor":52,"key":"Bottled Flame"},{"floor":54,"key":"Shuriken"}],"event_choices":[{"cards_removed":["Strike_G"],"damage_healed":0,"gold_gain":0,"player_choice":"Card Removal","damage_taken":7,"max_hp_gain":0,"max_hp_loss":0,"event_name":"Golden Wing","floor":3,"gold_loss":0},{"damage_healed":0,"gold_gain":50,"player_choice":"Touch","damage_taken":6,"max_hp_gain":0,"max_hp_loss":0,"event_name":"FaceTrader","floor":4,"gold_loss":0},{"damage_healed":0,"gold_gain":0,"player_choice":"Searched \u00271\u0027 times","damage_taken":0,"relics_obtained":["Bag of Marbles"],"max_hp_gain":0,"max_hp_loss":0,"event_name":"Dead Adventurer","floor":13,"gold_loss":0},{"cards_removed":["Outmaneuver"],"damage_healed":0,"gold_gain":0,"player_choice":"Elegance","damage_taken":0,"max_hp_gain":0,"max_hp_loss":0,"event_name":"Back to Basics","floor":19,"gold_loss":0},{"damage_healed":0,"gold_gain":0,"player_choice":"Fight","damage_taken":0,"max_hp_gain":0,"max_hp_loss":0,"event_name":"Colosseum","floor":21,"gold_loss":0},{"damage_healed":0,"gold_gain":0,"player_choice":"Fought Nobs","damage_taken":0,"max_hp_gain":0,"max_hp_loss":0,"event_name":"Colosseum","floor":21,"gold_loss":0},{"damage_healed":0,"gold_gain":0,"player_choice":"Read","damage_taken":0,"max_hp_gain":0,"max_hp_loss":0,"event_name":"The Library","floor":22,"gold_loss":0,"cards_obtained":["Escape Plan"]},{"damage_healed":0,"gold_gain":0,"player_choice":"Obtained Relic","damage_taken":0,"relics_obtained":["Regal Pillow"],"max_hp_gain":0,"max_hp_loss":0,"event_name":"Addict","floor":27,"gold_loss":85},{"damage_healed":0,"gold_gain":0,"player_choice":"Ignored","damage_taken":0,"max_hp_gain":0,"max_hp_loss":0,"event_name":"Ghosts","floor":30,"gold_loss":0},{"damage_healed":0,"gold_gain":0,"player_choice":"Fight","damage_taken":0,"max_hp_gain":0,"max_hp_loss":0,"event_name":"MindBloom","floor":36,"gold_loss":0},{"cards_removed":["Riddle With Holes"],"damage_healed":0,"gold_gain":0,"player_choice":"Removed Attack","damage_taken":0,"max_hp_gain":0,"max_hp_loss":0,"event_name":"Falling","floor":37,"gold_loss":0},{"damage_healed":0,"gold_gain":0,"player_choice":"0 cards matched","damage_taken":0,"max_hp_gain":0,"max_hp_loss":0,"event_name":"Match and Keep!","floor":45,"gold_loss":0,"cards_obtained":[]}],"is_beta":false,"boss_relics":[{"not_picked":["Lizard Tail","Calling Bell"],"picked":"Pandora\u0027s Box"},{"not_picked":["White Beast Statue","Velvet Choker"],"picked":"Runic Pyramid"}],"items_purged_floors":[5,25,38,42],"is_endless":false,"potions_floor_spawned":[2,6,14,16,21,21,24,33,35,41,47],"ascension_level":15}