{"gold_per_floor":[209,226,70,84,84,115,133,133,157,157,174,174,74,90,90,162,162,175,175,146,146,159,159,179,179,179,189,189],"floor_reached":28,"playtime":683,"items_purged":["Strike_R","Strike_R"],"score":389,"play_id":"03cd05c6-5661-4df0-888e-457bcf535c5c","local_time":"20190304142400","is_ascension_mode":true,"campfire_choices":[{"data":"True Grit","floor":8,"key":"SMITH"},{"data":"Immolate","floor":10,"key":"SMITH"},{"data":"Disarm","floor":15,"key":"SMITH"},{"data":"Feed","floor":23,"key":"SMITH"},{"data":"Body Slam","floor":25,"key":"SMITH"}],"neow_cost":"NONE","seed_source_timestamp":156688744537700,"circlet_count":0,"master_deck":["AscendersBane","Strike_R","Strike_R","Strike_R","Defend_R","Defend_R","Defend_R","Defend_R","Bash","Power Through","Immolate+1","True Grit+1","Disarm+1","Feed+1","Power Through","Body Slam+1"],"relics":["Burning Blood","Pen Nib","Bag of Preparation","Black Star","Mercury Hourglass"],"potions_floor_usage":[16,18],"damage_taken":[{"damage":6,"enemies":"Cultist","floor":1,"turns":3},{"damage":10,"enemies":"Small Slimes","floor":2,"turns":4},{"damage":0,"enemies":"2 Louse","floor":4,"turns":1},{"damage":40,"enemies":"Lagavulin","floor":6,"turns":9},{"damage":0,"enemies":"2 Fungi Beasts","floor":7,"turns":3},{"damage":6,"enemies":"Looter","floor":11,"turns":4},{"damage":7,"enemies":"Large Slime","floor":14,"turns":5},{"damage":40,"enemies":"Hexaghost","floor":16,"turns":12},{"damage":0,"enemies":"3 Byrds","floor":18,"turns":2},{"damage":22,"enemies":"2 Thieves","floor":20,"turns":5},{"damage":33,"enemies":"Snecko","floor":22,"turns":9},{"damage":16,"enemies":"Snake Plant","floor":24,"turns":7},{"damage":12,"enemies":"Centurion and Healer","floor":27,"turns":3},{"damage":28,"enemies":"Masked Bandits","floor":28,"turns":3}],"seed_played":"1299249197409406877","potions_obtained":[{"floor":1,"key":"FearPotion"},{"floor":2,"key":"SteroidPotion"},{"floor":4,"key":"PowerPotion"},{"floor":22,"key":"SpeedPotion"}],"is_trial":false,"path_per_floor":["M","M","$","M","$","E","M","R","T","R","M","?","$","M","R","B",null,"M","?","M","?","M","R","M","R","T","M","?"],"character_chosen":"IRONCLAD","items_purchased":["Immolate"],"campfire_rested":0,"item_purchase_floors":[3],"current_hp_per_floor":[68,64,64,70,70,36,42,42,42,42,42,42,42,41,41,7,58,64,64,51,51,27,27,21,21,21,15,0],"gold":189,"neow_bonus":"HUNDRED_GOLD","is_prod":false,"is_daily":false,"chose_seed":false,"campfire_upgraded":5,"win_rate":0,"timestamp":1551680640,"path_taken":["M","M","$","M","$","E","?","R","T","R","M","?","$","M","R","BOSS","M","?","M","?","M","R","M","R","T","M","?"],"build_version":"2019-01-23","purchased_purges":2,"victory":false,"max_hp_per_floor":[75,75,75,75,75,75,75,75,75,75,75,75,75,75,75,75,75,75,75,78,78,81,81,85,85,85,85,89],"card_choices":[{"not_picked":["Searing Blow","Corruption","Pummel"],"picked":"SKIP","floor":1},{"not_picked":["Pommel Strike","Havoc"],"picked":"Power Through","floor":2},{"not_picked":["Whirlwind","Sword Boomerang","Flex"],"picked":"SKIP","floor":4},{"not_picked":["Wild Strike","Clash"],"picked":"True Grit","floor":6},{"not_picked":["Armaments","Anger"],"picked":"Disarm","floor":7},{"not_picked":["Iron Wave","Anger","Armaments"],"picked":"SKIP","floor":11},{"not_picked":["Reaper","Carnage","Searing Blow"],"picked":"SKIP","floor":14},{"not_picked":["Fiend Fire","Berserk"],"picked":"Feed","floor":16},{"not_picked":["Combust","Rupture","Dual Wield"],"picked":"SKIP","floor":18},{"not_picked":["Heavy Blade","Havoc","Rupture"],"picked":"SKIP","floor":20},{"not_picked":["Reckless Charge","Twin Strike","Cleave"],"picked":"SKIP","floor":22},{"not_picked":["Perfected Strike","Uppercut"],"picked":"Body Slam","floor":24},{"not_picked":["Cleave","Clash","Twin Strike"],"picked":"SKIP","floor":27}],"player_experience":1100769,"relics_obtained":[{"floor":6,"key":"Pen Nib"},{"floor":9,"key":"Bag of Preparation"},{"floor":26,"key":"Mercury Hourglass"}],"event_choices":[{"damage_healed":0,"gold_gain":0,"player_choice":"Ignored","damage_taken":0,"max_hp_gain":0,"max_hp_loss":0,"event_name":"Liars Game","floor":12,"gold_loss":0},{"damage_healed":0,"gold_gain":0,"player_choice":"Read","damage_taken":0,"max_hp_gain":0,"max_hp_loss":0,"event_name":"The Library","floor":19,"gold_loss":0,"cards_obtained":["Power Through"]},{"damage_healed":0,"gold_gain":0,"player_choice":"Ignored","damage_taken":0,"max_hp_gain":0,"max_hp_loss":0,"event_name":"The Mausoleum","floor":21,"gold_loss":0},{"damage_healed":0,"gold_gain":0,"player_choice":"Fought Bandits","damage_taken":0,"max_hp_gain":0,"max_hp_loss":0,"event_name":"Masked Bandits","floor":28,"gold_loss":0}],"is_beta":false,"boss_relics":[{"not_picked":["Calling Bell","Lizard Tail"],"picked":"Black Star"}],"items_purged_floors":[3,13],"is_endless":false,"potions_floor_spawned":[1,2,4,6,22],"killed_by":"Masked Bandits","ascension_level":15}