{"gold_per_floor":[114,114,114,127,146,176,176,251,251,176,176,191,91,109,109,109],"floor_reached":16,"playtime":487,"items_purged":["Strike_R","Strike_R"],"score":100,"play_id":"1bf0cdbf-1c9b-4d7e-8f50-e141c4b103da","local_time":"20190413212211","is_ascension_mode":false,"campfire_choices":[{"data":"Bash","floor":7,"key":"SMITH"},{"data":"Anger","floor":15,"key":"SMITH"}],"neow_cost":"NONE","seed_source_timestamp":259356282884400,"circlet_count":0,"master_deck":["Strike_R","Strike_R","Strike_R","Defend_R","Defend_R","Defend_R","Defend_R","Bash+1","Anger+1"],"relics":["Burning Blood","NeowsBlessing","Regal Pillow","Bottled Flame"],"potions_floor_usage":[6,6,16],"damage_taken":[{"damage":0,"enemies":"Jaw Worm","floor":1,"turns":1},{"damage":0,"enemies":"Small Slimes","floor":4,"turns":1},{"damage":0,"enemies":"Cultist","floor":5,"turns":1},{"damage":14,"enemies":"Gremlin Nob","floor":6,"turns":4},{"damage":9,"enemies":"3 Louse","floor":12,"turns":4},{"damage":10,"enemies":"Looter","floor":14,"turns":3},{"damage":69,"enemies":"Slime Boss","floor":16,"turns":9}],"seed_played":"-4614422941250952898","potions_obtained":[{"floor":3,"key":"Swift Potion"},{"floor":3,"key":"EssenceOfSteel"},{"floor":3,"key":"Weak Potion"},{"floor":5,"key":"Fruit Juice"}],"is_trial":false,"path_per_floor":["M","?","?","M","M","E","R","?","T","$","?","M","$","M","R","B"],"character_chosen":"IRONCLAD","items_purchased":[],"campfire_rested":0,"item_purchase_floors":[],"current_hp_per_floor":[80,80,80,80,80,77,77,66,66,66,71,68,68,64,64,0],"gold":109,"neow_bonus":"THREE_ENEMY_KILL","is_prod":false,"is_daily":false,"chose_seed":false,"campfire_upgraded":2,"win_rate":0,"timestamp":1555204931,"path_taken":["M","?","?","M","?","E","R","?","T","$","?","M","$","M","R","BOSS"],"build_version":"2019-01-23","purchased_purges":2,"victory":false,"max_hp_per_floor":[80,80,80,80,80,85,85,85,85,85,90,90,90,90,90,90],"card_choices":[{"not_picked":["Twin Strike","Thunderclap","Headbutt"],"picked":"SKIP","floor":1},{"not_picked":["Sword Boomerang","Perfected Strike","Clash"],"picked":"SKIP","floor":4},{"not_picked":["Flex","Havoc","Armaments"],"picked":"SKIP","floor":5},{"not_picked":["Searing Blow","Flex"],"picked":"Anger","floor":6},{"not_picked":["Pummel","Headbutt","Carnage"],"picked":"SKIP","floor":12},{"not_picked":["Fire Breathing","Shrug It Off","Rage"],"picked":"SKIP","floor":14}],"player_experience":327460,"relics_obtained":[{"floor":6,"key":"Regal Pillow"},{"floor":9,"key":"Bottled Flame"}],"event_choices":[{"damage_healed":0,"gold_gain":0,"player_choice":"Ignored","damage_taken":0,"max_hp_gain":0,"max_hp_loss":0,"event_name":"Liars Game","floor":2,"gold_loss":0},{"damage_healed":0,"gold_gain":0,"player_choice":"Got Potions","damage_taken":0,"max_hp_gain":0,"max_hp_loss":0,"event_name":"Lab","floor":3,"gold_loss":0},{"damage_healed":0,"gold_gain":75,"player_choice":"Gather Gold","damage_taken":11,"max_hp_gain":0,"max_hp_loss":0,"event_name":"World of Goop","floor":8,"gold_loss":0},{"damage_healed":0,"gold_gain":0,"player_choice":"Donut","damage_taken":0,"max_hp_gain":5,"max_hp_loss":0,"event_name":"Big Fish","floor":11,"gold_loss":0}],"is_beta":false,"boss_relics":[],"items_purged_floors":[10,13],"is_endless":false,"potions_floor_spawned":[5],"killed_by":"Slime Boss","ascension_level":0}