{"gold_per_floor":[362,96,112,187,187,187,207,207,233,251,269,219,252,252,252,352,352,369,380,380,392,392,392,392,392,392,392,407,327,338,133,133,133],"floor_reached":33,"playtime":1508,"items_purged":["Strike_B","Strike_B+1"],"score":284,"play_id":"02ae95ea-42f0-4557-b0f5-018dcaa345d8","local_time":"20180730041718","is_ascension_mode":true,"campfire_choices":[{"data":"Zap","floor":6,"key":"SMITH"},{"data":"Self Repair","floor":8,"key":"SMITH"},{"floor":15,"key":"REST"},{"data":"Self Repair","floor":23,"key":"SMITH"},{"data":"Glacier","floor":27,"key":"SMITH"},{"data":"Defend_B","floor":32,"key":"SMITH"}],"neow_cost":"TEN_PERCENT_HP_LOSS","seed_source_timestamp":1571914392933101,"circlet_count":0,"master_deck":["Strike_B+1","Strike_B+1","Defend_B","Defend_B+1","Zap+1","Dualcast+1","Self Repair+1","Self Repair+1","Glacier+1","Necronomicurse"],"relics":["Cracked Core","Membership Card","Whetstone","Sundial","Oddly Smooth Stone","Lizard Tail","Necronomicon","Shuriken","Matryoshka"],"potions_floor_usage":[16,24,28],"damage_taken":[{"damage":0,"enemies":"Small Slimes","floor":1,"turns":3},{"damage":0,"enemies":"2 Louse","floor":3,"turns":2},{"damage":1,"enemies":"Cultist","floor":7,"turns":3},{"damage":7,"enemies":"Exordium Wildlife","floor":10,"turns":3},{"damage":0,"enemies":"3 Louse","floor":11,"turns":4},{"damage":20,"enemies":"Lagavulin","floor":13,"turns":6},{"damage":42,"enemies":"The Guardian","floor":16,"turns":11},{"damage":24,"enemies":"Chosen","floor":18,"turns":5},{"damage":15,"enemies":"Spheric Guardian","floor":19,"turns":4},{"damage":17,"enemies":"Snecko","floor":21,"turns":7},{"damage":5,"enemies":"3 Cultists","floor":24,"turns":3},{"damage":20,"enemies":"Sentry and Sphere","floor":28,"turns":7},{"damage":14,"enemies":"Snecko","floor":30,"turns":6},{"damage":112,"enemies":"Collector","floor":33,"turns":13}],"seed_played":"-6986967107435189656","potions_obtained":[{"floor":10,"key":"SteroidPotion"},{"floor":13,"key":"SmokeBomb"},{"floor":16,"key":"Dexterity Potion"},{"floor":30,"key":"SteroidPotion"}],"is_trial":false,"path_per_floor":["M","$","M","?","?","R","M","R","T","M","M","?","E","?","R","B",null,"M","M","?","M","?","R","M","?","T","R","M","$","M","$","R"],"character_chosen":"DEFECT","items_purchased":["Membership Card","Matryoshka"],"campfire_rested":1,"item_purchase_floors":[2,31],"current_hp_per_floor":[68,68,68,57,43,43,42,42,42,45,55,55,45,45,65,40,68,61,63,63,63,47,47,62,62,62,62,62,62,68,68,68,0],"gold":133,"neow_bonus":"TWO_FIFTY_GOLD","is_prod":false,"is_daily":false,"chose_seed":false,"campfire_upgraded":5,"win_rate":0,"timestamp":1532917038,"path_taken":["M","$","M","?","?","R","M","R","T","M","M","?","E","?","R","BOSS","M","M","?","M","?","R","M","?","T","R","M","$","M","$","R","BOSS"],"build_version":"2018-07-26","purchased_purges":2,"victory":false,"max_hp_per_floor":[68,68,68,68,68,68,68,68,68,68,68,68,68,68,68,68,68,68,68,68,68,68,68,68,68,68,68,68,68,68,68,68,68],"card_choices":[{"not_picked":["Sweeping Beam","Go for the Eyes","Reprogram"],"picked":"SKIP","floor":1},{"not_picked":["Skim","Cold Snap","Beam Cell"],"picked":"SKIP","floor":3},{"not_picked":["Skim","Cold Snap","Beam Cell"],"picked":"SKIP","floor":3},{"not_picked":["Tempest","Conserve Battery"],"picked":"Self Repair","floor":7},{"not_picked":["Sweeping Beam","Rebound","Go for the Eyes"],"picked":"SKIP","floor":10},{"not_picked":["Sweeping Beam","Rebound","Go for the Eyes"],"picked":"SKIP","floor":10},{"not_picked":["Turbo","Sweeping Beam","Ball Lightning"],"picked":"SKIP","floor":11},{"not_picked":["Amplify","Redo"],"picked":"Self Repair","floor":13},{"not_picked":["Steam Power+1","Stack","Ball Lightning"],"picked":"SKIP","floor":18},{"not_picked":["Gash+1","Redo","Turbo"],"picked":"SKIP","floor":19},{"not_picked":["Thunder Strike","Ball Lightning","Streamline+1"],"picked":"SKIP","floor":21},{"not_picked":["Recycle","Hologram","Undo"],"picked":"SKIP","floor":28},{"not_picked":["Coolheaded","Conserve Battery","Go for the Eyes"],"picked":"SKIP","floor":30}],"player_experience":345289,"relics_obtained":[{"floor":9,"key":"Whetstone"},{"floor":13,"key":"Sundial"},{"floor":22,"key":"Necronomicon"},{"floor":26,"key":"Shuriken"}],"event_choices":[{"event_name":"World of Goop","player_choice":"Gather Gold","floor":4,"damage_taken":0},{"event_name":"Shining Light","player_choice":"Entered Light","floor":5,"damage_taken":0},{"event_name":"The Cleric","player_choice":"Card Removal","floor":12,"damage_taken":0},{"event_name":"WeMeetAgain","player_choice":"Potion","floor":14,"damage_taken":0},{"event_name":"The Library","player_choice":"Read","floor":20,"damage_taken":0},{"event_name":"Cursed Tome","player_choice":"Obtained Book","floor":22,"damage_taken":0},{"event_name":"Purifier","player_choice":"One Purge","floor":25,"damage_taken":0}],"is_beta":false,"boss_relics":[{"not_picked":["Runic Dome","Calling Bell"],"picked":"Lizard Tail"}],"items_purged_floors":[2,29],"is_endless":false,"potions_floor_spawned":[10,13,16,30],"killed_by":"Collector","ascension_level":3}