{"gold_per_floor":[119,294,144,158,170,170,195,195,222,241,256,275,350,350,350,454,454,467,467,216,234,234,234,246,258,304,318,318,2,2,2,2,106,106,119,119,138,18,18,18,18,18,18,18,18,37,37,51,51,51],"floor_reached":51,"playtime":1794,"items_purged":["Doubt","Strike_B","Strike_B","Injury"],"score":913,"play_id":"4426f659-e2b2-4845-bec7-ebffc4ed0016","local_time":"20180827212240","is_ascension_mode":true,"campfire_choices":[{"data":"Reinforced Body","floor":6,"key":"SMITH"},{"data":"Zap","floor":8,"key":"SMITH"},{"floor":15,"key":"REST"},{"floor":23,"key":"REST"},{"floor":28,"key":"REST"},{"floor":30,"key":"REST"},{"data":"Reboot","floor":32,"key":"SMITH"},{"data":"Reinforced Body","floor":40,"key":"SMITH"},{"data":"Dualcast","floor":42,"key":"SMITH"},{"data":"Gash","floor":44,"key":"SMITH"},{"data":"Gash","floor":47,"key":"SMITH"},{"data":"All For One","floor":49,"key":"SMITH"}],"neow_cost":"TEN_PERCENT_HP_LOSS","seed_source_timestamp":333639127020094,"circlet_count":0,"master_deck":["Strike_B+1","Defend_B","Defend_B","Defend_B","Zap+1","Dualcast+1","Gash+1","Reinforced Body+1","Gash+1","Reinforced Body+1","Self Repair+1","All For One+1","All For One","Scrape+1","Reboot+1","Gash+1","Self Repair+1","Steam+1"],"relics":["FrozenCore","Dead Branch","Bag of Marbles","Art of War","DataDisk","Membership Card","Cursed Key"],"potions_floor_usage":[7,16,16,24,25,33,50],"damage_taken":[{"damage":2,"enemies":"Jaw Worm","floor":1,"turns":3},{"damage":0,"enemies":"2 Louse","floor":4,"turns":2},{"damage":0,"enemies":"Small Slimes","floor":5,"turns":4},{"damage":12,"enemies":"Lagavulin","floor":7,"turns":6},{"damage":3,"enemies":"Looter","floor":10,"turns":3},{"damage":0,"enemies":"Blue Slaver","floor":11,"turns":3},{"damage":10,"enemies":"3 Louse","floor":12,"turns":4},{"damage":20,"enemies":"The Guardian","floor":16,"turns":13},{"damage":29,"enemies":"2 Thieves","floor":18,"turns":5},{"damage":28,"enemies":"3 Byrds","floor":21,"turns":5},{"damage":26,"enemies":"Snake Plant","floor":24,"turns":5},{"damage":10,"enemies":"Centurion and Healer","floor":25,"turns":3},{"damage":0,"enemies":"Snecko","floor":27,"turns":3},{"damage":26,"enemies":"Collector","floor":33,"turns":7},{"damage":2,"enemies":"3 Shapes","floor":35,"turns":4},{"damage":0,"enemies":"Orb Walker","floor":37,"turns":3},{"damage":0,"enemies":"3 Darklings","floor":46,"turns":4},{"damage":15,"enemies":"Maw","floor":48,"turns":4},{"damage":52,"enemies":"Donu and Deca","floor":50,"turns":9}],"seed_played":"5825252623779043600","potions_obtained":[{"floor":1,"key":"AttackPotion"},{"floor":5,"key":"SkillPotion"},{"floor":11,"key":"Block Potion"},{"floor":12,"key":"PowerPotion"},{"floor":21,"key":"Weak Potion"},{"floor":24,"key":"Poison Potion"},{"floor":25,"key":"LiquidBronze"},{"floor":35,"key":"PowerPotion"}],"is_trial":false,"path_per_floor":["M","?","$","M","M","R","E","R","T","M","M","M","?","?","R","B",null,"M","?","$","M","?","R","M","M","T","M","R","$","R","?","R","B",null,"M","?","M","$","?","R","$","R","T","R","$","M","R","M","R","B"],"character_chosen":"DEFECT","items_purchased":["Reinforced Body","All For One","Membership Card"],"campfire_rested":4,"item_purchase_floors":[3,20,29],"current_hp_per_floor":[66,66,66,66,66,66,54,54,54,51,58,55,44,30,50,37,60,38,38,38,17,17,37,11,1,1,8,28,28,48,48,48,32,59,57,57,57,57,57,57,57,57,57,57,57,68,68,68,68,26],"gold":51,"neow_bonus":"ONE_RARE_RELIC","is_prod":false,"is_daily":false,"chose_seed":false,"campfire_upgraded":8,"win_rate":0,"timestamp":1535397760,"path_taken":["M","?","$","M","M","R","E","R","T","M","M","M","?","?","R","BOSS","M","?","$","M","?","R","M","M","T","M","R","$","R","?","R","BOSS","M","?","M","$","?","R","$","R","T","R","$","M","R","M","R","BOSS"],"build_version":"2018-08-23v2","purchased_purges":4,"victory":true,"max_hp_per_floor":[68,68,68,68,68,68,68,68,68,68,68,68,68,68,68,68,68,68,68,68,68,68,68,68,68,68,68,68,68,68,68,68,68,68,68,68,68,68,68,68,68,68,68,68,68,68,68,68,68,68],"card_choices":[{"not_picked":["Turbo","BootSequence"],"picked":"Gash","floor":1},{"not_picked":["Melter","Chaos","Rebound"],"picked":"SKIP","floor":4},{"not_picked":["Steam","Turbo"],"picked":"Gash","floor":5},{"not_picked":["Hyperbeam","Capacitor"],"picked":"Reinforced Body","floor":7},{"not_picked":["Cold Snap","Redo"],"picked":"Self Repair","floor":10},{"not_picked":["Turbo","Conserve Battery","Hologram"],"picked":"SKIP","floor":11},{"not_picked":["Sweeping Beam","Streamline","Hello World"],"picked":"SKIP","floor":12},{"not_picked":["Fission","Amplify"],"picked":"All For One","floor":16},{"not_picked":["Redo","Leap","Turbo"],"picked":"SKIP","floor":18},{"not_picked":["Steam","Coolheaded"],"picked":"Scrape+1","floor":21},{"not_picked":["Consume","Compile Driver+1","Force Field"],"picked":"SKIP","floor":24},{"not_picked":["Consume","Compile Driver+1","Force Field"],"picked":"SKIP","floor":24},{"not_picked":["Glacier","Conserve Battery"],"picked":"Gash","floor":25},{"not_picked":["Core Surge","Storm+1","Scrape"],"picked":"SKIP","floor":27},{"not_picked":["Multi-Cast","Electrodynamics"],"picked":"Machine Learning","floor":33},{"not_picked":["Beam Cell","Darkness+1","Defragment"],"picked":"SKIP","floor":35},{"not_picked":["Beam Cell+1","Ball Lightning"],"picked":"Self Repair+1","floor":37},{"not_picked":["Hologram","Compile Driver","Ball Lightning"],"picked":"SKIP","floor":46},{"not_picked":["Ball Lightning+1","Barrage"],"picked":"Steam+1","floor":48}],"player_experience":552173,"relics_obtained":[{"floor":7,"key":"Bag of Marbles"},{"floor":9,"key":"Art of War"},{"floor":26,"key":"DataDisk"}],"event_choices":[{"event_name":"Liars Game","player_choice":"agreed","floor":2,"damage_taken":0},{"event_name":"World of Goop","player_choice":"Gather Gold","floor":13,"damage_taken":0},{"event_name":"Shining Light","player_choice":"Entered Light","floor":14,"damage_taken":0},{"event_name":"Back to Basics","player_choice":"Elegance","floor":19,"damage_taken":0},{"event_name":"Transmorgrifier","player_choice":"Transform","floor":22,"damage_taken":0},{"event_name":"Accursed Blacksmith","player_choice":"Forge","floor":31,"damage_taken":0},{"event_name":"Tomb of Lord Red Mask","player_choice":"Ignored","floor":36,"damage_taken":0},{"event_name":"Falling","player_choice":"Removed Power","floor":39,"damage_taken":0}],"is_beta":false,"boss_relics":[{"not_picked":["White Beast Statue","Fusion Hammer"],"picked":"FrozenCore"},{"not_picked":["Inserter","Pandora\u0027s Box"],"picked":"Cursed Key"}],"items_purged_floors":[3,20,29,38],"is_endless":false,"potions_floor_spawned":[1,5,11,12,21,24,25,35],"ascension_level":9}