{"gold_per_floor":[110,126,143,155,166,166,193,193,193,121,134,161,173,173,173,277,277,288,213,193,213,232,232,232],"floor_reached":24,"playtime":3126,"items_purged":["Strike_R"],"score":212,"play_id":"52070ef1-7cd9-45a1-8981-345eeb96ef33","local_time":"20180721175549","is_ascension_mode":false,"campfire_choices":[{"floor":6,"key":"REST"},{"floor":8,"key":"REST"},{"data":"Inflame","floor":15,"key":"SMITH"},{"floor":23,"key":"REST"}],"neow_cost":"","seed_source_timestamp":687608370417063,"circlet_count":0,"master_deck":["Strike_R","Strike_R","Strike_R","Strike_R","Defend_R","Defend_R","Defend_R","Defend_R","Bash","Shrug It Off","Armaments","Rage","Clothesline","Clothesline","Whirlwind","Inflame","Inflame+1","Pommel Strike","Flame Barrier","Bludgeon","Ghostly Armor+1","Flame Barrier","Armaments+1","Impervious"],"relics":["Burning Blood","Happy Flower","Champion Belt","Kunai","Oddly Smooth Stone","Eternal Feather"],"potions_floor_usage":[7,12,16,22,22,22],"damage_taken":[{"damage":1,"enemies":"Cultist","floor":1,"turns":3},{"damage":4,"enemies":"Jaw Worm","floor":2,"turns":6},{"damage":9,"enemies":"Small Slimes","floor":3,"turns":4},{"damage":18,"enemies":"Exordium Wildlife","floor":4,"turns":6},{"damage":10,"enemies":"Exordium Thugs","floor":5,"turns":7},{"damage":32,"enemies":"Gremlin Nob","floor":7,"turns":5},{"damage":3,"enemies":"Looter","floor":11,"turns":3},{"damage":17,"enemies":"3 Sentries","floor":12,"turns":7},{"damage":7,"enemies":"Red Slaver","floor":13,"turns":4},{"damage":6,"enemies":"The Guardian","floor":16,"turns":11},{"damage":21,"enemies":"3 Byrds","floor":18,"turns":5},{"damage":7,"enemies":"2 Thieves","floor":20,"turns":4},{"damage":15,"enemies":"Centurion and Healer","floor":21,"turns":8},{"damage":35,"enemies":"Sentry and Sphere","floor":22,"turns":7},{"damage":71,"enemies":"Slavers","floor":24,"turns":6}],"seed_played":"4231198108595475898","potions_obtained":[{"floor":1,"key":"FearPotion"},{"floor":4,"key":"LiquidBronze"},{"floor":11,"key":"Regen Potion"},{"floor":12,"key":"Fire Potion"},{"floor":13,"key":"Strength Potion"},{"floor":20,"key":"FearPotion"},{"floor":22,"key":"FearPotion"}],"is_trial":false,"path_per_floor":["M","M","M","M","M","R","E","R","T","$","M","E","M","T","R","B",null,"M","$","M","M","M","R"],"character_chosen":"IRONCLAD","items_purchased":["Inflame"],"campfire_rested":3,"item_purchase_floors":[10],"current_hp_per_floor":[80,80,77,65,61,80,54,78,78,78,80,80,79,79,79,79,80,65,65,64,55,26,62,0],"gold":232,"neow_bonus":"","is_prod":false,"is_daily":false,"chose_seed":false,"campfire_upgraded":1,"win_rate":0.0,"timestamp":1532188549,"path_taken":["M","M","M","M","M","R","E","R","T","$","M","E","M","?","R","BOSS","M","$","M","?","M","R","E"],"build_version":"2018-07-19v2","purchased_purges":1,"victory":false,"max_hp_per_floor":[80,80,80,80,80,80,80,80,80,80,80,80,80,80,80,80,80,80,80,80,80,80,80,80],"card_choices":[{"not_picked":["Warcry","Sword Boomerang"],"picked":"Shrug It Off","floor":1},{"not_picked":["Power Through","Clash"],"picked":"Armaments","floor":2},{"not_picked":["Iron Wave","Dropkick"],"picked":"Rage","floor":3},{"not_picked":["Iron Wave","Clash"],"picked":"Clothesline","floor":4},{"not_picked":["Clash","Sword Boomerang"],"picked":"Clothesline","floor":5},{"not_picked":["Armaments","Pommel Strike"],"picked":"Whirlwind","floor":7},{"not_picked":["Exhume","Fire Breathing"],"picked":"Inflame","floor":11},{"not_picked":["Body Slam","Bloodletting"],"picked":"Pommel Strike","floor":12},{"not_picked":["Feel No Pain","Perfected Strike"],"picked":"Flame Barrier","floor":13},{"not_picked":["Double Tap","Feed"],"picked":"Bludgeon","floor":16},{"not_picked":["Entrench","Sword Boomerang"],"picked":"Ghostly Armor+1","floor":18},{"not_picked":["Clash","Sword Boomerang"],"picked":"Flame Barrier","floor":20},{"not_picked":["Pummel","Twin Strike"],"picked":"Armaments+1","floor":21},{"not_picked":["Havoc","Seeing Red"],"picked":"Impervious","floor":22}],"player_experience":97084,"relics_obtained":[{"floor":7,"key":"Happy Flower"},{"floor":9,"key":"Champion Belt"},{"floor":12,"key":"Kunai"},{"floor":14,"key":"Oddly Smooth Stone"}],"event_choices":[],"is_beta":false,"boss_relics":[{"not_picked":["Empty Cage","Runic Cube"],"picked":"Eternal Feather"}],"items_purged_floors":[19],"is_endless":false,"potions_floor_spawned":[1,4,11,12,13,20,22],"killed_by":"Slavers","ascension_level":0}