{"path_per_floor":["M","$","M","M","M","R","M","?","T","$","M","M","M","?","R"],"character_chosen":"DEFECT","items_purchased":["Swift Strike"],"gold_per_floor":[113,15,27,43,57,57,77,252,276,201,215,226,240,240,240,240],"floor_reached":16,"campfire_rested":1,"playtime":677,"current_hp_per_floor":[57,57,53,53,49,49,45,45,45,45,45,31,21,21,43,0],"items_purged":["Doubt"],"gold":240,"score":144,"play_id":"e861da05-52b2-45d3-9a11-bc9e1127c130","local_time":"20180517112305","is_prod":false,"is_daily":false,"chose_seed":false,"is_ascension_mode":true,"campfire_upgraded":1,"timestamp":1526570585,"campfire_choices":[{"data":"Darkness","floor":6,"key":"SMITH"},{"floor":15,"key":"REST"}],"path_taken":["M","$","M","M","M","R","M","?","T","$","M","M","M","?","R","BOSS"],"build_version":"2018-05-16","seed_source_timestamp":100502917797920,"purchased_purges":1,"victory":false,"master_deck":["Strike_B","Strike_B","Strike_B","Strike_B","Defend_B","Defend_B","Defend_B","Defend_B","Zap","Dualcast","AscendersBane","Chill","Swift Strike","Glacier","Darkness+1","Turbo","Hologram","Hyperbeam","Defragment"],"max_hp_per_floor":[75,75,75,75,75,75,75,75,75,75,75,75,75,75,75,75],"relics":["Cracked Core","Happy Flower","Dream Catcher"],"card_choices":[{"not_picked":["Stack","Blizzard"],"picked":"Chill","floor":1},{"not_picked":["Undo","Hologram"],"picked":"Glacier","floor":3},{"not_picked":["Capacitor","Go for the Eyes"],"picked":"Darkness","floor":4},{"not_picked":["Reinforced Body","Cold Snap"],"picked":"Turbo","floor":5},{"not_picked":["Force Field","Leap","Cold Snap"],"picked":"SKIP","floor":7},{"not_picked":["Coolheaded","Ball Lightning"],"picked":"Hologram","floor":11},{"not_picked":["Melter","Axe Kick"],"picked":"Hyperbeam","floor":12},{"not_picked":["Leap","Turbo","Loop"],"picked":"SKIP","floor":13},{"not_picked":["Turbo","Beam Cell"],"picked":"Defragment","floor":15}],"player_experience":98101,"potions_floor_usage":[7,16,16,16],"damage_taken":[{"damage":11,"enemies":"Small Slimes","floor":1,"turns":4},{"damage":4,"enemies":"2 Louse","floor":3,"turns":2},{"damage":0,"enemies":"Cultist","floor":4,"turns":4},{"damage":4,"enemies":"Blue Slaver","floor":5,"turns":4},{"damage":4,"enemies":"Exordium Thugs","floor":7,"turns":5},{"damage":0,"enemies":"Looter","floor":11,"turns":4},{"damage":14,"enemies":"Red Slaver","floor":12,"turns":3},{"damage":10,"enemies":"Exordium Thugs","floor":13,"turns":4},{"damage":46,"enemies":"The Guardian","floor":16,"turns":14}],"relics_obtained":[{"floor":9,"key":"Dream Catcher"}],"event_choices":[{"event_name":"Liars Game","player_choice":"agreed","floor":8,"damage_taken":0},{"event_name":"The Woman in Blue","player_choice":"Bought 0 Potions","floor":14,"damage_taken":0}],"boss_relics":[],"potions_floor_spawned":[1,3,7,11],"seed_played":"5611535028900046464","killed_by":"The Guardian","ascension_level":10,"potions_obtained":[{"floor":1,"key":"SpeedPotion"},{"floor":3,"key":"Poison Potion"},{"floor":7,"key":"AttackPotion"},{"floor":11,"key":"Weak Potion"}],"is_trial":false}