{"gold_per_floor":[117,117,117,131,142,142,169,169,169,169,344,357,357,357,357,455,785,803,478,393,393,379,379,379,379,404,83,96,129,139,155,155,155],"floor_reached":33,"playtime":1748,"items_purged":["Decay"],"score":314,"play_id":"f31a51ac-460e-473c-8914-4342ceab3a4f","local_time":"20190507143933","is_ascension_mode":true,"campfire_choices":[{"floor":6,"key":"REST"},{"floor":8,"key":"REST"},{"floor":13,"key":"REST"},{"data":"Loop","floor":15,"key":"SMITH"},{"floor":23,"key":"REST"},{"floor":32,"key":"REST"}],"neow_cost":"NONE","seed_source_timestamp":247178470420200,"circlet_count":0,"master_deck":["Strike_B","Strike_B","Strike_B+1","Strike_B+1","Defend_B","Defend_B","Defend_B","Defend_B","Zap","Dualcast","Loop+1","Chaos","Cold Snap","Gash","Doubt","Coolheaded","Buffer+1","Injury","Writhe","Conserve Battery","Doom and Gloom","Leap+1","Sweeping Beam","Creative AI+1"],"relics":["Cracked Core","Frozen Egg 2","Regal Pillow","Du-Vu Doll","Gambling Chip","Calling Bell","Old Coin","Tiny Chest","Matryoshka","Pen Nib","Mango","Gremlin Horn","Unceasing Top","Meat on the Bone","Whetstone","Symbiotic Virus","Dodecahedron"],"potions_floor_usage":[5,7,16,16,20,29,29,30,30,31,33],"damage_taken":[{"damage":12,"enemies":"Small Slimes","floor":1,"turns":4},{"damage":5,"enemies":"Jaw Worm","floor":4,"turns":4},{"damage":9,"enemies":"Cultist","floor":5,"turns":4},{"damage":18,"enemies":"Lagavulin","floor":7,"turns":5},{"damage":33,"enemies":"Exordium Thugs","floor":12,"turns":5},{"damage":28,"enemies":"Slime Boss","floor":16,"turns":8},{"damage":11,"enemies":"Shell Parasite","floor":18,"turns":5},{"damage":13,"enemies":"2 Thieves","floor":22,"turns":4},{"damage":8,"enemies":"Snake Plant","floor":28,"turns":3},{"damage":34,"enemies":"Slavers","floor":29,"turns":7},{"damage":4,"enemies":"Snecko","floor":30,"turns":5},{"damage":24,"enemies":"Centurion and Healer","floor":31,"turns":4},{"damage":90,"enemies":"Collector","floor":33,"turns":9}],"seed_played":"5998375656779681238","potions_obtained":[{"floor":4,"key":"EntropicBrew"},{"floor":5,"key":"EntropicBrew"},{"floor":29,"key":"PowerPotion"},{"floor":30,"key":"PowerPotion"},{"floor":31,"key":"EssenceOfSteel"}],"is_trial":false,"path_per_floor":["M","?","?","M","M","R","E","R","T","T","?","M","R","?","R","B",null,"M","$","?","T","M","R","?","?","T","$","M","E","M","M","R","B"],"character_chosen":"DEFECT","items_purchased":["Fruit Juice","Pen Nib","Symbiotic Virus","FocusPotion"],"campfire_rested":5,"item_purchase_floors":[19,19,27,27],"current_hp_per_floor":[63,56,56,51,42,64,46,68,68,68,68,35,72,65,65,52,75,64,64,83,83,70,94,94,75,75,75,67,45,53,41,85,0],"gold":155,"neow_bonus":"RANDOM_COLORLESS","is_prod":false,"is_daily":false,"chose_seed":false,"campfire_upgraded":1,"win_rate":0,"timestamp":1557254373,"path_taken":["M","?","?","M","?","R","E","R","T","?","?","M","R","?","R","BOSS","M","$","?","?","M","R","?","?","T","$","M","E","M","M","R","BOSS"],"build_version":"2019-01-23","purchased_purges":1,"victory":false,"max_hp_per_floor":[75,75,75,75,75,75,75,75,75,75,75,75,75,75,75,75,75,75,75,94,94,94,94,94,99,99,99,99,99,99,99,99,99],"card_choices":[{"not_picked":["Redo","Leap"],"picked":"Loop","floor":1},{"not_picked":["Go for the Eyes","Tempest"],"picked":"Cold Snap","floor":4},{"not_picked":["Sunder","Storm"],"picked":"Gash","floor":5},{"not_picked":["Turbo","Barrage","Sunder"],"picked":"SKIP","floor":7},{"not_picked":["Sunder","Skim"],"picked":"Coolheaded","floor":12},{"not_picked":["Thunder Strike","Seek"],"picked":"Buffer+1","floor":16},{"not_picked":["Barrage","Scrape"],"picked":"Conserve Battery","floor":18},{"not_picked":["Steam","Sweeping Beam"],"picked":"Doom and Gloom","floor":22},{"not_picked":["Gash","Streamline"],"picked":"Leap+1","floor":28},{"not_picked":["Redo+1","Gash"],"picked":"Sweeping Beam","floor":29},{"not_picked":["Steam+1","Cold Snap","Rebound"],"picked":"SKIP","floor":30},{"not_picked":["Melter","Compile Driver"],"picked":"Creative AI+1","floor":31}],"player_experience":135142,"relics_obtained":[{"floor":7,"key":"Frozen Egg 2"},{"floor":9,"key":"Regal Pillow"},{"floor":10,"key":"Du-Vu Doll"},{"floor":17,"key":"Old Coin"},{"floor":17,"key":"Tiny Chest"},{"floor":17,"key":"Matryoshka"},{"floor":21,"key":"Gremlin Horn"},{"floor":21,"key":"Unceasing Top"},{"floor":26,"key":"Meat on the Bone"},{"floor":26,"key":"Whetstone"},{"floor":29,"key":"Dodecahedron"}],"event_choices":[{"cards_removed":["Purity"],"damage_healed":0,"gold_gain":0,"player_choice":"Card Removal","damage_taken":7,"max_hp_gain":0,"max_hp_loss":0,"event_name":"Golden Wing","floor":2,"gold_loss":0},{"damage_healed":0,"gold_gain":0,"player_choice":"1 cards matched","damage_taken":0,"max_hp_gain":0,"max_hp_loss":0,"event_name":"Match and Keep!","floor":3,"gold_loss":0,"cards_obtained":["Chaos"]},{"damage_healed":0,"gold_gain":0,"player_choice":"1 cards matched","damage_taken":0,"max_hp_gain":0,"max_hp_loss":0,"event_name":"Match and Keep!","floor":3,"gold_loss":0,"cards_obtained":["Chaos"]},{"damage_healed":0,"gold_gain":175,"player_choice":"AGREE","damage_taken":0,"max_hp_gain":0,"max_hp_loss":0,"event_name":"Liars Game","floor":11,"gold_loss":0,"cards_obtained":["Doubt"]},{"damage_healed":0,"gold_gain":0,"player_choice":"Success","damage_taken":7,"relics_obtained":["Gambling Chip"],"max_hp_gain":0,"max_hp_loss":0,"event_name":"Scrap Ooze","floor":14,"gold_loss":0},{"damage_healed":0,"gold_gain":0,"player_choice":"Obtained Relic","damage_taken":0,"relics_obtained":["Mango"],"max_hp_gain":0,"max_hp_loss":0,"event_name":"Addict","floor":20,"gold_loss":85},{"damage_healed":0,"gold_gain":0,"player_choice":"Ignored","damage_taken":0,"max_hp_gain":0,"max_hp_loss":0,"event_name":"Ghosts","floor":24,"gold_loss":0},{"damage_healed":0,"gold_gain":0,"player_choice":"Shed Blood","damage_taken":24,"max_hp_gain":5,"max_hp_loss":0,"event_name":"Forgotten Altar","floor":25,"gold_loss":0}],"is_beta":false,"boss_relics":[{"not_picked":["Runic Dome","Inserter"],"picked":"Calling Bell"}],"items_purged_floors":[19],"is_endless":false,"potions_floor_spawned":[4,5,29,30,31],"killed_by":"Collector","ascension_level":2}