{"gold_per_floor":[117,117,192,50,69,87,87,115,162,196,208,208,222,246,246,341,341,353,75,0,20,110,110,128,160,160,234,234,263,263,6,6,105,105,116,129,139,157,157,190,190,190,190,208,208,228,228,240,240,240],"floor_reached":51,"playtime":2677,"items_purged":[],"score":863,"play_id":"ea60a5f3-b2fc-4b4d-aad9-542b8e5df54a","local_time":"20190505195051","is_ascension_mode":true,"campfire_choices":[{"floor":7,"key":"REST"},{"data":"Catalyst","floor":15,"key":"SMITH"},{"floor":23,"key":"REST"},{"floor":28,"key":"REST"},{"floor":32,"key":"REST"},{"floor":41,"key":"REST"},{"data":"Catalyst","floor":47,"key":"SMITH"},{"floor":49,"key":"REST"}],"neow_cost":"NONE","seed_source_timestamp":109406561536400,"circlet_count":0,"master_deck":["Survivor","Neutralize","Skewer","Dagger Throw","Backstab","Backflip","Tactician","Distraction","Accuracy","Quick Slash","Masterful Stab","Predator","After Image","Well Laid Plans","Deadly Poison","Poisoned Stab","Deadly Poison","Catalyst+1","Envenom+1","Infinite Blades","Blur","Catalyst+1","Corpse Explosion","Writhe"],"relics":["Pandora\u0027s Box","Anchor","Art of War","Bag of Preparation","Dream Catcher","Snake Skull","White Beast Statue","Bottled Tornado","Singing Bowl","PreservedInsect","Shuriken","Ancient Tea Set","Ornamental Fan","Runic Pyramid","Bronze Scales","Calipers"],"potions_floor_usage":[16,16,21,25,29,29,33,33,37,37,38,40,44,50,50,50],"damage_taken":[{"damage":0,"enemies":"Cultist","floor":1,"turns":2},{"damage":0,"enemies":"Small Slimes","floor":5,"turns":2},{"damage":0,"enemies":"2 Louse","floor":6,"turns":2},{"damage":8,"enemies":"Lagavulin","floor":8,"turns":6},{"damage":0,"enemies":"Gremlin Nob","floor":10,"turns":3},{"damage":0,"enemies":"Looter","floor":11,"turns":2},{"damage":1,"enemies":"Exordium Thugs","floor":13,"turns":3},{"damage":1,"enemies":"The Guardian","floor":16,"turns":5},{"damage":5,"enemies":"2 Thieves","floor":18,"turns":4},{"damage":10,"enemies":"Spheric Guardian","floor":21,"turns":5},{"damage":0,"enemies":"Cultist and Chosen","floor":24,"turns":5},{"damage":9,"enemies":"Book of Stabbing","floor":25,"turns":4},{"damage":48,"enemies":"Gremlin Leader","floor":29,"turns":5},{"damage":45,"enemies":"Collector","floor":33,"turns":4},{"damage":5,"enemies":"3 Darklings","floor":35,"turns":2},{"damage":9,"enemies":"Orb Walker","floor":36,"turns":3},{"damage":4,"enemies":"Jaw Worm Horde","floor":37,"turns":4},{"damage":33,"enemies":"Sphere and 2 Shapes","floor":38,"turns":6},{"damage":0,"enemies":"Giant Head","floor":40,"turns":5},{"damage":7,"enemies":"3 Darklings","floor":44,"turns":4},{"damage":6,"enemies":"Transient","floor":46,"turns":5},{"damage":25,"enemies":"Jaw Worm Horde","floor":48,"turns":3},{"damage":43,"enemies":"Donu and Deca","floor":50,"turns":4}],"seed_played":"-114087766701009719","potions_obtained":[{"floor":5,"key":"Block Potion"},{"floor":6,"key":"Energy Potion"},{"floor":10,"key":"Dexterity Potion"},{"floor":16,"key":"Block Potion"},{"floor":18,"key":"GhostInAJar"},{"floor":21,"key":"Regen Potion"},{"floor":25,"key":"AttackPotion"},{"floor":29,"key":"Swift Potion"},{"floor":33,"key":"LiquidBronze"},{"floor":35,"key":"EssenceOfSteel"},{"floor":36,"key":"Weak Potion"},{"floor":37,"key":"Swift Potion"},{"floor":38,"key":"Fire Potion"},{"floor":40,"key":"AttackPotion"},{"floor":44,"key":"FearPotion"},{"floor":46,"key":"Ancient Potion"}],"is_trial":false,"path_per_floor":["M","?","?","$","M","M","R","E","T","E","M","?","M","T","R","B",null,"M","$","?","M","?","R","M","E","T","T","R","E","?","$","R","B",null,"M","M","M","M","?","E","R","?","T","M","?","M","R","M","R","B",null],"character_chosen":"THE_SILENT","items_purchased":["After Image","Bottled Tornado","Infinite Blades","Ornamental Fan"],"campfire_rested":6,"item_purchase_floors":[4,19,19,31],"current_hp_per_floor":[70,63,52,52,52,52,70,62,62,62,62,62,61,61,61,60,70,65,65,65,55,41,62,62,53,53,53,72,35,35,35,59,14,76,73,66,64,33,54,56,83,85,85,80,80,76,76,53,83,40],"gold":240,"neow_bonus":"BOSS_RELIC","is_prod":false,"is_daily":false,"chose_seed":false,"campfire_upgraded":2,"win_rate":0,"timestamp":1557100251,"path_taken":["M","?","?","$","M","M","R","E","T","E","M","?","M","?","R","BOSS","M","$","?","M","?","R","?","E","T","?","R","E","?","$","R","BOSS","M","?","M","M","?","E","R","?","T","?","?","M","R","M","R","BOSS"],"build_version":"2019-01-23","purchased_purges":0,"victory":true,"max_hp_per_floor":[70,70,70,70,70,70,70,70,70,70,70,70,70,70,70,70,70,70,70,70,70,70,70,70,70,70,70,72,74,74,74,76,76,76,78,80,82,84,84,86,88,90,90,92,92,94,94,96,98,98],"card_choices":[{"not_picked":["Dagger Throw","Deflect","Flying Knee"],"picked":"SKIP","floor":1},{"not_picked":["Blade Dance","Distraction"],"picked":"Well Laid Plans","floor":5},{"not_picked":["Flying Knee","Deflect"],"picked":"Deadly Poison","floor":6},{"not_picked":["Finisher","Distraction"],"picked":"Poisoned Stab","floor":8},{"not_picked":["Malaise","Blade Dance"],"picked":"Deadly Poison","floor":10},{"not_picked":["Prepared","Flying Knee","Deflect"],"picked":"SKIP","floor":11},{"not_picked":["Prepared","Masterful Stab"],"picked":"Catalyst","floor":13},{"not_picked":["Night Terror","A Thousand Cuts"],"picked":"Envenom","floor":16},{"not_picked":["Dagger Spray","Slice","Tactician"],"picked":"SKIP","floor":18},{"not_picked":["Dodge and Roll","Acrobatics","Outmaneuver"],"picked":"SKIP","floor":21},{"not_picked":["Dodge and Roll","Skewer+1"],"picked":"Blur","floor":23},{"not_picked":["Poisoned Stab","Reflex","Concentrate"],"picked":"SKIP","floor":24},{"not_picked":["Acrobatics","Endless Agony"],"picked":"Catalyst","floor":25},{"not_picked":["Setup+1","Prepared","Bullet Time"],"picked":"Singing Bowl","floor":28},{"not_picked":["Deadly Poison","Poisoned Stab","Phantasmal Killer"],"picked":"Singing Bowl","floor":29},{"not_picked":["All Out Attack","Acrobatics","Underhanded Strike+1"],"picked":"Singing Bowl","floor":32},{"not_picked":["A Thousand Cuts","Envenom"],"picked":"Corpse Explosion","floor":33},{"not_picked":["Underhanded Strike","Quick Slash","Endless Agony+1"],"picked":"Singing Bowl","floor":35},{"not_picked":["Backflip+1","Flying Knee+1","Deadly Poison+1"],"picked":"Singing Bowl","floor":36},{"not_picked":["Well Laid Plans","Sucker Punch","Poisoned Stab"],"picked":"Singing Bowl","floor":37},{"not_picked":["Sucker Punch","Terror+1","Blade Dance+1"],"picked":"Singing Bowl","floor":38},{"not_picked":["Slice+1","Calculated Gamble","PiercingWail+1"],"picked":"Singing Bowl","floor":40},{"not_picked":["Calculated Gamble","Acrobatics","Deflect+1"],"picked":"Singing Bowl","floor":41},{"not_picked":["HandOfGreed","Panacea","PanicButton"],"picked":"Singing Bowl","floor":42},{"not_picked":["Underhanded Strike+1","Blur","Backflip"],"picked":"Singing Bowl","floor":44},{"not_picked":["Skewer","Quick Slash","Dagger Throw"],"picked":"Singing Bowl","floor":46},{"not_picked":["Cloak And Dagger+1","Deflect","Bane+1"],"picked":"Singing Bowl","floor":48},{"not_picked":["Predator","Prepared","Skewer"],"picked":"Singing Bowl","floor":49}],"player_experience":100654,"relics_obtained":[{"floor":8,"key":"Art of War"},{"floor":9,"key":"Bag of Preparation"},{"floor":10,"key":"Dream Catcher"},{"floor":14,"key":"Snake Skull"},{"floor":25,"key":"Singing Bowl"},{"floor":26,"key":"PreservedInsect"},{"floor":27,"key":"Shuriken"},{"floor":29,"key":"Ancient Tea Set"},{"floor":40,"key":"Bronze Scales"},{"floor":43,"key":"Calipers"}],"event_choices":[{"damage_healed":0,"gold_gain":0,"player_choice":"Success","damage_taken":7,"relics_obtained":["Anchor"],"max_hp_gain":0,"max_hp_loss":0,"event_name":"Scrap Ooze","floor":2,"gold_loss":0},{"damage_healed":0,"gold_gain":75,"player_choice":"Gather Gold","damage_taken":11,"max_hp_gain":0,"max_hp_loss":0,"event_name":"World of Goop","floor":3,"gold_loss":0},{"damage_healed":0,"gold_gain":0,"player_choice":"Ignored","damage_taken":0,"max_hp_gain":0,"max_hp_loss":0,"event_name":"Liars Game","floor":12,"gold_loss":0},{"damage_healed":0,"gold_gain":0,"player_choice":"Paid Fearfully","damage_taken":0,"max_hp_gain":0,"max_hp_loss":0,"event_name":"Masked Bandits","floor":20,"gold_loss":75},{"damage_healed":0,"gold_gain":90,"player_choice":"GOLD ","damage_taken":14,"max_hp_gain":0,"max_hp_loss":0,"event_name":"Knowing Skull","floor":22,"potions_obtained":[],"gold_loss":0,"cards_obtained":[]},{"damage_healed":0,"gold_gain":0,"player_choice":"Forge","damage_taken":0,"max_hp_gain":0,"max_hp_loss":0,"event_name":"Accursed Blacksmith","floor":30,"gold_loss":0,"cards_upgraded":["Envenom"]},{"damage_healed":21,"gold_gain":0,"player_choice":"Writhe","damage_taken":0,"max_hp_gain":0,"max_hp_loss":0,"event_name":"Winding Halls","floor":39,"gold_loss":0,"cards_obtained":["Writhe"]},{"damage_healed":0,"gold_gain":0,"player_choice":"Memory 1","damage_taken":0,"max_hp_gain":0,"max_hp_loss":0,"event_name":"SensoryStone","floor":42,"gold_loss":0},{"damage_healed":0,"gold_gain":0,"player_choice":"Ignored","damage_taken":0,"max_hp_gain":0,"max_hp_loss":0,"event_name":"Mysterious Sphere","floor":45,"gold_loss":0}],"is_beta":false,"boss_relics":[{"not_picked":["Eternal Feather","Busted Crown"],"picked":"White Beast Statue"},{"not_picked":["HoveringKite","Empty Cage"],"picked":"Runic Pyramid"}],"items_purged_floors":[],"is_endless":false,"potions_floor_spawned":[5,6,10,16,18,21,24,25,29,33,35,36,37,38,40,44,46,48],"ascension_level":1}