{"gold_per_floor":[115,128,193,149,299,314,330,330,330,330,295,295,314,22,22,22],"floor_reached":16,"playtime":824,"items_purged":[],"score":176,"play_id":"dfd5e259-8f5e-40d5-a5d5-e1b40f7ee222","local_time":"20181122081858","is_ascension_mode":true,"campfire_choices":[{"data":"Whirlwind","floor":8,"key":"SMITH"},{"data":"Shockwave","floor":12,"key":"SMITH"},{"data":"Offering","floor":15,"key":"SMITH"}],"neow_cost":"NONE","seed_source_timestamp":0,"circlet_count":0,"master_deck":["AscendersBane","Strike_R","Strike_R","Strike_R","Strike_R","Strike_R","Defend_R","Defend_R","Defend_R","Defend_R","Bash","Offering+1","Cleave","Clash","Shockwave+1","Doubt","Corruption","Whirlwind+1","Flame Barrier","Battle Trance","Reaper","Dropkick"],"special_seed":0,"relics":["Burning Blood","Meat on the Bone"],"potions_floor_usage":[],"damage_taken":[{"damage":9.0,"enemies":"2 Louse","floor":1.0,"turns":3.0},{"damage":7.0,"enemies":"Small Slimes","floor":2.0,"turns":3.0},{"damage":13,"enemies":"Jaw Worm","floor":6,"turns":5},{"damage":9,"enemies":"Large Slime","floor":7,"turns":5},{"damage":12,"enemies":"Exordium Wildlife","floor":13,"turns":3},{"damage":68,"enemies":"Hexaghost","floor":16,"turns":9}],"seed_played":"4900519129800083694","potions_obtained":[{"floor":2.0,"key":"Regen Potion"},{"floor":7,"key":"GamblersBrew"}],"is_trial":false,"path_per_floor":["M","M","M","?","$","?","M","M","R","T","?","?","R","M","$","R","B"],"character_chosen":"IRONCLAD","items_purchased":["Shockwave","Battle Trance","Reaper","Dropkick"],"campfire_rested":0,"item_purchase_floors":[4,14,14,14],"current_hp_per_floor":[65,64,64,64,64,57,54,54,54,54,72,72,66,66,66,0],"gold":22,"neow_bonus":"ONE_RANDOM_RARE_CARD","is_prod":false,"is_daily":false,"chose_seed":false,"campfire_upgraded":3,"win_rate":0,"timestamp":1542892738,"path_taken":["M","M","?","$","?","M","M","R","T","?","?","R","M","?","R","BOSS"],"build_version":"2018-11-15","purchased_purges":0,"victory":false,"max_hp_per_floor":[75,75,75,75,75,75,75,75,75,75,75,75,75,75,75,75],"card_choices":[{"not_picked":["Havoc","Clothesline"],"picked":"Cleave","floor":1.0},{"not_picked":["Bloodletting","Ghostly Armor"],"picked":"Clash","floor":2.0},{"not_picked":["Headbutt","Disarm"],"picked":"Corruption","floor":6},{"not_picked":["Anger","Rage"],"picked":"Whirlwind","floor":7},{"not_picked":["Reckless Charge","Sword Boomerang"],"picked":"Flame Barrier","floor":13}],"player_experience":763353,"relics_obtained":[{"floor":9,"key":"Meat on the Bone"}],"event_choices":[{"damage_healed":0.0,"max_hp_gain":0.0,"max_hp_loss":0.0,"gold_gain":65.0,"event_name":"Golden Wing","player_choice":"Gained Gold","floor":3.0,"gold_loss":0.0,"damage_taken":0.0},{"damage_healed":0.0,"max_hp_gain":0.0,"max_hp_loss":0.0,"gold_gain":150.0,"event_name":"Liars Game","player_choice":"AGREE","floor":5.0,"gold_loss":0.0,"damage_taken":0.0,"cards_obtained":["Doubt"]},{"damage_healed":0,"gold_gain":0,"player_choice":"Searched \u00270\u0027 times","damage_taken":0,"max_hp_gain":0,"max_hp_loss":0,"event_name":"Dead Adventurer","floor":10,"gold_loss":0},{"damage_healed":18,"gold_gain":0,"player_choice":"Healed","damage_taken":0,"max_hp_gain":0,"max_hp_loss":0,"event_name":"The Cleric","floor":11,"gold_loss":35}],"is_beta":false,"boss_relics":[],"items_purged_floors":[],"is_endless":false,"potions_floor_spawned":[2,7],"killed_by":"Hexaghost","ascension_level":19}