{"gold_per_floor":[117,135,135,135,51,95,95,108,187,187,187,25,25,59,59,152,152,170,170,183,183,183,183,222,222,222,222],"floor_reached":27,"playtime":743,"items_purged":["Strike_B"],"score":470,"play_id":"0971ca83-16de-4d73-8d06-623c347e925c","local_time":"20190429221851","is_ascension_mode":true,"campfire_choices":[{"data":"Defragment","floor":7.0,"key":"SMITH"},{"floor":10.0,"key":"REST"},{"data":"Dualcast","floor":15.0,"key":"SMITH"},{"floor":23,"key":"REST"},{"data":"Coolheaded","floor":25,"key":"SMITH"}],"neow_cost":"TEN_PERCENT_HP_LOSS","seed_source_timestamp":428704744521749,"circlet_count":0,"master_deck":["AscendersBane","Defend_B","Zap","Dualcast+1","Coolheaded+1","Glacier","Defragment+1","Recycle","Hologram","Darkness+1","Loop","Rainbow+1","Turbo+1","Go for the Eyes+1","Steam Power+1"],"special_seed":0,"relics":["Cracked Core","Golden Idol","PreservedInsect","Toxic Egg 2","Odd Mushroom","Empty Cage","Nilry\u0027s Codex","MutagenicStrength","Blue Candle","Potion Belt"],"potions_floor_usage":[],"damage_taken":[{"damage":14.0,"enemies":"Small Slimes","floor":1.0,"turns":4.0},{"damage":4.0,"enemies":"2 Louse","floor":2.0,"turns":2.0},{"damage":16.0,"enemies":"3 Sentries","floor":6.0,"turns":18.0},{"damage":12.0,"enemies":"Jaw Worm","floor":8.0,"turns":5.0},{"damage":0.0,"enemies":"Gremlin Nob","floor":11.0,"turns":1.0},{"damage":0.0,"enemies":"The Mushroom Lair","floor":14.0,"turns":6.0},{"damage":25.0,"enemies":"Slime Boss","floor":16.0,"turns":13.0},{"damage":10.0,"enemies":"Shell Parasite","floor":18.0,"turns":4.0},{"damage":6.0,"enemies":"3 Byrds","floor":20.0,"turns":4.0},{"damage":10,"enemies":"Book of Stabbing","floor":24,"turns":4},{"damage":16,"enemies":"3 Cultists","floor":27,"turns":4}],"seed_played":"2598436096977862345","potions_obtained":[{"floor":1.0,"key":"Explosive Potion"},{"floor":6.0,"key":"SmokeBomb"}],"is_trial":false,"path_per_floor":["M","M","?","?","$","E","R","M","T","R","E","$","?","?","R","B",null,"M","?","M","?","?","R","E","R","T","M"],"character_chosen":"DEFECT","items_purchased":["Defragment","Darkness+1"],"campfire_rested":2,"item_purchase_floors":[5,12],"current_hp_per_floor":[50,46,39,39,39,23,23,11,11,28,28,28,28,28,28,3,44,34,34,28,7,7,24,14,14,14,0],"gold":222,"neow_bonus":"REMOVE_TWO","is_prod":false,"is_daily":false,"chose_seed":false,"campfire_upgraded":3,"win_rate":0,"timestamp":1556547531,"path_taken":["M","M","?","?","$","E","R","M","T","R","E","$","?","?","R","BOSS","M","?","M","?","?","R","E","R","T","?"],"build_version":"2019-01-23","purchased_purges":1,"victory":false,"max_hp_per_floor":[64,64,64,58,58,58,58,58,58,58,58,58,58,58,58,58,58,58,58,58,58,58,58,58,58,58,58],"card_choices":[{"not_picked":["Melter","Go for the Eyes"],"picked":"Coolheaded","floor":1.0},{"not_picked":["Sweeping Beam","Conserve Battery"],"picked":"Glacier","floor":2.0},{"not_picked":["Cold Snap","Redo"],"picked":"Recycle","floor":6.0},{"not_picked":["Leap","Rebound"],"picked":"Hologram","floor":8.0},{"not_picked":["Defragment","Barrage"],"picked":"Loop","floor":14.0},{"not_picked":["Buffer","Machine Learning"],"picked":"Rainbow+1","floor":16.0},{"not_picked":["Self Repair","Stack+1"],"picked":"Turbo+1","floor":18.0},{"not_picked":["Stack+1","Barrage"],"picked":"Go for the Eyes+1","floor":20.0},{"not_picked":["Steam Power+1","Rip and Tear","Rebound"],"picked":"SKIP","floor":24},{"not_picked":["Rip and Tear","Rebound"],"picked":"Steam Power+1","floor":24}],"player_experience":1513182,"relics_obtained":[{"floor":6.0,"key":"PreservedInsect"},{"floor":9.0,"key":"Toxic Egg 2"},{"floor":14.0,"key":"Odd Mushroom"},{"floor":21.0,"key":"Nilry\u0027s Codex"},{"floor":24,"key":"Blue Candle"},{"floor":26,"key":"Potion Belt"}],"event_choices":[{"cards_removed":["Defend_B"],"damage_healed":0.0,"max_hp_gain":0.0,"max_hp_loss":0.0,"gold_gain":0.0,"event_name":"Golden Wing","player_choice":"Card Removal","floor":3.0,"gold_loss":0.0,"damage_taken":7.0},{"damage_healed":0.0,"max_hp_gain":0.0,"max_hp_loss":6.0,"gold_gain":0.0,"event_name":"Golden Idol","player_choice":"Lose Max HP","floor":4.0,"gold_loss":0.0,"damage_taken":0.0,"relics_obtained":["Golden Idol"]},{"cards_removed":["Strike_B"],"damage_healed":0.0,"max_hp_gain":0.0,"max_hp_loss":0.0,"gold_gain":0.0,"event_name":"Living Wall","player_choice":"Forget","floor":13.0,"gold_loss":0.0,"damage_taken":0.0},{"damage_healed":0.0,"max_hp_gain":0.0,"max_hp_loss":0.0,"gold_gain":0.0,"event_name":"Mushrooms","player_choice":"Fought Mushrooms","floor":14.0,"gold_loss":0.0,"damage_taken":0.0},{"damage_healed":0.0,"max_hp_gain":0.0,"max_hp_loss":0.0,"gold_gain":0.0,"event_name":"The Mausoleum","player_choice":"Ignored","floor":19.0,"gold_loss":0.0,"damage_taken":0.0},{"damage_healed":0.0,"max_hp_gain":0.0,"max_hp_loss":0.0,"gold_gain":0.0,"event_name":"Cursed Tome","player_choice":"Obtained Book","floor":21.0,"gold_loss":0.0,"damage_taken":21.0},{"damage_healed":0,"gold_gain":0,"player_choice":"Inject Mutagens","damage_taken":0,"relics_obtained":["MutagenicStrength"],"max_hp_gain":0,"max_hp_loss":0,"event_name":"Drug Dealer","floor":22,"gold_loss":0}],"is_beta":false,"boss_relics":[{"not_picked":["Snecko Eye","Eternal Feather"],"picked":"Empty Cage"}],"items_purged_floors":[12],"is_endless":false,"potions_floor_spawned":[1,6,11],"killed_by":"3 Cultists","ascension_level":20}