{"gold_per_floor":[115,131,145,145,145,173,173,208,302,314,359,371,399,0,0,74,74,85,85,1,20,33,0,50,50,50,50,67,86,86,97,97,173,173,190,210,6,19,19,19,19,19,19,34,48,48,63,74,74,74],"floor_reached":51,"playtime":3739,"items_purged":["Strike_G"],"score":1207,"play_id":"3d8632a6-e4b1-4b07-bcd3-df6c3682f273","local_time":"20190508161405","is_ascension_mode":true,"campfire_choices":[{"floor":7.0,"key":"REST"},{"floor":10.0,"key":"REST"},{"data":"Crippling Poison","floor":12.0,"key":"SMITH"},{"floor":15.0,"key":"REST"},{"data":"Malaise","floor":25.0,"key":"SMITH"},{"data":"Acrobatics","floor":27.0,"key":"SMITH"},{"floor":30.0,"key":"REST"},{"data":"Catalyst","floor":32.0,"key":"SMITH"},{"data":"Storm of Steel","floor":40.0,"key":"SMITH"},{"data":"After Image","floor":46.0,"key":"SMITH"},{"floor":49.0,"key":"REST"}],"neow_cost":"NONE","seed_source_timestamp":0,"circlet_count":0,"master_deck":["AscendersBane","Defend_G","Defend_G","Defend_G","Defend_G","Defend_G","Strike_G","Strike_G","Strike_G","Survivor","Neutralize","Backflip","All Out Attack","Acrobatics+1","Poisoned Stab","Crippling Poison+1","Catalyst+1","Malaise+1","Crippling Poison","Crippling Poison","Cloak And Dagger+1","Footwork+1","Storm of Steel+1","Tactician","Blade Dance","After Image+1","Endless Agony+1"],"special_seed":0,"relics":["Ring of the Snake","NeowsBlessing","Dead Branch","MawBank","Pear","Pen Nib","Tough Bandages","Cursed Key","Enchiridion","Lizard Tail","Regal Pillow"],"potions_floor_usage":[50,50],"damage_taken":[{"damage":0.0,"enemies":"Cultist","floor":1.0,"turns":1.0},{"damage":0.0,"enemies":"2 Louse","floor":2.0,"turns":1.0},{"damage":0.0,"enemies":"Jaw Worm","floor":3.0,"turns":1.0},{"damage":34.0,"enemies":"3 Sentries","floor":6.0,"turns":9.0},{"damage":33.0,"enemies":"Gremlin Nob","floor":8.0,"turns":4.0},{"damage":10.0,"enemies":"3 Sentries","floor":11.0,"turns":4.0},{"damage":3.0,"enemies":"Blue Slaver","floor":13.0,"turns":4.0},{"damage":34.0,"enemies":"The Guardian","floor":16.0,"turns":11.0},{"damage":1.0,"enemies":"Spheric Guardian","floor":18.0,"turns":4.0},{"damage":0.0,"enemies":"3 Byrds","floor":21.0,"turns":4.0},{"damage":3.0,"enemies":"Snecko","floor":22.0,"turns":5.0},{"damage":3.0,"enemies":"3 Cultists","floor":28.0,"turns":4.0},{"damage":0.0,"enemies":"Cultist and Chosen","floor":29.0,"turns":4.0},{"damage":1.0,"enemies":"Chosen and Byrds","floor":31.0,"turns":6.0},{"damage":29.0,"enemies":"Champ","floor":33.0,"turns":16.0},{"damage":11.0,"enemies":"3 Darklings","floor":35.0,"turns":4.0},{"damage":0.0,"enemies":"3 Shapes","floor":36.0,"turns":5.0},{"damage":0.0,"enemies":"Jaw Worm Horde","floor":38.0,"turns":4.0},{"damage":6.0,"enemies":"Spire Growth","floor":44.0,"turns":4.0},{"damage":0.0,"enemies":"4 Shapes","floor":45.0,"turns":5.0},{"damage":12.0,"enemies":"Maw","floor":47.0,"turns":7.0},{"damage":18.0,"enemies":"3 Darklings","floor":48.0,"turns":3.0},{"damage":100,"enemies":"Awakened One","floor":50,"turns":23}],"seed_played":"-5664350775700240977","potions_obtained":[{"floor":3.0,"key":"Strength Potion"},{"floor":8.0,"key":"Energy Potion"},{"floor":11.0,"key":"GamblersBrew"},{"floor":28.0,"key":"Fire Potion"},{"floor":29.0,"key":"Weak Potion"},{"floor":44.0,"key":"Energy Potion"}],"is_trial":false,"path_per_floor":["M","M","M","?","?","E","R","E","T","R","E","R","M","$","R","B",null,"M","?","$","M","M","?","?","R","T","R","M","M","R","M","R","B",null,"M","M","$","M","?","R","$","?","T","M","M","R","M","M","R","B",null],"character_chosen":"THE_SILENT","items_purchased":["Tough Bandages","Regen Potion","Regal Pillow","Tactician"],"campfire_rested":5,"item_purchase_floors":[14,20,37,37],"current_hp_per_floor":[59,59,59,52,52,18,37,4,14,36,26,26,23,23,45,11,60,59,38,38,52,49,49,42,42,42,42,39,39,61,60,60,31,65,54,54,54,54,54,54,54,54,54,48,48,48,36,18,54,4],"gold":74,"neow_bonus":"THREE_ENEMY_KILL","is_prod":false,"is_daily":false,"chose_seed":false,"campfire_upgraded":6,"win_rate":0,"timestamp":1557299645,"path_taken":["M","?","M","?","?","E","R","E","T","R","E","R","M","$","R","BOSS","M","?","$","M","M","?","?","R","T","R","M","M","R","M","R","BOSS","M","?","$","M","?","R","$","?","T","M","?","R","M","M","R","BOSS"],"build_version":"2019-01-23","purchased_purges":1,"victory":true,"max_hp_per_floor":[66,66,66,66,66,66,66,66,76,76,76,76,76,76,76,76,76,76,76,76,76,76,76,76,76,76,76,76,76,76,76,76,76,76,76,76,76,76,72,72,72,72,72,72,72,72,72,72,72,72],"card_choices":[{"not_picked":["Acrobatics","Flying Knee"],"picked":"Backflip","floor":1.0},{"not_picked":["Prepared","Outmaneuver"],"picked":"All Out Attack","floor":2.0},{"not_picked":["Backflip","Flying Knee"],"picked":"Acrobatics","floor":3.0},{"not_picked":["All Out Attack","Expertise"],"picked":"Poisoned Stab","floor":6.0},{"not_picked":["Sucker Punch","Bane","Setup"],"picked":"SKIP","floor":8.0},{"not_picked":["Catalyst","Tools of the Trade"],"picked":"Crippling Poison","floor":11.0},{"not_picked":["Underhanded Strike","Sucker Punch"],"picked":"Catalyst","floor":13.0},{"not_picked":["Unload","Wraith Form v2"],"picked":"Malaise","floor":16.0},{"not_picked":["Escape Plan","Bane"],"picked":"Crippling Poison","floor":18.0},{"not_picked":["Infinite Blades","Slice+1"],"picked":"Crippling Poison","floor":21.0},{"not_picked":["Dodge and Roll","Slice"],"picked":"Cloak And Dagger+1","floor":22.0},{"not_picked":["Outmaneuver","Crippling Poison"],"picked":"Footwork+1","floor":28.0},{"not_picked":["Setup","Sucker Punch","Outmaneuver"],"picked":"SKIP","floor":29.0},{"not_picked":["Flying Knee","Poisoned Stab","Bane"],"picked":"SKIP","floor":31.0},{"not_picked":["Malaise","Envenom"],"picked":"Storm of Steel","floor":33.0},{"not_picked":["Dagger Throw+1","Dodge and Roll","Poisoned Stab"],"picked":"SKIP","floor":35.0},{"not_picked":["Flying Knee","Choke","Crippling Poison"],"picked":"SKIP","floor":36.0},{"not_picked":["Dodge and Roll","Sucker Punch"],"picked":"Blade Dance","floor":38.0},{"not_picked":["Dagger Throw+1","Outmaneuver","Sucker Punch"],"picked":"SKIP","floor":44.0},{"not_picked":["Catalyst","Dodge and Roll"],"picked":"After Image","floor":45.0},{"not_picked":["Masterful Stab","Acrobatics"],"picked":"Endless Agony+1","floor":47.0},{"not_picked":["Dagger Throw","Quick Slash","Acrobatics"],"picked":"SKIP","floor":48.0}],"player_experience":768693,"relics_obtained":[{"floor":6.0,"key":"Dead Branch"},{"floor":8.0,"key":"MawBank"},{"floor":9.0,"key":"Pear"},{"floor":11.0,"key":"Pen Nib"},{"floor":19.0,"key":"Enchiridion"}],"event_choices":[{"cards_removed":["Strike_G"],"damage_healed":0.0,"max_hp_gain":0.0,"max_hp_loss":0.0,"gold_gain":0.0,"event_name":"Golden Wing","player_choice":"Card Removal","floor":4.0,"gold_loss":0.0,"damage_taken":7.0},{"damage_healed":0.0,"max_hp_gain":0.0,"max_hp_loss":0.0,"gold_gain":0.0,"event_name":"Liars Game","player_choice":"Ignored","floor":5.0,"gold_loss":0.0,"damage_taken":0.0},{"damage_healed":0.0,"max_hp_gain":0.0,"max_hp_loss":0.0,"gold_gain":0.0,"event_name":"Cursed Tome","player_choice":"Obtained Book","floor":19.0,"gold_loss":0.0,"damage_taken":21.0},{"damage_healed":0.0,"max_hp_gain":0.0,"max_hp_loss":0.0,"gold_gain":0.0,"event_name":"Masked Bandits","player_choice":"Paid Fearfully","floor":23.0,"gold_loss":33.0,"damage_taken":0.0},{"damage_healed":0.0,"max_hp_gain":0.0,"max_hp_loss":0.0,"gold_gain":50.0,"event_name":"FaceTrader","player_choice":"Touch","floor":24.0,"gold_loss":0.0,"damage_taken":7.0},{"damage_healed":0.0,"max_hp_gain":0.0,"max_hp_loss":4.0,"gold_gain":0.0,"event_name":"Winding Halls","player_choice":"Max HP","floor":39.0,"gold_loss":0.0,"damage_taken":0.0},{"damage_healed":0.0,"max_hp_gain":0.0,"max_hp_loss":0.0,"gold_gain":0.0,"event_name":"Match and Keep!","player_choice":"0 cards matched","floor":42.0,"gold_loss":0.0,"damage_taken":0.0,"cards_obtained":[]}],"is_beta":false,"boss_relics":[{"not_picked":["Fusion Hammer","Astrolabe"],"picked":"Cursed Key"},{"not_picked":["White Beast Statue","Ring of the Serpent"],"picked":"Lizard Tail"}],"items_purged_floors":[14],"is_endless":false,"potions_floor_spawned":[3,8,11,28,29,31,44],"ascension_level":19}