{"gold_per_floor":[109,384,404,259,269,269,284,319,319,319,319,371,371,389,389,464,464,480,141,155,155],"floor_reached":21,"playtime":889,"items_purged":[],"score":340,"play_id":"1f4516ff-6714-45f1-9bd9-44e3799caa62","local_time":"20181113150835","is_ascension_mode":true,"campfire_choices":[{"data":"Noxious Fumes","floor":6,"key":"SMITH"},{"data":"Choke","floor":10,"key":"SMITH"},{"floor":13,"key":"REST"},{"data":"Footwork","floor":15,"key":"SMITH"}],"neow_cost":"NONE","seed_source_timestamp":720363259704530,"circlet_count":0,"master_deck":["AscendersBane","Defend_G","Defend_G","Defend_G","Defend_G","Defend_G","Strike_G","Strike_G","Strike_G","Strike_G","Strike_G","Survivor","Neutralize","Noxious Fumes+1","Well Laid Plans","Terror","Swift Strike","PiercingWail","Adrenaline","Choke+1","Footwork+1","Envenom","Leg Sweep","Night Terror","Master of Strategy","Riddle With Holes","Deflect"],"relics":["Ring of the Snake","Omamori","Matryoshka","Happy Flower","Mercury Hourglass","Cursed Key"],"potions_floor_usage":[8,8,18,21],"damage_taken":[{"damage":14,"enemies":"Small Slimes","floor":1,"turns":6},{"damage":4,"enemies":"Cultist","floor":3,"turns":5},{"damage":3,"enemies":"2 Louse","floor":5,"turns":3},{"damage":6,"enemies":"Large Slime","floor":7,"turns":5},{"damage":23,"enemies":"Lagavulin","floor":8,"turns":7},{"damage":11,"enemies":"Looter","floor":14,"turns":3},{"damage":8,"enemies":"Hexaghost","floor":16,"turns":9},{"damage":6,"enemies":"3 Byrds","floor":18,"turns":5},{"damage":0,"enemies":"Spheric Guardian","floor":20,"turns":5},{"damage":19,"enemies":"Colosseum Slavers","floor":21,"turns":5},{"damage":66,"enemies":"Colosseum Nobs","floor":21,"turns":4}],"seed_played":"6347099665363610365","potions_obtained":[{"floor":5,"key":"SkillPotion"},{"floor":7,"key":"Regen Potion"},{"floor":8,"key":"SteroidPotion"},{"floor":16,"key":"EssenceOfSteel"}],"is_trial":false,"path_per_floor":["M","?","M","$","M","R","M","E","T","R","?","?","R","M","R","B",null,"M","$","M","?"],"character_chosen":"THE_SILENT","items_purchased":["Terror","Swift Strike","Night Terror","Master of Strategy","Riddle With Holes"],"campfire_rested":1,"item_purchase_floors":[4,4,19,19,19],"current_hp_per_floor":[45,45,41,41,38,38,32,24,24,24,24,24,43,32,32,24,56,50,50,50,0],"gold":155,"neow_bonus":"RANDOM_COMMON_RELIC","is_prod":false,"is_daily":false,"chose_seed":false,"campfire_upgraded":3,"win_rate":0,"timestamp":1542139715,"path_taken":["M","?","?","$","M","R","M","E","T","R","?","?","R","M","R","BOSS","M","$","M","?"],"build_version":"2018-11-08","purchased_purges":0,"victory":false,"max_hp_per_floor":[66,66,66,66,66,66,66,66,66,66,66,66,66,66,66,66,66,66,66,66,66],"card_choices":[{"not_picked":["Slice","Masterful Stab"],"picked":"Noxious Fumes","floor":1},{"not_picked":["Dagger Spray","Bane"],"picked":"Well Laid Plans","floor":3},{"not_picked":["Flying Knee","Slice"],"picked":"PiercingWail","floor":5},{"not_picked":["Heel Hook","Crippling Poison"],"picked":"Adrenaline","floor":7},{"not_picked":["Escape Plan","Backstab"],"picked":"Choke","floor":8},{"not_picked":["Prepared","Cloak And Dagger"],"picked":"Footwork","floor":14},{"not_picked":["Grand Finale","Storm of Steel"],"picked":"Envenom","floor":16},{"not_picked":["Terror","Outmaneuver"],"picked":"Leg Sweep","floor":18},{"not_picked":["Dagger Throw","Sucker Punch"],"picked":"Deflect","floor":20}],"player_experience":720226,"relics_obtained":[{"floor":8,"key":"Matryoshka"},{"floor":9,"key":"Happy Flower"},{"floor":9,"key":"Mercury Hourglass"}],"event_choices":[{"damage_healed":0,"gold_gain":275,"player_choice":"Desecrate","damage_taken":0,"max_hp_gain":0,"max_hp_loss":0,"event_name":"Golden Shrine","floor":2,"gold_loss":0,"cards_obtained":["Regret"]},{"damage_healed":0,"gold_gain":0,"player_choice":"Ignored","damage_taken":0,"max_hp_gain":0,"max_hp_loss":0,"event_name":"Shining Light","floor":11,"gold_loss":0},{"damage_healed":0,"gold_gain":52,"player_choice":"Gained Gold","damage_taken":0,"max_hp_gain":0,"max_hp_loss":0,"event_name":"Golden Wing","floor":12,"gold_loss":0},{"damage_healed":0,"gold_gain":0,"player_choice":"Fight","damage_taken":0,"max_hp_gain":0,"max_hp_loss":0,"event_name":"Colosseum","floor":21,"gold_loss":0},{"damage_healed":0,"gold_gain":0,"player_choice":"Fought Nobs","damage_taken":0,"max_hp_gain":0,"max_hp_loss":0,"event_name":"Colosseum","floor":21,"gold_loss":0}],"is_beta":false,"boss_relics":[{"not_picked":["Runic Pyramid","Orrery"],"picked":"Cursed Key"}],"items_purged_floors":[],"is_endless":false,"potions_floor_spawned":[5,7,8,16,21],"killed_by":"Colosseum Nobs","ascension_level":18}