{"gold_per_floor":[118,43,17,17,17,50,68,68,93,93,120,120,43,61,61,135,135,151,151,151,151,0,0,20,20,71,71,71,106,106],"floor_reached":30,"playtime":931,"items_purged":["Strike_G"],"score":550,"play_id":"f724958a-ee98-44a1-9c77-b28de8bc754e","local_time":"20190426033121","is_ascension_mode":true,"campfire_choices":[{"data":"Deadly Poison","floor":8,"key":"SMITH"},{"data":"Deadly Poison","floor":10,"key":"SMITH"},{"data":"Blade Dance","floor":15,"key":"SMITH"},{"floor":23,"key":"REST"},{"floor":27,"key":"REST"}],"neow_cost":"NONE","seed_source_timestamp":928234745451000,"circlet_count":0,"master_deck":["AscendersBane","Defend_G","Defend_G","Defend_G","Defend_G","Strike_G","Survivor","Neutralize+1","Deadly Poison+1","Dagger Throw","Deadly Poison+1","All Out Attack","Infinite Blades","Infinite Blades","Blade Dance+1","Corpse Explosion","Flechettes+1","Skewer+1","Leg Sweep+1","Cloak And Dagger","Footwork","Backflip"],"relics":["Ring of the Snake","NeowsBlessing","Happy Flower","Dream Catcher","Kunai","Astrolabe","Letter Opener","Oddly Smooth Stone","Ancient Tea Set"],"potions_floor_usage":[11,16,29,29],"damage_taken":[{"damage":0,"enemies":"Jaw Worm","floor":1,"turns":1},{"damage":0,"enemies":"3 Sentries","floor":6,"turns":1},{"damage":0,"enemies":"2 Louse","floor":7,"turns":1},{"damage":43,"enemies":"Gremlin Nob","floor":11,"turns":4},{"damage":0,"enemies":"Cultist","floor":14,"turns":2},{"damage":19,"enemies":"Slime Boss","floor":16,"turns":9},{"damage":20,"enemies":"Shell Parasite","floor":18,"turns":6},{"damage":8,"enemies":"Spheric Guardian","floor":24,"turns":6},{"damage":52,"enemies":"Book of Stabbing","floor":29,"turns":8},{"damage":1,"enemies":"3 Cultists","floor":30,"turns":2}],"seed_played":"-2307357799416901054","potions_obtained":[{"floor":6,"key":"Regen Potion"},{"floor":11,"key":"Explosive Potion"},{"floor":16,"key":"Swift Potion"},{"floor":24,"key":"Swift Potion"}],"is_trial":false,"path_per_floor":["M","?","$","?","?","E","M","R","T","R","E","?","$","M","R","B",null,"M","?","T","?","$","R","M","?","T","R","$","E","M"],"character_chosen":"THE_SILENT","items_purchased":["Dagger Throw","Infinite Blades","Footwork"],"campfire_rested":2,"item_purchase_floors":[3,13,22],"current_hp_per_floor":[59,59,59,64,64,64,64,64,64,64,33,33,33,33,33,14,57,37,17,17,17,17,39,31,31,31,53,53,1,0],"gold":106,"neow_bonus":"THREE_ENEMY_KILL","is_prod":false,"is_daily":false,"chose_seed":false,"campfire_upgraded":3,"win_rate":0,"timestamp":1556263881,"path_taken":["M","?","$","?","?","E","?","R","T","R","E","?","$","M","R","BOSS","M","?","?","?","$","R","M","?","T","R","?","E","?"],"build_version":"2019-04-23","purchased_purges":1,"victory":false,"max_hp_per_floor":[66,66,66,71,71,71,71,71,71,71,71,71,71,71,71,71,71,71,76,76,76,76,76,76,76,76,76,76,76,76],"card_choices":[{"not_picked":["Poisoned Stab","Bane"],"picked":"Deadly Poison","floor":1},{"not_picked":["Infinite Blades","PiercingWail"],"picked":"Deadly Poison","floor":6},{"not_picked":["Calculated Gamble","Prepared"],"picked":"All Out Attack","floor":7},{"not_picked":["Night Terror","Bane"],"picked":"Infinite Blades","floor":11},{"not_picked":["Backflip","Masterful Stab"],"picked":"Blade Dance","floor":14},{"not_picked":["Bullet Time","Tools of the Trade"],"picked":"Corpse Explosion","floor":16},{"not_picked":["PiercingWail","Endless Agony"],"picked":"Cloak And Dagger","floor":18},{"not_picked":["Dagger Throw","Caltrops","Dodge and Roll"],"picked":"SKIP","floor":24},{"not_picked":["Blur","Slice"],"picked":"Backflip","floor":29}],"player_experience":1376795,"relics_obtained":[{"floor":6,"key":"Happy Flower"},{"floor":9,"key":"Dream Catcher"},{"floor":11,"key":"Kunai"},{"floor":20,"key":"Letter Opener"},{"floor":26,"key":"Oddly Smooth Stone"},{"floor":29,"key":"Ancient Tea Set"}],"event_choices":[{"cards_removed":["Defend_G"],"damage_healed":0,"gold_gain":0,"player_choice":"Card Removal","damage_taken":0,"max_hp_gain":0,"max_hp_loss":0,"event_name":"The Cleric","floor":2,"gold_loss":75},{"damage_healed":0,"gold_gain":0,"player_choice":"Donut","damage_taken":0,"max_hp_gain":5,"max_hp_loss":0,"event_name":"Big Fish","floor":4,"gold_loss":0},{"damage_healed":0,"gold_gain":0,"player_choice":"Upgraded","damage_taken":0,"max_hp_gain":0,"max_hp_loss":0,"event_name":"Upgrade Shrine","floor":5,"gold_loss":0,"cards_upgraded":["Neutralize"]},{"damage_healed":0,"gold_gain":0,"player_choice":"Ignored","damage_taken":0,"max_hp_gain":0,"max_hp_loss":0,"event_name":"Shining Light","floor":12,"gold_loss":0},{"damage_healed":0,"gold_gain":0,"player_choice":"Shed Blood","damage_taken":25,"max_hp_gain":5,"max_hp_loss":0,"event_name":"Forgotten Altar","floor":19,"gold_loss":0},{"damage_healed":0,"gold_gain":0,"player_choice":"Ignored","damage_taken":0,"max_hp_gain":0,"max_hp_loss":0,"event_name":"Ghosts","floor":21,"gold_loss":0}],"is_beta":true,"boss_relics":[{"not_picked":["Snecko Eye","Busted Crown"],"picked":"Astrolabe"}],"items_purged_floors":[22],"is_endless":false,"potions_floor_spawned":[6,11,16,24],"killed_by":"3 Cultists","ascension_level":20}