{"gold_per_floor":[115,115,115,90,16,42,42,60,87,11,11,29,45,45,45,119,119,134,153,166,77,87,118,118,118,118,129,159,159,172,187,187,264,264,283,299,299,57,57,83,83,93,164,164,178,189,65,84,84,84,84],"floor_reached":52,"playtime":2275,"items_purged":[],"score":1898,"play_id":"1f966025-59fd-4463-9c57-1fc9cf188da7","local_time":"20190207125504","is_ascension_mode":true,"campfire_choices":[{"data":"Perfected Strike","floor":7.0,"key":"SMITH"},{"data":"Demon Form","floor":11.0,"key":"SMITH"},{"data":"Corruption","floor":15.0,"key":"SMITH"},{"data":"1","floor":29.0,"key":"LIFT"},{"data":"2","floor":32.0,"key":"LIFT"},{"floor":41.0,"key":"REST"},{"data":"3","floor":44.0,"key":"LIFT"},{"data":"Evolve","floor":49.0,"key":"SMITH"}],"neow_cost":"NONE","seed_source_timestamp":0,"circlet_count":0,"master_deck":["AscendersBane","Strike_R","Strike_R","Strike_R+1","Strike_R","Defend_R","Defend_R","Defend_R+1","Defend_R","Bash","Flex","Corruption+1","Cleave","Demon Form+1","Spot Weakness","Flex","Havoc","Reaper","Flame Barrier","Battle Trance","Spot Weakness","Bloodletting+1","Immolate","Offering","Immolate","Sentinel","Headbutt","Sentinel","Blood for Blood+1","Flex","Havoc","Evolve+1"],"special_seed":0,"relics":["Burning Blood","NeowsBlessing","Anchor","Dream Catcher","Omamori","Snecko Eye","Pen Nib","Girya","Shuriken","Lizard Tail","Membership Card","Bottled Tornado","Meat on the Bone","Bronze Scales"],"potions_floor_usage":[51],"damage_taken":[{"damage":0.0,"enemies":"Jaw Worm","floor":1.0,"turns":1.0},{"damage":0.0,"enemies":"Lagavulin","floor":6.0,"turns":1.0},{"damage":0.0,"enemies":"Small Slimes","floor":8.0,"turns":1.0},{"damage":9.0,"enemies":"Cultist","floor":12.0,"turns":4.0},{"damage":13.0,"enemies":"Red Slaver","floor":13.0,"turns":5.0},{"damage":56.0,"enemies":"Slime Boss","floor":16.0,"turns":7.0},{"damage":12.0,"enemies":"3 Byrds","floor":18.0,"turns":4.0},{"damage":13.0,"enemies":"Spheric Guardian","floor":19.0,"turns":4.0},{"damage":40.0,"enemies":"Cultist and Chosen","floor":20.0,"turns":6.0},{"damage":31.0,"enemies":"Centurion and Healer","floor":22.0,"turns":5.0},{"damage":10.0,"enemies":"Gremlin Leader","floor":23.0,"turns":5.0},{"damage":0.0,"enemies":"Sentry and Sphere","floor":27.0,"turns":3.0},{"damage":4.0,"enemies":"Slavers","floor":28.0,"turns":3.0},{"damage":13.0,"enemies":"Snake Plant","floor":30.0,"turns":3.0},{"damage":20.0,"enemies":"Centurion and Healer","floor":31.0,"turns":4.0},{"damage":80.0,"enemies":"Automaton","floor":33.0,"turns":7.0},{"damage":4.0,"enemies":"3 Darklings","floor":35.0,"turns":2.0},{"damage":17.0,"enemies":"3 Shapes","floor":36.0,"turns":2.0},{"damage":67.0,"enemies":"Giant Head","floor":40.0,"turns":6.0},{"damage":11.0,"enemies":"Transient","floor":42.0,"turns":6.0},{"damage":6.0,"enemies":"Sphere and 2 Shapes","floor":45.0,"turns":3.0},{"damage":6.0,"enemies":"Writhing Mass","floor":46.0,"turns":2.0},{"damage":27.0,"enemies":"Maw","floor":48.0,"turns":6.0},{"damage":140.0,"enemies":"Awakened One","floor":50.0,"turns":7.0},{"damage":82,"enemies":"Donu and Deca","floor":51,"turns":5}],"seed_played":"3548380420736923558","potions_obtained":[{"floor":8.0,"key":"BloodPotion"},{"floor":12.0,"key":"Ancient Potion"},{"floor":13.0,"key":"PowerPotion"},{"floor":18.0,"key":"Regen Potion"},{"floor":19.0,"key":"Strength Potion"},{"floor":23.0,"key":"Strength Potion"},{"floor":27.0,"key":"SkillPotion"},{"floor":35.0,"key":"FearPotion"},{"floor":42.0,"key":"Ancient Potion"},{"floor":46.0,"key":"Swift Potion"}],"is_trial":false,"path_per_floor":["M","?","T","$","$","E","R","M","T","$","R","M","M","?","R","B",null,"M","M","M","$","M","E","$","?","T","M","E","R","M","M","R","B",null,"M","M","?","$","?","E","R","M","T","R","M","M","$","M","R","B","B",null],"character_chosen":"IRONCLAD","items_purchased":["Perfected Strike","Corruption","Spot Weakness","Battle Trance","Membership Card","Headbutt","Bronze Scales","BloodPotion"],"campfire_rested":1,"item_purchase_floors":[4,5,10,21,38,38,47,47],"current_hp_per_floor":[74,51,51,51,51,57,57,63,63,63,63,60,60,75,75,25,63,69,62,62,62,37,68,68,68,68,75,75,75,74,75,75,20,61,75,75,71,71,71,27,48,71,71,71,71,71,71,71,71,53,25],"gold":84,"neow_bonus":"THREE_ENEMY_KILL","is_prod":false,"is_daily":false,"chose_seed":false,"campfire_upgraded":4,"win_rate":0,"timestamp":1549562104,"path_taken":["M","?","?","?","$","E","R","M","T","$","R","?","M","?","R","BOSS","M","M","M","$","M","E","$","?","T","M","E","R","M","M","R","BOSS","M","M","?","$","?","E","R","M","T","R","M","M","$","M","R","BOSS","BOSS"],"build_version":"2019-01-23","purchased_purges":0,"victory":true,"max_hp_per_floor":[75,75,75,75,75,75,75,75,75,75,75,75,75,75,75,75,75,75,75,75,75,75,75,75,75,75,75,75,75,75,75,75,75,75,75,75,71,71,71,71,71,71,71,71,71,71,71,71,71,71,71],"card_choices":[{"not_picked":["Clash","Sword Boomerang"],"picked":"Flex","floor":1.0},{"not_picked":["Rupture","Armaments"],"picked":"Cleave","floor":6.0},{"not_picked":["Rupture","Rampage"],"picked":"Demon Form","floor":8.0},{"not_picked":["Seeing Red","Power Through"],"picked":"Flex","floor":12.0},{"not_picked":["Combust","Clash"],"picked":"Havoc","floor":13.0},{"not_picked":["Immolate","Brutality"],"picked":"Reaper","floor":16.0},{"not_picked":["Sword Boomerang","Second Wind+1"],"picked":"Flame Barrier","floor":18.0},{"not_picked":["Anger","Reckless Charge","Shrug It Off"],"picked":"SKIP","floor":19.0},{"not_picked":["Bloodletting","Pommel Strike","Wild Strike"],"picked":"SKIP","floor":20.0},{"not_picked":["Fire Breathing","Hemokinesis"],"picked":"Spot Weakness","floor":22.0},{"not_picked":["Iron Wave","Flex"],"picked":"Bloodletting+1","floor":23.0},{"not_picked":["Warcry","Burning Pact","Rampage"],"picked":"SKIP","floor":27.0},{"not_picked":["Thunderclap","Double Tap"],"picked":"Offering","floor":28.0},{"not_picked":["Metallicize","Armaments","Intimidate"],"picked":"SKIP","floor":30.0},{"not_picked":["Warcry","Sword Boomerang","Inflame"],"picked":"SKIP","floor":31.0},{"not_picked":["Brutality","Fiend Fire"],"picked":"Immolate","floor":33.0},{"not_picked":["True Grit","Clothesline"],"picked":"Sentinel","floor":35.0},{"not_picked":["Fire Breathing+1","Clash","Power Through"],"picked":"SKIP","floor":36.0},{"not_picked":["Anger","Twin Strike"],"picked":"Sentinel","floor":40.0},{"not_picked":["Berserk","Havoc+1"],"picked":"Blood for Blood+1","floor":41.0},{"not_picked":["True Grit","Havoc"],"picked":"Flex","floor":42.0},{"not_picked":["Rupture","Fire Breathing"],"picked":"Havoc","floor":45.0},{"not_picked":["Ghostly Armor","Warcry","Body Slam"],"picked":"SKIP","floor":46.0},{"not_picked":["Power Through","Cleave"],"picked":"Evolve","floor":48.0}],"player_experience":835052,"relics_obtained":[{"floor":3.0,"key":"Anchor"},{"floor":6.0,"key":"Dream Catcher"},{"floor":9.0,"key":"Omamori"},{"floor":23.0,"key":"Pen Nib"},{"floor":26.0,"key":"Girya"},{"floor":28.0,"key":"Shuriken"},{"floor":40.0,"key":"Bottled Tornado"},{"floor":43.0,"key":"Meat on the Bone"}],"event_choices":[{"damage_healed":0.0,"max_hp_gain":0.0,"max_hp_loss":0.0,"gold_gain":0.0,"event_name":"Shining Light","player_choice":"Entered Light","floor":2.0,"gold_loss":0.0,"damage_taken":23.0,"cards_upgraded":["Strike_R","Defend_R"]},{"damage_healed":15.0,"max_hp_gain":0.0,"max_hp_loss":0.0,"gold_gain":0.0,"event_name":"Wheel of Change","player_choice":"Full Heal","floor":14.0,"gold_loss":0.0,"damage_taken":0.0},{"damage_healed":0.0,"max_hp_gain":0.0,"max_hp_loss":0.0,"gold_gain":0.0,"cards_transformed":["Strike_R"],"event_name":"Transmorgrifier","player_choice":"Transformed","floor":25.0,"gold_loss":0.0,"damage_taken":0.0,"cards_obtained":["Immolate"]},{"damage_healed":0.0,"max_hp_gain":0.0,"max_hp_loss":4.0,"gold_gain":0.0,"event_name":"Winding Halls","player_choice":"Max HP","floor":37.0,"gold_loss":0.0,"damage_taken":0.0},{"cards_removed":["Perfected Strike"],"damage_healed":0.0,"max_hp_gain":0.0,"max_hp_loss":0.0,"gold_gain":0.0,"event_name":"Falling","player_choice":"Removed Attack","floor":39.0,"gold_loss":0.0,"damage_taken":0.0}],"is_beta":false,"boss_relics":[{"not_picked":["Mark of Pain","Philosopher\u0027s Stone"],"picked":"Snecko Eye"},{"not_picked":["Busted Crown","Runic Pyramid"],"picked":"Lizard Tail"}],"items_purged_floors":[],"is_endless":false,"potions_floor_spawned":[8,12,13,18,19,23,27,35,42,46],"ascension_level":20}