{"gold_per_floor":[113,123,273,65,65,65,65,65],"floor_reached":8,"playtime":257,"items_purged":[],"score":88,"play_id":"6a0b7e9f-ecd1-43fa-81e7-3c1479bf5c5d","local_time":"20190422162330","is_ascension_mode":true,"campfire_choices":[{"data":"Metamorphosis","floor":6.0,"key":"SMITH"}],"neow_cost":"CURSE","seed_source_timestamp":629533379378700,"circlet_count":0,"master_deck":["AscendersBane","Defend_G","Defend_G","Defend_G","Defend_G","Defend_G","Strike_G","Strike_G","Strike_G","Strike_G","Strike_G","Survivor","Neutralize","Unload","Underhanded Strike","Prepared","Metamorphosis+1"],"special_seed":0,"relics":["Ring of the Snake"],"potions_floor_usage":[8],"damage_taken":[{"damage":9.0,"enemies":"Jaw Worm","floor":1.0,"turns":5.0},{"damage":4.0,"enemies":"Small Slimes","floor":2.0,"turns":3.0},{"damage":32,"enemies":"Gremlin Nob","floor":8,"turns":4}],"seed_played":"-451646540478823164","potions_obtained":[{"floor":1.0,"key":"FearPotion"}],"is_trial":false,"path_per_floor":["M","M","?","$","?","R","?","E"],"character_chosen":"THE_SILENT","items_purchased":["Metamorphosis"],"campfire_rested":0,"item_purchase_floors":[4],"current_hp_per_floor":[50,46,46,46,46,46,39,7],"gold":65,"neow_bonus":"THREE_RARE_CARDS","is_prod":false,"is_daily":false,"chose_seed":false,"campfire_upgraded":1,"win_rate":0,"timestamp":1555964610,"path_taken":["M","M","?","$","?","R","?","E"],"build_version":"2019-04-21","purchased_purges":0,"victory":false,"max_hp_per_floor":[66,66,66,66,66,66,66,66],"card_choices":[{"not_picked":["Malaise","Bullet Time"],"picked":"Unload","floor":0.0},{"not_picked":["PiercingWail","Deflect"],"picked":"Underhanded Strike","floor":1.0},{"not_picked":["Flechettes","Masterful Stab"],"picked":"Prepared","floor":2.0}],"player_experience":1363176,"relics_obtained":[],"event_choices":[{"damage_healed":0.0,"max_hp_gain":0.0,"max_hp_loss":0.0,"gold_gain":150.0,"event_name":"Liars Game","player_choice":"AGREE","floor":3.0,"gold_loss":0.0,"damage_taken":0.0,"cards_obtained":["Doubt"]},{"cards_removed":["Normality"],"damage_healed":0.0,"max_hp_gain":0.0,"max_hp_loss":0.0,"gold_gain":0.0,"event_name":"Living Wall","player_choice":"Forget","floor":5.0,"gold_loss":0.0,"damage_taken":0.0},{"cards_removed":["Doubt"],"damage_healed":0.0,"max_hp_gain":0.0,"max_hp_loss":0.0,"gold_gain":0.0,"event_name":"Golden Wing","player_choice":"Card Removal","floor":7.0,"gold_loss":0.0,"damage_taken":7.0}],"is_beta":true,"boss_relics":[],"items_purged_floors":[],"is_endless":false,"potions_floor_spawned":[1],"killed_by":"Gremlin Nob","ascension_level":20}