{"gold_per_floor":[110,128,128,378,328,348,348,86,110,136,136,149,163,163,163,267,267,287,273,293,293],"floor_reached":21,"playtime":793,"items_purged":["Strike_B"],"score":226,"play_id":"42ed8825-c316-47dc-a792-5c2a795c9a42","local_time":"20180808010532","is_ascension_mode":true,"campfire_choices":[{"data":"Zap","floor":7,"key":"SMITH"},{"floor":15,"key":"REST"}],"neow_cost":"CURSE","seed_source_timestamp":40454753337354,"circlet_count":0,"master_deck":["Zap+1","Dualcast","Rebound","Turbo","Gash","Rebound","Seek","Machine Learning","Redo","Turbo","Leap","Loop","Hello World","Stack","Leap","Stack+1","Auto Shields+1"],"relics":["Cracked Core","Membership Card","Pen Nib","DataDisk","Dream Catcher","Pandora\u0027s Box"],"potions_floor_usage":[10,21,21],"damage_taken":[{"damage":2,"enemies":"Cultist","floor":1,"turns":4},{"damage":8,"enemies":"Small Slimes","floor":2,"turns":3},{"damage":5,"enemies":"2 Louse","floor":6,"turns":2},{"damage":26,"enemies":"3 Sentries","floor":10,"turns":6},{"damage":20,"enemies":"Exordium Thugs","floor":12,"turns":4},{"damage":0,"enemies":"Large Slime","floor":13,"turns":4},{"damage":19,"enemies":"Slime Boss","floor":16,"turns":8},{"damage":17,"enemies":"Spheric Guardian","floor":18,"turns":4},{"damage":17,"enemies":"2 Thieves","floor":19,"turns":4},{"damage":30,"enemies":"Snake Plant","floor":20,"turns":4},{"damage":37,"enemies":"Snecko","floor":21,"turns":4}],"seed_played":"-9214641709744989247","potions_obtained":[{"floor":6,"key":"Strength Potion"},{"floor":16,"key":"Energy Potion"},{"floor":19,"key":"Swift Potion"}],"is_trial":false,"path_per_floor":["M","M","?","?","?","M","R","$","T","E","?","M","M","?","R","B",null,"M","M","M"],"character_chosen":"DEFECT","items_purchased":["Membership Card"],"campfire_rested":1,"item_purchase_floors":[8],"current_hp_per_floor":[87,79,79,79,79,74,74,74,74,48,77,57,57,57,83,64,83,66,49,19,0],"gold":293,"neow_bonus":"TWENTY_PERCENT_HP_BONUS","is_prod":false,"is_daily":false,"chose_seed":false,"campfire_upgraded":1,"win_rate":0,"timestamp":1533683132,"path_taken":["M","?","?","?","?","M","R","$","T","E","?","M","?","?","R","BOSS","M","M","M","M"],"build_version":"2018-08-02","purchased_purges":1,"victory":false,"max_hp_per_floor":[89,89,89,89,89,89,89,89,89,89,89,89,89,89,89,89,89,89,89,89,89],"card_choices":[{"not_picked":["Reprogram","Genetic Algorithm"],"picked":"Rebound","floor":1},{"not_picked":["Redo","Tempest"],"picked":"Turbo","floor":2},{"not_picked":["Streamline","Barrage"],"picked":"Gash","floor":6},{"not_picked":["Ball Lightning","Conserve Battery","Fusion"],"picked":"SKIP","floor":10},{"not_picked":["Go for the Eyes","Barrage"],"picked":"Rebound","floor":12},{"not_picked":["Stack","Compile Driver","Rip and Tear"],"picked":"SKIP","floor":13},{"not_picked":["Heatsinks","Doom and Gloom"],"picked":"Seek","floor":15},{"not_picked":["Buffer","Core Surge"],"picked":"Machine Learning","floor":16},{"not_picked":["Melter","Rebound"],"picked":"Stack+1","floor":18},{"not_picked":["Hello World","Darkness","Reprogram"],"picked":"SKIP","floor":19},{"not_picked":["Compile Driver","Conserve Battery"],"picked":"Auto Shields+1","floor":20}],"player_experience":388743,"relics_obtained":[{"floor":9,"key":"Pen Nib"},{"floor":10,"key":"DataDisk"}],"event_choices":[{"event_name":"Purifier","player_choice":"One Purge","floor":3,"damage_taken":0},{"event_name":"Golden Shrine","player_choice":"Desecrate","floor":4,"damage_taken":0},{"event_name":"The Cleric","player_choice":"Card Removal","floor":5,"damage_taken":0},{"event_name":"Big Fish","player_choice":"Banana","floor":11,"damage_taken":0},{"event_name":"Dead Adventurer","player_choice":"Searched \u00271\u0027 times","floor":14,"damage_taken":0}],"is_beta":false,"boss_relics":[{"not_picked":["Velvet Choker","Runic Pyramid"],"picked":"Pandora\u0027s Box"}],"items_purged_floors":[8],"is_endless":false,"potions_floor_spawned":[6,16,19],"killed_by":"Snecko","ascension_level":5}