{"gold_per_floor":[119,138,138,138,163,163,163,196,196,49,49,62,62,62,62,187,187,205,205,57,54,54,54,97,97,97,136,136,136,149,170,170,290,290,313,331,331,74,95,95,95,95,95,110,110,123,123,123,123,123],"floor_reached":50,"playtime":3034,"items_purged":[],"score":526,"play_id":"8cdeec90-2d57-45ea-88ae-77454e95c261","local_time":"20190501114417","is_ascension_mode":false,"campfire_choices":[{"floor":6.0,"key":"REST"},{"data":"Rainbow","floor":11.0,"key":"SMITH"},{"floor":15.0,"key":"REST"},{"floor":23.0,"key":"REST"},{"floor":25.0,"key":"REST"},{"floor":28.0,"key":"REST"},{"floor":32.0,"key":"REST"},{"floor":40.0,"key":"REST"},{"data":"Creative AI","floor":42.0,"key":"SMITH"},{"data":"Electrodynamics","floor":45.0,"key":"SMITH"},{"data":"Biased Cognition","floor":47,"key":"SMITH"},{"data":"Defragment","floor":49,"key":"SMITH"}],"neow_cost":"NONE","seed_source_timestamp":0,"circlet_count":0,"master_deck":["Defend_B","Defend_B","Defend_B","Defend_B","Zap","Dualcast","Rainbow+1","Leap","Melter","Ball Lightning","Hello World","Static Discharge","Ball Lightning","Conserve Battery","Rip and Tear+1","Creative AI+1","Redo","Tempest","Hello World","Doom and Gloom+1","Biased Cognition+1","Bite","Bite","Bite","Bite","Bite","Auto Shields+1","Stack","Electrodynamics+1","Darkness","Defragment+1","Hello World","BootSequence+1","Reprogram+1","Madness","Madness"],"special_seed":0,"relics":["Cracked Core","Golden Idol","Meat on the Bone","Kunai","Inserter","MutagenicStrength","Cables","Art of War","Strawberry","Eternal Feather","Toolbox","Nunchaku"],"potions_floor_usage":[50],"damage_taken":[{"damage":0.0,"enemies":"2 Louse","floor":1.0,"turns":2.0},{"damage":0.0,"enemies":"Cultist","floor":2.0,"turns":3.0},{"damage":4.0,"enemies":"Jaw Worm","floor":5.0,"turns":4.0},{"damage":15.0,"enemies":"3 Sentries","floor":8.0,"turns":8.0},{"damage":0.0,"enemies":"Large Slime","floor":12.0,"turns":4.0},{"damage":35.0,"enemies":"The Guardian","floor":16.0,"turns":8.0},{"damage":0.0,"enemies":"Spheric Guardian","floor":18.0,"turns":3.0},{"damage":17.0,"enemies":"2 Thieves","floor":21.0,"turns":4.0},{"damage":45.0,"enemies":"Book of Stabbing","floor":24.0,"turns":6.0},{"damage":30.0,"enemies":"Gremlin Leader","floor":27.0,"turns":7.0},{"damage":35.0,"enemies":"Shelled Parasite and Fungi","floor":30.0,"turns":6.0},{"damage":10.0,"enemies":"Sentry and Sphere","floor":31.0,"turns":4.0},{"damage":79.0,"enemies":"Automaton","floor":33.0,"turns":10.0},{"damage":8.0,"enemies":"3 Darklings","floor":35.0,"turns":5.0},{"damage":16.0,"enemies":"Orb Walker","floor":36.0,"turns":4.0},{"damage":20.0,"enemies":"3 Darklings","floor":39.0,"turns":4.0},{"damage":44.0,"enemies":"Jaw Worm Horde","floor":44.0,"turns":4.0},{"damage":27.0,"enemies":"Writhing Mass","floor":46.0,"turns":5.0},{"damage":70,"enemies":"Time Eater","floor":50,"turns":12}],"seed_played":"-2726667738337155406","potions_obtained":[{"floor":1.0,"key":"GamblersBrew"},{"floor":4.0,"key":"Weak Potion"},{"floor":4.0,"key":"FairyPotion"},{"floor":4.0,"key":"LiquidBronze"},{"floor":16.0,"key":"Energy Potion"},{"floor":24.0,"key":"Fire Potion"},{"floor":27.0,"key":"Swift Potion"},{"floor":31.0,"key":"SpeedPotion"},{"floor":33.0,"key":"FocusPotion"},{"floor":36.0,"key":"Dexterity Potion"},{"floor":44.0,"key":"Fire Potion"}],"is_trial":false,"path_per_floor":["M","M","?","?","M","R","?","E","T","$","R","M","$","?","R","B",null,"M","?","$","M","?","R","E","R","T","E","R","?","M","M","R","B",null,"M","M","?","$","M","R","?","R","T","M","R","M","R","?","R","B"],"character_chosen":"DEFECT","items_purchased":["Static Discharge","Ball Lightning","Conserve Battery","Tempest","Hello World","Toolbox","PowerPotion"],"campfire_rested":7,"item_purchase_floors":[10,10,10,20,20,38,38],"current_hp_per_floor":[75,75,57,57,53,75,80,65,65,65,65,65,65,49,73,50,80,80,80,80,63,63,80,47,71,71,48,74,60,35,41,59,22,60,54,42,42,42,36,60,60,60,60,30,48,37,55,47,60,0],"gold":123,"neow_bonus":"ONE_RANDOM_RARE_CARD","is_prod":false,"is_daily":false,"chose_seed":false,"campfire_upgraded":5,"win_rate":0.0,"timestamp":1556725457,"path_taken":["M","M","?","?","?","R","?","E","T","$","R","M","?","?","R","BOSS","M","?","$","M","?","R","E","R","T","E","R","?","M","M","R","BOSS","M","M","?","$","M","R","?","R","T","M","R","M","R","?","R","BOSS"],"build_version":"2019-01-23","purchased_purges":0,"victory":false,"max_hp_per_floor":[75,75,75,75,75,75,80,80,80,80,80,80,80,80,80,80,80,80,80,80,80,80,80,80,80,80,87,87,60,60,60,60,60,60,60,60,60,60,60,60,60,60,60,60,60,60,60,60,60,60],"card_choices":[{"not_picked":["Cold Snap","Beam Cell"],"picked":"Leap","floor":1.0},{"not_picked":["Beam Cell","Consume"],"picked":"Melter","floor":2.0},{"not_picked":["Hologram","Gash"],"picked":"Ball Lightning","floor":5.0},{"not_picked":["Blizzard","Recycle"],"picked":"Hello World","floor":8.0},{"not_picked":["Conserve Battery","BootSequence"],"picked":"Rip and Tear","floor":12.0},{"not_picked":["Core Surge","All For One"],"picked":"Creative AI","floor":16.0},{"not_picked":["Double Energy","Recycle+1"],"picked":"Redo","floor":18.0},{"not_picked":["Rebound+1","Redo"],"picked":"Doom and Gloom+1","floor":21.0},{"not_picked":["Barrage","Go for the Eyes"],"picked":"Stack","floor":24.0},{"not_picked":["Ball Lightning","Melter"],"picked":"Biased Cognition","floor":27.0},{"not_picked":["Hologram+1","Sweeping Beam+1"],"picked":"Auto Shields+1","floor":30.0},{"not_picked":["Gash","Rebound"],"picked":"Stack","floor":31.0},{"not_picked":["Seek","Rainbow"],"picked":"Electrodynamics","floor":33.0},{"not_picked":["Steam","Leap"],"picked":"Darkness","floor":35.0},{"not_picked":["Double Energy+1","Go for the Eyes"],"picked":"Defragment","floor":36.0},{"not_picked":["Steam+1","Hologram+1"],"picked":"Hello World","floor":39.0},{"not_picked":["Sweeping Beam","Cold Snap+1"],"picked":"BootSequence+1","floor":44.0},{"not_picked":["Compile Driver","Beam Cell+1"],"picked":"Reprogram+1","floor":46.0}],"player_experience":43064,"relics_obtained":[{"floor":8.0,"key":"Meat on the Bone"},{"floor":9.0,"key":"Kunai"},{"floor":24.0,"key":"Cables"},{"floor":26.0,"key":"Art of War"},{"floor":27.0,"key":"Strawberry"},{"floor":43.0,"key":"Nunchaku"}],"event_choices":[{"damage_healed":0.0,"max_hp_gain":0.0,"max_hp_loss":0.0,"gold_gain":0.0,"event_name":"Golden Idol","player_choice":"Take Damage","floor":3.0,"gold_loss":0.0,"damage_taken":18.0,"relics_obtained":["Golden Idol"]},{"damage_healed":0.0,"max_hp_gain":0.0,"max_hp_loss":0.0,"gold_gain":0.0,"event_name":"Lab","player_choice":"Got Potions","floor":4.0,"gold_loss":0.0,"damage_taken":0.0},{"damage_healed":0.0,"max_hp_gain":5.0,"max_hp_loss":0.0,"gold_gain":0.0,"event_name":"Big Fish","player_choice":"Donut","floor":7.0,"gold_loss":0.0,"damage_taken":0.0},{"damage_healed":0.0,"max_hp_gain":0.0,"max_hp_loss":0.0,"gold_gain":0.0,"event_name":"Shining Light","player_choice":"Entered Light","floor":14.0,"gold_loss":0.0,"damage_taken":16.0,"cards_upgraded":["Strike_B","Rip and Tear"]},{"damage_healed":0.0,"max_hp_gain":0.0,"max_hp_loss":0.0,"gold_gain":0.0,"event_name":"Drug Dealer","player_choice":"Inject Mutagens","floor":19.0,"gold_loss":0.0,"damage_taken":0.0,"relics_obtained":["MutagenicStrength"]},{"damage_healed":0.0,"max_hp_gain":0.0,"max_hp_loss":27.0,"gold_gain":0.0,"event_name":"Vampires","player_choice":"Became a vampire","floor":29.0,"gold_loss":0.0,"damage_taken":0.0,"cards_obtained":["Bite","Bite","Bite","Bite","Bite"]},{"cards_removed":["Stack"],"damage_healed":0.0,"max_hp_gain":0.0,"max_hp_loss":0.0,"gold_gain":0.0,"event_name":"Falling","player_choice":"Removed Skill","floor":37.0,"gold_loss":0.0,"damage_taken":0.0},{"damage_healed":0.0,"max_hp_gain":0.0,"max_hp_loss":0.0,"gold_gain":0.0,"event_name":"Mysterious Sphere","player_choice":"Ignored","floor":41.0,"gold_loss":0.0,"damage_taken":0.0},{"damage_healed":0,"gold_gain":0,"player_choice":"Embrace Madness","damage_taken":8,"max_hp_gain":0,"max_hp_loss":0,"event_name":"Winding Halls","floor":48,"gold_loss":0,"cards_obtained":["Madness","Madness"]}],"is_beta":false,"boss_relics":[{"not_picked":["Busted Crown","Pandora\u0027s Box"],"picked":"Inserter"},{"not_picked":["Lizard Tail","Cursed Key"],"picked":"Eternal Feather"}],"items_purged_floors":[],"is_endless":false,"potions_floor_spawned":[1,5,16,24,27,31,33,36,44],"killed_by":"Time Eater","ascension_level":0}