{"gold_per_floor":[113,113,124,140,159,159,159,159,183,25,25,51,51,69,69,69],"floor_reached":16,"playtime":783,"items_purged":[],"score":244,"play_id":"e7ae856b-0980-4581-a205-bb8b90439885","local_time":"20181222073844","is_ascension_mode":true,"campfire_choices":[{"data":"Finisher","floor":6,"key":"SMITH"},{"data":"Riddle With Holes","floor":11,"key":"SMITH"},{"data":"Blade Dance","floor":15,"key":"SMITH"}],"neow_cost":"NONE","seed_source_timestamp":0,"circlet_count":0,"master_deck":["AscendersBane","Survivor+1","Neutralize","Heel Hook","PiercingWail","Blade Dance","Sucker Punch","Dagger Spray","Backflip","Expertise","Eviscerate","Riddle With Holes+1","Deadly Poison","Finisher+1","Clumsy","Footwork","Leg Sweep+1","Blade Dance+1"],"special_seed":0,"relics":["Pandora\u0027s Box","Orichalcum","Bag of Marbles","War Paint"],"potions_floor_usage":[12,16],"damage_taken":[{"damage":0.0,"enemies":"2 Louse","floor":1.0,"turns":2.0},{"damage":4,"enemies":"Cultist","floor":3,"turns":4},{"damage":3,"enemies":"Small Slimes","floor":4,"turns":3},{"damage":3,"enemies":"2 Fungi Beasts","floor":5,"turns":3},{"damage":0,"enemies":"Gremlin Nob","floor":12,"turns":2},{"damage":0,"enemies":"Looter","floor":14,"turns":1},{"damage":52,"enemies":"Hexaghost","floor":16,"turns":10}],"seed_played":"-9097066710321968200","potions_obtained":[{"floor":5,"key":"Strength Potion"},{"floor":14,"key":"Dexterity Potion"}],"is_trial":false,"path_per_floor":["M","?","M","M","M","R","?","?","T","$","R","E","$","M","R","B"],"character_chosen":"THE_SILENT","items_purchased":["Bag of Marbles"],"campfire_rested":0,"item_purchase_floors":[10],"current_hp_per_floor":[59,59,55,52,49,49,49,49,49,49,49,49,49,49,49,0],"gold":69,"neow_bonus":"BOSS_RELIC","is_prod":false,"is_daily":false,"chose_seed":false,"campfire_upgraded":3,"win_rate":0,"timestamp":1545482324,"path_taken":["M","?","?","M","M","R","?","?","T","$","R","E","$","M","R","BOSS"],"build_version":"2018-12-20","purchased_purges":0,"victory":false,"max_hp_per_floor":[66,66,66,66,66,66,66,66,66,66,66,66,66,66,66,66],"card_choices":[{"not_picked":["Flying Knee","Outmaneuver"],"picked":"Finisher","floor":1.0},{"not_picked":["Dash","Flechettes"],"picked":"Footwork","floor":3},{"not_picked":["Infinite Blades","Poisoned Stab","Flying Knee"],"picked":"SKIP","floor":4},{"not_picked":["Blur","Prepared"],"picked":"Leg Sweep","floor":5},{"not_picked":["Outmaneuver","Predator","Dash"],"picked":"SKIP","floor":12},{"not_picked":["Malaise","Outmaneuver"],"picked":"Blade Dance","floor":14}],"player_experience":796507,"relics_obtained":[{"floor":9,"key":"Orichalcum"},{"floor":12,"key":"War Paint"}],"event_choices":[{"damage_healed":0.0,"max_hp_gain":0.0,"max_hp_loss":0.0,"gold_gain":0.0,"event_name":"Match and Keep!","player_choice":"1 cards matched","floor":2.0,"gold_loss":0.0,"damage_taken":0.0,"cards_obtained":["Clumsy"]},{"damage_healed":0,"gold_gain":0,"player_choice":"Ignored","damage_taken":0,"max_hp_gain":0,"max_hp_loss":0,"event_name":"Shining Light","floor":7,"gold_loss":0},{"damage_healed":0,"gold_gain":0,"player_choice":"Fled","damage_taken":0,"max_hp_gain":0,"max_hp_loss":0,"event_name":"Scrap Ooze","floor":8,"gold_loss":0}],"is_beta":false,"boss_relics":[],"items_purged_floors":[],"is_endless":false,"potions_floor_spawned":[5,14],"killed_by":"Hexaghost","ascension_level":19}