{"gold_per_floor":[119,129,129,146,157,157,169,169,193,193,211,211,211,238,238,238],"floor_reached":16,"playtime":351,"items_purged":[],"score":194,"play_id":"4dd515aa-2e6a-424c-8163-4c6827681a6d","local_time":"20181119112536","is_ascension_mode":true,"campfire_choices":[{"data":"Twin Strike","floor":6,"key":"SMITH"},{"data":"Rampage","floor":10,"key":"SMITH"},{"data":"Inflame","floor":15,"key":"SMITH"}],"neow_cost":"NONE","seed_source_timestamp":251327008018789,"circlet_count":0,"master_deck":["AscendersBane","Strike_R","Strike_R","Strike_R","Strike_R","Strike_R","Defend_R","Defend_R","Defend_R","Defend_R","Bash","Cleave","Havoc","Seeing Red","Twin Strike+1","Rampage+1","Anger","Inflame+1"],"relics":["Burning Blood","NeowsBlessing","Sundial","Blood Vial"],"potions_floor_usage":[11,11],"damage_taken":[{"damage":0,"enemies":"Small Slimes","floor":1,"turns":1},{"damage":0,"enemies":"Jaw Worm","floor":2,"turns":1},{"damage":0,"enemies":"Cultist","floor":4,"turns":1},{"damage":35,"enemies":"Exordium Thugs","floor":5,"turns":5},{"damage":12,"enemies":"Looter","floor":7,"turns":3},{"damage":10,"enemies":"Lots of Slimes","floor":11,"turns":4},{"damage":8,"enemies":"Gremlin Nob","floor":14,"turns":3},{"damage":52,"enemies":"The Guardian","floor":16,"turns":7}],"seed_played":"-8187055023104510518","potions_obtained":[{"floor":2,"key":"BloodPotion"},{"floor":4,"key":"Strength Potion"},{"floor":8,"key":"BloodPotion"},{"floor":11,"key":"SmokeBomb"}],"is_trial":false,"path_per_floor":["M","M","?","M","M","R","M","?","T","R","M","T","$","E","R","B"],"character_chosen":"IRONCLAD","items_purchased":[],"campfire_rested":0,"item_purchase_floors":[],"current_hp_per_floor":[74,75,75,75,46,46,40,40,40,40,50,50,50,48,48,0],"gold":238,"neow_bonus":"THREE_ENEMY_KILL","is_prod":false,"is_daily":false,"chose_seed":false,"campfire_upgraded":3,"win_rate":0,"timestamp":1542644736,"path_taken":["M","M","?","M","M","R","M","?","T","R","?","?","$","E","R","BOSS"],"build_version":"2018-11-15","purchased_purges":0,"victory":false,"max_hp_per_floor":[75,75,75,75,75,75,75,75,75,75,75,75,75,75,75,75],"card_choices":[{"not_picked":["Headbutt","Carnage"],"picked":"Cleave","floor":1},{"not_picked":["Heavy Blade","Iron Wave"],"picked":"Havoc","floor":2},{"not_picked":["True Grit","Metallicize"],"picked":"Seeing Red","floor":4},{"not_picked":["Carnage","Perfected Strike"],"picked":"Twin Strike","floor":5},{"not_picked":["Twin Strike","Sword Boomerang"],"picked":"Rampage","floor":7},{"not_picked":["Clothesline","Bludgeon"],"picked":"Anger","floor":11},{"not_picked":["Bloodletting","Whirlwind"],"picked":"Inflame","floor":14}],"player_experience":750992,"relics_obtained":[{"floor":12,"key":"Sundial"},{"floor":14,"key":"Blood Vial"}],"event_choices":[{"damage_healed":0,"gold_gain":0,"player_choice":"Fled","damage_taken":0,"max_hp_gain":0,"max_hp_loss":0,"event_name":"Scrap Ooze","floor":3,"gold_loss":0},{"damage_healed":0,"gold_gain":0,"player_choice":"Got Potions","damage_taken":0,"max_hp_gain":0,"max_hp_loss":0,"event_name":"Lab","floor":8,"gold_loss":0}],"is_beta":false,"boss_relics":[],"items_purged_floors":[],"is_endless":false,"potions_floor_spawned":[2,4,11],"killed_by":"The Guardian","ascension_level":18}