{"gold_per_floor":[117,128,53,53,76,76,100,143,168,168,207,231,231,211,211,211],"floor_reached":16,"playtime":661,"items_purged":[],"score":220,"play_id":"7c8e6e3b-c06c-4297-8247-b8ed5e25e6fe","local_time":"20190508150919","is_ascension_mode":true,"campfire_choices":[{"floor":6,"key":"REST"},{"floor":10,"key":"REST"},{"floor":13,"key":"REST"},{"data":"Neutralize","floor":15,"key":"SMITH"}],"neow_cost":"NONE","seed_source_timestamp":351292651434800,"circlet_count":0,"master_deck":["AscendersBane","Defend_G","Defend_G","Defend_G","Defend_G","Strike_G","Strike_G","Strike_G","Strike_G","Strike_G","Survivor","Neutralize+1","Dodge and Roll","Heel Hook","Poisoned Stab","Well Laid Plans","Flying Knee","Heel Hook"],"relics":["Ring of the Snake","Ancient Tea Set","Golden Idol","Potion Belt","Lantern","Oddly Smooth Stone"],"potions_floor_usage":[8,8,16],"damage_taken":[{"damage":5,"enemies":"Small Slimes","floor":1,"turns":4},{"damage":1,"enemies":"2 Louse","floor":2,"turns":3},{"damage":4,"enemies":"Cultist","floor":5,"turns":5},{"damage":1,"enemies":"Blue Slaver","floor":7,"turns":6},{"damage":32,"enemies":"Gremlin Nob","floor":8,"turns":4},{"damage":28,"enemies":"3 Sentries","floor":11,"turns":13},{"damage":0,"enemies":"Exordium Wildlife","floor":12,"turns":4},{"damage":31,"enemies":"Hexaghost","floor":16,"turns":9}],"seed_played":"6511707235309707407","potions_obtained":[{"floor":7,"key":"Fire Potion"},{"floor":8,"key":"Fruit Juice"},{"floor":14,"key":"FearPotion"}],"is_trial":false,"path_per_floor":["M","M","?","?","M","R","M","E","T","R","E","M","R","?","R","B"],"character_chosen":"THE_SILENT","items_purchased":[],"campfire_rested":3,"item_purchase_floors":[],"current_hp_per_floor":[54,53,53,30,26,45,44,17,17,38,10,10,31,31,31,0],"gold":211,"neow_bonus":"RANDOM_COMMON_RELIC","is_prod":false,"is_daily":false,"chose_seed":false,"campfire_upgraded":1,"win_rate":0,"timestamp":1557342559,"path_taken":["M","M","?","?","M","R","M","E","T","R","E","M","R","?","R","BOSS"],"build_version":"2019-05-07","purchased_purges":0,"victory":false,"max_hp_per_floor":[66,66,66,66,66,66,66,71,71,71,71,71,71,71,71,71],"card_choices":[{"not_picked":["Cloak And Dagger","Bane","PiercingWail"],"picked":"SKIP","floor":1},{"not_picked":["Quick Slash","Underhanded Strike"],"picked":"Dodge and Roll","floor":2},{"not_picked":["Doppelganger","Flechettes"],"picked":"Heel Hook","floor":5},{"not_picked":["Prepared","Deadly Poison"],"picked":"Poisoned Stab","floor":7},{"not_picked":["Quick Slash","Slice"],"picked":"Well Laid Plans","floor":8},{"not_picked":["Acrobatics","A Thousand Cuts"],"picked":"Flying Knee","floor":11},{"not_picked":["Bane","Terror"],"picked":"Heel Hook","floor":12}],"player_experience":1425937,"relics_obtained":[{"floor":8,"key":"Potion Belt"},{"floor":9,"key":"Lantern"},{"floor":11,"key":"Oddly Smooth Stone"}],"event_choices":[{"cards_removed":["Defend_G"],"damage_healed":0,"gold_gain":0,"player_choice":"Card Removal","damage_taken":0,"max_hp_gain":0,"max_hp_loss":0,"event_name":"The Cleric","floor":3,"gold_loss":75},{"damage_healed":0,"gold_gain":0,"player_choice":"Take Damage","damage_taken":23,"relics_obtained":["Golden Idol"],"max_hp_gain":0,"max_hp_loss":0,"event_name":"Golden Idol","floor":4,"gold_loss":0},{"damage_healed":0,"gold_gain":0,"player_choice":"Bought 1 Potion","damage_taken":0,"max_hp_gain":0,"max_hp_loss":0,"event_name":"The Woman in Blue","floor":14,"gold_loss":0}],"is_beta":true,"boss_relics":[],"items_purged_floors":[],"is_endless":false,"potions_floor_spawned":[7,8],"killed_by":"Hexaghost","ascension_level":20}