{"gold_per_floor":[117,117,42,52,52,79,79,94,120,120,140,140,159,159],"floor_reached":14,"playtime":417,"items_purged":["Strike_B"],"score":104,"play_id":"f84315a2-9cc1-4c45-9362-b305b88145ed","local_time":"20180731012608","is_ascension_mode":true,"campfire_choices":[{"data":"Dualcast","floor":7,"key":"SMITH"},{"data":"Defend_B","floor":12,"key":"SMITH"}],"neow_cost":"NONE","seed_source_timestamp":0,"circlet_count":0,"master_deck":["Strike_B","Strike_B","Strike_B","Defend_B+1","Defend_B+1","Defend_B+1","Defend_B+1","Zap+1","Dualcast+1","White Noise"],"special_seed":0,"relics":["Coffee Dripper","War Paint","Art of War","Mercury Hourglass"],"potions_floor_usage":[],"damage_taken":[{"damage":1,"enemies":"Cultist","floor":1,"turns":4},{"damage":7,"enemies":"Small Slimes","floor":4,"turns":3},{"damage":27,"enemies":"Lagavulin","floor":6,"turns":9},{"damage":4,"enemies":"2 Louse","floor":8,"turns":3},{"damage":5,"enemies":"Large Slime","floor":11,"turns":5},{"damage":6,"enemies":"3 Louse","floor":13,"turns":3},{"damage":6,"enemies":"Exordium Wildlife","floor":14,"turns":1}],"seed_played":"7306761005293807228","potions_obtained":[{"floor":4,"key":"Energy Potion"},{"floor":8,"key":"FocusPotion"}],"is_trial":false,"path_per_floor":["M","?","$","M","?","E","R","M","T","?","M","R","M"],"character_chosen":"DEFECT","items_purchased":[],"campfire_rested":0,"item_purchase_floors":[],"current_hp_per_floor":[74,79,79,72,56,29,29,25,25,13,8,8,2,0],"gold":159,"neow_bonus":"BOSS_RELIC","is_prod":false,"is_daily":false,"chose_seed":false,"campfire_upgraded":2,"win_rate":0,"timestamp":1532993168,"path_taken":["M","?","?","M","?","E","R","M","T","?","M","R","M","M"],"build_version":"2018-07-26","purchased_purges":1,"victory":false,"max_hp_per_floor":[75,80,80,80,80,80,80,80,80,80,80,80,80,80],"card_choices":[{"not_picked":["Steam","Rebound","Chaos"],"picked":"SKIP","floor":1},{"not_picked":["Fusion","Barrage","Ball Lightning"],"picked":"SKIP","floor":4},{"not_picked":["Storm","Rebound","Fission"],"picked":"SKIP","floor":6},{"not_picked":["Storm","Rebound","Fission"],"picked":"SKIP","floor":6},{"not_picked":["Sweeping Beam","Streamline","Hologram"],"picked":"SKIP","floor":8},{"not_picked":["Sweeping Beam","Recycle","Static Discharge"],"picked":"SKIP","floor":11},{"not_picked":["Hologram","Redo"],"picked":"White Noise","floor":13}],"player_experience":351713,"relics_obtained":[{"floor":6,"key":"War Paint"},{"floor":9,"key":"Art of War"}],"event_choices":[{"event_name":"Big Fish","player_choice":"Donut","floor":2,"damage_taken":0},{"event_name":"Shining Light","player_choice":"Entered Light","floor":5,"damage_taken":0},{"event_name":"Scrap Ooze","player_choice":"success","floor":10,"damage_taken":12}],"is_beta":false,"boss_relics":[],"items_purged_floors":[3],"is_endless":false,"potions_floor_spawned":[4,8],"killed_by":"Exordium Wildlife","ascension_level":3}