{"gold_per_floor":[110,120,33,33,51,51,75,75,75,75,107,123,14,30,30,30],"floor_reached":16,"playtime":386,"items_purged":[],"score":200,"play_id":"4933d4dd-f751-4c9a-b22b-ca106c4bff93","local_time":"20190408163201","is_ascension_mode":true,"campfire_choices":[{"data":"Neutralize","floor":6,"key":"SMITH"},{"data":"Riddle With Holes","floor":8,"key":"SMITH"},{"data":"Finisher","floor":15,"key":"SMITH"}],"neow_cost":"NONE","seed_source_timestamp":254863108989000,"circlet_count":0,"master_deck":["AscendersBane","Defend_G","Defend_G","Defend_G","Defend_G","Defend_G","Strike_G","Strike_G","Strike_G","Strike_G","Strike_G","Survivor","Neutralize+1","Deflect","Endless Agony","Riddle With Holes+1","Heel Hook","Riddle With Holes+1","Calculated Gamble","Endless Agony","Bandage Up","Finisher+1"],"relics":["Ring of the Snake","NeowsBlessing","Odd Mushroom","The Courier","Boot"],"potions_floor_usage":[7,14,16],"damage_taken":[{"damage":0,"enemies":"Cultist","floor":1,"turns":1},{"damage":0,"enemies":"Small Slimes","floor":2,"turns":1},{"damage":0,"enemies":"2 Louse","floor":5,"turns":1},{"damage":6,"enemies":"The Mushroom Lair","floor":7,"turns":5},{"damage":28,"enemies":"3 Sentries","floor":11,"turns":7},{"damage":0,"enemies":"Looter","floor":12,"turns":3},{"damage":0,"enemies":"Red Slaver","floor":14,"turns":1},{"damage":42,"enemies":"Hexaghost","floor":16,"turns":11}],"seed_played":"-4333475200246821712","potions_obtained":[{"floor":2,"key":"SpeedPotion"},{"floor":11,"key":"SteroidPotion"},{"floor":12,"key":"FairyPotion"},{"floor":14,"key":"Dexterity Potion"}],"is_trial":false,"path_per_floor":["M","M","$","?","M","R","?","R","T","?","E","M","$","M","R","B"],"character_chosen":"THE_SILENT","items_purchased":["Riddle With Holes","Endless Agony","Bandage Up"],"campfire_rested":0,"item_purchase_floors":[3,13,13],"current_hp_per_floor":[59,59,59,59,59,59,53,53,53,53,25,25,25,25,25,0],"gold":30,"neow_bonus":"THREE_ENEMY_KILL","is_prod":false,"is_daily":false,"chose_seed":false,"campfire_upgraded":3,"win_rate":0,"timestamp":1554755521,"path_taken":["M","?","$","?","M","R","?","R","T","?","E","M","$","M","R","BOSS"],"build_version":"2019-01-23","purchased_purges":0,"victory":false,"max_hp_per_floor":[66,66,66,66,66,66,66,66,66,66,66,66,66,66,66,66],"card_choices":[{"not_picked":["Flying Knee","Backflip"],"picked":"Deflect","floor":1},{"not_picked":["Outmaneuver","Eviscerate"],"picked":"Endless Agony","floor":2},{"not_picked":["Poisoned Stab","Distraction"],"picked":"Heel Hook","floor":5},{"not_picked":["Sucker Punch","Blur"],"picked":"Riddle With Holes","floor":7},{"not_picked":["Poisoned Stab","Slice"],"picked":"Calculated Gamble","floor":11},{"not_picked":["Quick Slash","Bane","Flechettes"],"picked":"SKIP","floor":12},{"not_picked":["Reflex","Dash"],"picked":"Finisher","floor":14}],"player_experience":885291,"relics_obtained":[{"floor":7,"key":"Odd Mushroom"},{"floor":9,"key":"The Courier"},{"floor":11,"key":"Boot"}],"event_choices":[{"damage_healed":0,"gold_gain":0,"player_choice":"Grow","damage_taken":0,"max_hp_gain":0,"max_hp_loss":0,"event_name":"Living Wall","floor":4,"gold_loss":0,"cards_upgraded":["Riddle With Holes"]},{"damage_healed":0,"gold_gain":0,"player_choice":"Fought Mushrooms","damage_taken":0,"max_hp_gain":0,"max_hp_loss":0,"event_name":"Mushrooms","floor":7,"gold_loss":0},{"damage_healed":0,"gold_gain":0,"player_choice":"Ignored","damage_taken":0,"max_hp_gain":0,"max_hp_loss":0,"event_name":"Golden Wing","floor":10,"gold_loss":0}],"is_beta":false,"boss_relics":[],"items_purged_floors":[],"is_endless":false,"potions_floor_spawned":[2,11,12,14],"killed_by":"Hexaghost","ascension_level":20}