{"gold_per_floor":[119,85,260,278,278,309,325,356,356,356,376,396,237,237,237,342,342,357,381,399,365,365,394,394,423,472,489,503,536,555,568,568,568],"floor_reached":33,"playtime":2302,"items_purged":[],"score":342,"play_id":"a0bb9e06-b4f8-481b-8745-1172efaf20b3","local_time":"20190218164937","is_ascension_mode":false,"campfire_choices":[{"data":"Static Discharge","floor":10,"key":"SMITH"},{"data":"Rainbow","floor":15,"key":"SMITH"},{"floor":24,"key":"REST"},{"floor":32,"key":"REST"}],"neow_cost":"NONE","seed_source_timestamp":166173857318204,"circlet_count":0,"master_deck":["Strike_B","Strike_B","Defend_B+1","Defend_B+1","Defend_B","Defend_B","Zap","Dualcast","Rebound","Self Repair","Genetic Algorithm","Static Discharge+1","Ball Lightning","Hologram","Coolheaded","White Noise","Rainbow+1","Multi-Cast","Sunder+1","Conserve Battery","Hello World","RitualDagger","Redo","Chill+1","White Noise","Electrodynamics","Darkness","Glacier","Ball Lightning"],"relics":["Cracked Core","NeowsBlessing","War Paint","Meat on the Bone","Bag of Preparation","Lantern","Empty Cage","Omamori","Turnip","Calipers","Centennial Puzzle","Smiling Mask"],"potions_floor_usage":[33],"damage_taken":[{"damage":0,"enemies":"Cultist","floor":1,"turns":1},{"damage":0,"enemies":"2 Louse","floor":4,"turns":1},{"damage":0,"enemies":"3 Sentries","floor":6,"turns":1},{"damage":16,"enemies":"Jaw Worm","floor":7,"turns":4},{"damage":29,"enemies":"Gremlin Nob","floor":8,"turns":5},{"damage":5,"enemies":"2 Fungi Beasts","floor":11,"turns":3},{"damage":1,"enemies":"Exordium Wildlife","floor":12,"turns":5},{"damage":22,"enemies":"Slime Boss","floor":16,"turns":6},{"damage":15,"enemies":"3 Byrds","floor":18,"turns":4},{"damage":5,"enemies":"2 Thieves","floor":20,"turns":4},{"damage":29,"enemies":"Slavers","floor":23,"turns":4},{"damage":28,"enemies":"Book of Stabbing","floor":25,"turns":5},{"damage":19,"enemies":"Shelled Parasite and Fungi","floor":27,"turns":7},{"damage":14,"enemies":"Cultist and Chosen","floor":28,"turns":6},{"damage":26,"enemies":"Gremlin Leader","floor":29,"turns":9},{"damage":20,"enemies":"Centurion and Healer","floor":30,"turns":3},{"damage":6,"enemies":"Snecko","floor":31,"turns":7},{"damage":65,"enemies":"Automaton","floor":33,"turns":6}],"seed_played":"8745728850897075922","potions_obtained":[{"floor":7,"key":"Poison Potion"},{"floor":8,"key":"SkillPotion"},{"floor":11,"key":"Regen Potion"},{"floor":12,"key":"FocusPotion"},{"floor":16,"key":"FocusPotion"}],"is_trial":false,"path_per_floor":["M","$","?","M","?","E","M","E","T","R","M","M","$","?","R","B",null,"M","T","M","$","?","E","R","E","T","M","M","E","M","M","R","B"],"character_chosen":"DEFECT","items_purchased":["Self Repair","Rainbow","Hello World"],"campfire_rested":2,"item_purchase_floors":[2,13,21],"current_hp_per_floor":[75,75,75,75,68,68,59,49,49,49,51,57,57,57,57,47,75,60,60,55,55,49,39,61,52,52,52,45,38,30,43,65,0],"gold":568,"neow_bonus":"THREE_ENEMY_KILL","is_prod":false,"is_daily":false,"chose_seed":false,"campfire_upgraded":2,"win_rate":0.0,"timestamp":1550530177,"path_taken":["M","$","?","M","?","E","M","E","T","R","M","M","$","?","R","BOSS","M","?","?","?","?","E","R","E","T","M","M","E","M","M","R","BOSS"],"build_version":"2019-01-23","purchased_purges":0,"victory":false,"max_hp_per_floor":[75,75,75,75,75,75,75,75,75,75,75,75,75,75,75,75,75,75,75,75,75,75,75,75,75,75,75,75,75,75,75,75,75],"card_choices":[{"not_picked":["Streamline","Beam Cell"],"picked":"Rebound","floor":1},{"not_picked":["Beam Cell","Hello World"],"picked":"Genetic Algorithm","floor":4},{"not_picked":["Gash","Go for the Eyes"],"picked":"Static Discharge","floor":6},{"not_picked":["Self Repair","Gash"],"picked":"Ball Lightning","floor":7},{"not_picked":["Go for the Eyes","Biased Cognition"],"picked":"Hologram","floor":8},{"not_picked":["Barrage","Scrape"],"picked":"Coolheaded","floor":11},{"not_picked":["Self Repair","Hologram"],"picked":"White Noise","floor":12},{"not_picked":["Meteor Strike","Buffer"],"picked":"Multi-Cast","floor":16},{"not_picked":["Redo","Reinforced Body"],"picked":"Sunder+1","floor":18},{"not_picked":["Compile Driver","Beam Cell"],"picked":"Conserve Battery","floor":20},{"not_picked":["Gash+1","Heatsinks+1"],"picked":"Redo","floor":23},{"not_picked":["Genetic Algorithm","Compile Driver"],"picked":"Chill+1","floor":25},{"not_picked":["Gash","Hello World+1"],"picked":"White Noise","floor":27},{"not_picked":["Compile Driver","Auto Shields+1"],"picked":"Electrodynamics","floor":28},{"not_picked":["Hologram","Beam Cell"],"picked":"Darkness","floor":29},{"not_picked":["Cold Snap+1","Compile Driver"],"picked":"Glacier","floor":30},{"not_picked":["Reprogram+1","Recycle+1"],"picked":"Ball Lightning","floor":31}],"player_experience":33131,"relics_obtained":[{"floor":6,"key":"Meat on the Bone"},{"floor":8,"key":"Bag of Preparation"},{"floor":9,"key":"Lantern"},{"floor":19,"key":"Omamori"},{"floor":23,"key":"Turnip"},{"floor":25,"key":"Calipers"},{"floor":26,"key":"Centennial Puzzle"},{"floor":29,"key":"Smiling Mask"}],"event_choices":[{"damage_healed":0,"gold_gain":175,"player_choice":"AGREE","damage_taken":0,"max_hp_gain":0,"max_hp_loss":0,"event_name":"Liars Game","floor":3,"gold_loss":0,"cards_obtained":["Doubt"]},{"damage_healed":0,"gold_gain":0,"player_choice":"Success","damage_taken":7,"relics_obtained":["War Paint"],"max_hp_gain":0,"max_hp_loss":0,"event_name":"Scrap Ooze","floor":5,"gold_loss":0},{"cards_removed":["Doubt"],"damage_healed":0,"gold_gain":0,"player_choice":"Purged","damage_taken":0,"max_hp_gain":0,"max_hp_loss":0,"event_name":"Purifier","floor":14,"gold_loss":0},{"damage_healed":0,"gold_gain":0,"player_choice":"Joined the Cult","damage_taken":6,"max_hp_gain":0,"max_hp_loss":0,"event_name":"Nest","floor":22,"gold_loss":0,"cards_obtained":["RitualDagger"]}],"is_beta":false,"boss_relics":[{"not_picked":["Busted Crown","Tiny House"],"picked":"Empty Cage"}],"items_purged_floors":[],"is_endless":false,"potions_floor_spawned":[7,8,11,12,16,23,27,28,30,31],"killed_by":"Automaton","ascension_level":0}