{"gold_per_floor":[112,126,51,62,78,78,28,28,28,28,28,355,355,368,368,472,472,482,482,482],"floor_reached":20,"playtime":554,"items_purged":["Regret"],"score":267,"play_id":"fe535a25-0318-4796-895d-74156a8d47b9","local_time":"20190425094752","is_ascension_mode":true,"campfire_choices":[{"data":"Coolheaded","floor":6,"key":"SMITH"},{"data":"Hologram","floor":8,"key":"SMITH"},{"data":"Zap","floor":13,"key":"SMITH"},{"data":"Gash","floor":15,"key":"SMITH"}],"neow_cost":"CURSE","seed_source_timestamp":129467110294900,"circlet_count":0,"master_deck":["AscendersBane","Strike_B","Defend_B","Defend_B","Defend_B","Zap+1","Dualcast","Hologram+1","Core Surge","Streamline","Coolheaded+1","Gash+1","Echo Form","RitualDagger"],"relics":["Cracked Core","Calipers","Old Coin","Eternal Feather"],"potions_floor_usage":[20,20],"damage_taken":[{"damage":2,"enemies":"2 Louse","floor":1,"turns":2},{"damage":5,"enemies":"Jaw Worm","floor":2,"turns":3},{"damage":0,"enemies":"Small Slimes","floor":4,"turns":3},{"damage":7,"enemies":"2 Fungi Beasts","floor":5,"turns":3},{"damage":17,"enemies":"Gremlin Nob","floor":12,"turns":4},{"damage":0,"enemies":"3 Louse","floor":14,"turns":2},{"damage":20,"enemies":"Hexaghost","floor":16,"turns":9},{"damage":27,"enemies":"3 Byrds","floor":18,"turns":4},{"damage":44,"enemies":"Colosseum Slavers","floor":20,"turns":3}],"seed_played":"-7070094694540152535","potions_obtained":[{"floor":2,"key":"Regen Potion"},{"floor":12,"key":"AttackPotion"},{"floor":14,"key":"PowerPotion"}],"is_trial":false,"path_per_floor":["M","M","$","M","M","R","?","R","T","?","?","E","R","M","R","B",null,"M","?","?"],"character_chosen":"DEFECT","items_purchased":[],"campfire_rested":0,"item_purchase_floors":[],"current_hp_per_floor":[66,61,61,61,54,54,54,54,54,59,52,35,35,35,35,15,64,37,31,0],"gold":482,"neow_bonus":"TRANSFORM_TWO_CARDS","is_prod":false,"is_daily":false,"chose_seed":false,"campfire_upgraded":4,"win_rate":0,"timestamp":1556156872,"path_taken":["M","M","$","M","M","R","?","R","T","?","?","E","R","M","R","BOSS","M","?","?"],"build_version":"2019-01-23","purchased_purges":1,"victory":false,"max_hp_per_floor":[75,75,75,75,75,75,75,75,75,80,80,80,80,80,80,80,80,80,80,80],"card_choices":[{"not_picked":["Stack","Leap"],"picked":"Streamline","floor":1},{"not_picked":["Force Field","Cold Snap"],"picked":"Coolheaded","floor":2},{"not_picked":["Compile Driver","Redo"],"picked":"Gash","floor":4},{"not_picked":["Turbo","Conserve Battery","Melter"],"picked":"SKIP","floor":5},{"not_picked":["Creative AI","Barrage","Undo"],"picked":"SKIP","floor":12},{"not_picked":["Steam Power","Compile Driver","Undo"],"picked":"SKIP","floor":14},{"not_picked":["Fission","Meteor Strike"],"picked":"Echo Form","floor":16},{"not_picked":["Consume+1","Cold Snap","Leap"],"picked":"SKIP","floor":18}],"player_experience":530259,"relics_obtained":[{"floor":9,"key":"Calipers"},{"floor":12,"key":"Old Coin"}],"event_choices":[{"cards_removed":["Strike_B"],"damage_healed":0,"gold_gain":0,"player_choice":"Card Removal","damage_taken":0,"max_hp_gain":0,"max_hp_loss":0,"event_name":"The Cleric","floor":7,"gold_loss":50},{"damage_healed":0,"gold_gain":0,"player_choice":"Donut","damage_taken":0,"max_hp_gain":5,"max_hp_loss":0,"event_name":"Big Fish","floor":10,"gold_loss":0},{"cards_removed":["Strike_B"],"damage_healed":0,"gold_gain":0,"player_choice":"Card Removal","damage_taken":7,"max_hp_gain":0,"max_hp_loss":0,"event_name":"Golden Wing","floor":11,"gold_loss":0},{"damage_healed":0,"gold_gain":0,"player_choice":"Joined the Cult","damage_taken":6,"max_hp_gain":0,"max_hp_loss":0,"event_name":"Nest","floor":19,"gold_loss":0,"cards_obtained":["RitualDagger"]},{"damage_healed":0,"gold_gain":0,"player_choice":"Fight","damage_taken":0,"max_hp_gain":0,"max_hp_loss":0,"event_name":"Colosseum","floor":20,"gold_loss":0}],"is_beta":false,"boss_relics":[{"not_picked":["Inserter","White Beast Statue"],"picked":"Eternal Feather"}],"items_purged_floors":[3],"is_endless":false,"potions_floor_spawned":[2,12,14,18],"killed_by":"Colosseum Slavers","ascension_level":11}