{"gold_per_floor":[14,24,24,43,43,69,69,89,89,115,115,115,134,209,209,308,308,324,337,337,348,447,447],"floor_reached":23,"playtime":1143,"items_purged":[],"score":201,"play_id":"b632537c-6c52-4d46-8bb5-adfc68c4ae51","local_time":"20190420165424","is_ascension_mode":false,"campfire_choices":[{"data":"Armaments","floor":7,"key":"SMITH"},{"floor":15,"key":"RECALL"}],"neow_cost":"NO_GOLD","seed_source_timestamp":0,"circlet_count":0,"master_deck":["Strike_R","Strike_R","Strike_R","Strike_R","Defend_R","Defend_R","Defend_R","Defend_R","Bash","Bandage Up","Finesse","Armaments+1","Iron Wave","Spot Weakness","Heavy Blade","Twin Strike","Infernal Blade","Warcry","Barricade","Twin Strike","Rupture+1","Entrench","Body Slam"],"special_seed":0,"relics":["Burning Blood","Ancient Tea Set","Bottled Flame","Ornamental Fan","Mark of Pain"],"potions_floor_usage":[23,23],"damage_taken":[{"damage":0.0,"enemies":"2 Louse","floor":1.0,"turns":3.0},{"damage":1,"enemies":"Cultist","floor":2,"turns":3},{"damage":6,"enemies":"Jaw Worm","floor":4,"turns":3},{"damage":33,"enemies":"Lagavulin","floor":6,"turns":7},{"damage":0,"enemies":"Looter","floor":8,"turns":2},{"damage":24,"enemies":"Gremlin Nob","floor":10,"turns":4},{"damage":5,"enemies":"2 Fungi Beasts","floor":13,"turns":3},{"damage":36,"enemies":"Hexaghost","floor":16,"turns":10},{"damage":12,"enemies":"Shell Parasite","floor":18,"turns":5},{"damage":25,"enemies":"Chosen","floor":19,"turns":5},{"damage":4,"enemies":"Snecko","floor":21,"turns":6},{"damage":85,"enemies":"Book of Stabbing","floor":23,"turns":6}],"seed_played":"-1992904382309837452","potions_obtained":[{"floor":1,"key":"PowerPotion"},{"floor":2,"key":"Poison Potion"},{"floor":3,"key":"FairyPotion"},{"floor":4,"key":"PowerPotion"}],"is_trial":false,"path_per_floor":["M","M","?","M","?","E","R","M","T","E","?","$","M","?","R","B",null,"M","M","?","M","?","E"],"character_chosen":"IRONCLAD","items_purchased":[],"campfire_rested":0,"item_purchase_floors":[],"current_hp_per_floor":[80,80,80,80,73,50,50,56,56,42,42,42,49,38,38,12,80,74,59,59,61,61,0],"gold":447,"neow_bonus":"RANDOM_COLORLESS_2","is_prod":false,"is_daily":false,"chose_seed":false,"campfire_upgraded":1,"win_rate":0,"timestamp":1555797264,"path_taken":["M","M","?","?","?","E","R","M","T","E","?","?","M","?","R","BOSS","M","M","?","M","?","E"],"build_version":"2019-01-23","purchased_purges":0,"victory":false,"max_hp_per_floor":[80,80,80,80,80,80,80,80,80,80,80,80,80,80,80,80,80,80,80,80,80,80,80],"card_choices":[{"not_picked":["Hemokinesis","Headbutt"],"picked":"Armaments","floor":1},{"not_picked":["Hemokinesis","Shrug It Off"],"picked":"Iron Wave","floor":2},{"not_picked":["Cleave","Evolve"],"picked":"Spot Weakness","floor":4},{"not_picked":["Power Through","Warcry"],"picked":"Heavy Blade","floor":6},{"not_picked":["Wild Strike","Clash"],"picked":"Twin Strike","floor":8},{"not_picked":["Shockwave","Double Tap"],"picked":"Infernal Blade","floor":10},{"not_picked":["Combust","Heavy Blade"],"picked":"Warcry","floor":13},{"not_picked":["Feed","Offering"],"picked":"Barricade","floor":16},{"not_picked":["Iron Wave","Headbutt"],"picked":"Twin Strike","floor":18},{"not_picked":["Clothesline+1","Headbutt"],"picked":"Rupture+1","floor":19},{"not_picked":["True Grit","Flex+1"],"picked":"Body Slam","floor":21}],"player_experience":222000,"relics_obtained":[{"floor":6,"key":"Ancient Tea Set"},{"floor":10,"key":"Bottled Flame"}],"event_choices":[{"damage_healed":0,"gold_gain":0,"player_choice":"Got Potions","damage_taken":0,"max_hp_gain":0,"max_hp_loss":0,"event_name":"Lab","floor":3,"gold_loss":0},{"cards_removed":["Strike_R"],"damage_healed":0,"gold_gain":0,"player_choice":"Card Removal","damage_taken":7,"max_hp_gain":0,"max_hp_loss":0,"event_name":"Golden Wing","floor":5,"gold_loss":0},{"damage_healed":0,"gold_gain":0,"player_choice":"Searched \u00272\u0027 times","damage_taken":0,"relics_obtained":["Ornamental Fan"],"max_hp_gain":0,"max_hp_loss":0,"event_name":"Dead Adventurer","floor":11,"gold_loss":0},{"damage_healed":0,"gold_gain":75,"player_choice":"Gather Gold","damage_taken":11,"max_hp_gain":0,"max_hp_loss":0,"event_name":"World of Goop","floor":14,"gold_loss":0},{"damage_healed":0,"gold_gain":0,"player_choice":"Read","damage_taken":0,"max_hp_gain":0,"max_hp_loss":0,"event_name":"The Library","floor":20,"gold_loss":0,"cards_obtained":["Entrench"]},{"damage_healed":0,"gold_gain":99,"player_choice":"Stole From Cult","damage_taken":0,"max_hp_gain":0,"max_hp_loss":0,"event_name":"Nest","floor":22,"gold_loss":0}],"is_beta":false,"boss_relics":[{"not_picked":["Runic Cube","Busted Crown"],"picked":"Mark of Pain"}],"items_purged_floors":[],"is_endless":false,"potions_floor_spawned":[1,2,4,10,21],"killed_by":"Book of Stabbing","ascension_level":0}