{"gold_per_floor":[13,25,45,45,4,4,30,30,81,91,91,91,104,104,104,104],"floor_reached":16,"playtime":435,"items_purged":[],"score":200,"play_id":"94dbf41c-8643-49c3-b73d-54e99da1ff0e","local_time":"20190205153706","is_ascension_mode":true,"campfire_choices":[{"data":"Heavy Blade","floor":6.0,"key":"SMITH"},{"floor":8.0,"key":"REST"},{"data":"Rage","floor":12.0,"key":"SMITH"},{"data":"Flex","floor":15.0,"key":"SMITH"}],"neow_cost":"NO_GOLD","seed_source_timestamp":0,"circlet_count":0,"master_deck":["AscendersBane","Strike_R","Strike_R","Strike_R","Defend_R","Defend_R","Defend_R","Defend_R","Bash","Heavy Blade+1","Clothesline","Rupture","Inflame","Feed","Rage+1","Flex+1"],"special_seed":0,"relics":["Burning Blood","Du-Vu Doll","Vajra","Omamori","Golden Idol"],"potions_floor_usage":[16],"damage_taken":[{"damage":6.0,"enemies":"Cultist","floor":1.0,"turns":3.0},{"damage":4.0,"enemies":"Jaw Worm","floor":2.0,"turns":4.0},{"damage":0.0,"enemies":"2 Louse","floor":3.0,"turns":2.0},{"damage":55.0,"enemies":"3 Sentries","floor":7.0,"turns":11.0},{"damage":0.0,"enemies":"Large Slime","floor":10.0,"turns":4.0},{"damage":31.0,"enemies":"Lots of Slimes","floor":13.0,"turns":5.0},{"damage":57,"enemies":"Slime Boss","floor":16,"turns":7}],"seed_played":"-7059241025394641319","potions_obtained":[{"floor":2.0,"key":"Ancient Potion"},{"floor":7.0,"key":"FairyPotion"},{"floor":13.0,"key":"Fire Potion"}],"is_trial":false,"path_per_floor":["M","M","M","?","$","R","E","R","T","M","?","R","M","?","R","B"],"character_chosen":"IRONCLAD","items_purchased":["Inflame"],"campfire_rested":1,"item_purchase_floors":[5],"current_hp_per_floor":[68,70,75,75,75,75,26,48,48,57,57,57,35,35,35,0],"gold":104,"neow_bonus":"ONE_RARE_RELIC","is_prod":false,"is_daily":false,"chose_seed":false,"campfire_upgraded":3,"win_rate":0,"timestamp":1549399026,"path_taken":["M","?","?","?","?","R","E","R","T","M","?","R","?","?","R","BOSS"],"build_version":"2019-01-23","purchased_purges":0,"victory":false,"max_hp_per_floor":[75,75,75,75,75,75,75,75,75,78,78,78,81,81,81,81],"card_choices":[{"not_picked":["Twin Strike","Armaments"],"picked":"Heavy Blade","floor":1.0},{"not_picked":["Carnage","Wild Strike"],"picked":"Clothesline","floor":2.0},{"not_picked":["Disarm","Anger"],"picked":"Rupture","floor":3.0},{"not_picked":["Evolve","Entrench"],"picked":"Feed","floor":7.0},{"not_picked":["Armaments","Fire Breathing"],"picked":"Rage","floor":10.0},{"not_picked":["Burning Pact","Twin Strike"],"picked":"Flex","floor":13.0}],"player_experience":822053,"relics_obtained":[{"floor":7.0,"key":"Vajra"},{"floor":9.0,"key":"Omamori"}],"event_choices":[{"cards_removed":["Strike_R"],"damage_healed":0.0,"max_hp_gain":0.0,"max_hp_loss":0.0,"gold_gain":0.0,"event_name":"Bonfire Elementals","player_choice":"Offered Basic","floor":4.0,"gold_loss":0.0,"damage_taken":0.0},{"cards_removed":["Strike_R"],"damage_healed":0.0,"max_hp_gain":0.0,"max_hp_loss":0.0,"gold_gain":0.0,"event_name":"Purifier","player_choice":"Purged","floor":11.0,"gold_loss":0.0,"damage_taken":0.0},{"damage_healed":0.0,"max_hp_gain":0.0,"max_hp_loss":0.0,"gold_gain":0.0,"event_name":"Golden Idol","player_choice":"Take Wound","floor":14.0,"gold_loss":0.0,"damage_taken":0.0,"relics_obtained":["Golden Idol"],"cards_obtained":["Injury"]}],"is_beta":false,"boss_relics":[],"items_purged_floors":[],"is_endless":false,"potions_floor_spawned":[2,7,13],"killed_by":"Slime Boss","ascension_level":20}