{"gold_per_floor":[119,69,80,5,5,5,28,40,63,92,102,115,15,40,52,164,176,161,161,161,161,161,161,161,161,161,161,161,161,161,161,161,161],"floor_reached":33,"playtime":1315,"items_purged":["Strike_R","Defend_R"],"score":419,"play_id":"cee192dd-fbf0-48ff-be28-42b23ecb9820","local_time":"20190416013809","is_ascension_mode":true,"campfire_choices":[{"data":"Inflame","floor":6,"key":"SMITH"},{"floor":15,"key":"DIG"},{"floor":23,"key":"DIG"},{"floor":25,"key":"REST"},{"floor":30,"key":"REST"},{"floor":32,"key":"DIG"}],"neow_cost":"TEN_PERCENT_HP_LOSS","seed_source_timestamp":406915264585700,"circlet_count":0,"master_deck":["Strike_R","Strike_R","Strike_R+1","Defend_R","Defend_R","Bash","Inflame+1","Clash","Flex","Pommel Strike","Battle Trance","Flex","Fiend Fire","Sword Boomerang+1","Flame Barrier","Burning Pact"],"relics":["Burning Blood","Torii","Pen Nib","Bronze Scales","Shovel","MawBank","Bag of Preparation","Ectoplasm","Whetstone","Unceasing Top","Question Card","Art of War","Omamori","Bottled Tornado"],"potions_floor_usage":[10,14,16,22,28,33,33],"damage_taken":[{"damage":7,"enemies":"Jaw Worm","floor":1,"turns":3},{"damage":15,"enemies":"Small Slimes","floor":3,"turns":5},{"damage":0,"enemies":"Cultist","floor":8,"turns":2},{"damage":24,"enemies":"Gremlin Nob","floor":10,"turns":4},{"damage":14,"enemies":"Lots of Slimes","floor":11,"turns":4},{"damage":1,"enemies":"Red Slaver","floor":12,"turns":2},{"damage":25,"enemies":"Lagavulin","floor":14,"turns":4},{"damage":19,"enemies":"The Guardian","floor":16,"turns":9},{"damage":11,"enemies":"2 Thieves","floor":18,"turns":2},{"damage":12,"enemies":"Shell Parasite","floor":19,"turns":2},{"damage":0,"enemies":"Snecko","floor":20,"turns":2},{"damage":1,"enemies":"3 Cultists","floor":21,"turns":4},{"damage":1,"enemies":"Cultist and Chosen","floor":22,"turns":5},{"damage":42,"enemies":"Slavers","floor":24,"turns":5},{"damage":27,"enemies":"Shelled Parasite and Fungi","floor":27,"turns":4},{"damage":8,"enemies":"Book of Stabbing","floor":28,"turns":2},{"damage":14,"enemies":"Snake Plant","floor":29,"turns":2},{"damage":53,"enemies":"Collector","floor":33,"turns":4}],"seed_played":"-8788954960320942684","potions_obtained":[{"floor":3,"key":"Weak Potion"},{"floor":10,"key":"Poison Potion"},{"floor":14,"key":"GamblersBrew"},{"floor":18,"key":"Swift Potion"},{"floor":20,"key":"LiquidBronze"},{"floor":21,"key":"SkillPotion"},{"floor":28,"key":"Swift Potion"},{"floor":29,"key":"FairyPotion"}],"is_trial":false,"path_per_floor":["M","?","M","$","?","R","T","M","T","E","M","M","$","E","R","B",null,"M","M","M","M","M","R","E","R","T","M","E","M","R","T","R","B"],"character_chosen":"IRONCLAD","items_purchased":[],"campfire_rested":2,"item_purchase_floors":[],"current_hp_per_floor":[71,71,62,62,62,62,62,68,68,50,42,47,47,28,28,15,58,53,47,53,58,63,63,27,48,48,27,25,17,38,38,38,0],"gold":161,"neow_bonus":"ONE_RARE_RELIC","is_prod":false,"is_daily":false,"chose_seed":false,"campfire_upgraded":1,"win_rate":0,"timestamp":1555349889,"path_taken":["M","?","M","$","?","R","?","M","T","E","M","?","?","E","R","BOSS","M","M","M","M","M","R","E","R","T","M","E","?","R","?","R","BOSS"],"build_version":"2019-01-23","purchased_purges":2,"victory":false,"max_hp_per_floor":[72,72,72,72,72,72,72,72,72,72,72,72,72,72,72,72,72,72,72,72,72,72,72,72,72,72,72,72,72,72,72,72,72],"card_choices":[{"not_picked":["Iron Wave","Combust"],"picked":"Inflame","floor":1},{"not_picked":["Iron Wave","Shockwave"],"picked":"Clash","floor":3},{"not_picked":["Thunderclap","Clothesline"],"picked":"Flex","floor":8},{"not_picked":["Iron Wave","Corruption"],"picked":"Pommel Strike","floor":10},{"not_picked":["Anger","Havoc"],"picked":"Battle Trance","floor":11},{"not_picked":["Evolve","Cleave","Feel No Pain"],"picked":"SKIP","floor":12},{"not_picked":["Exhume","Burning Pact"],"picked":"Flex","floor":14},{"not_picked":["Double Tap","Demon Form"],"picked":"Fiend Fire","floor":16},{"not_picked":["Warcry","Evolve"],"picked":"Sword Boomerang","floor":18},{"not_picked":["Armaments","Hemokinesis","Second Wind+1"],"picked":"SKIP","floor":19},{"not_picked":["Second Wind+1","Juggernaut"],"picked":"Flame Barrier","floor":20},{"not_picked":["Iron Wave","Blood for Blood+1","Body Slam"],"picked":"SKIP","floor":21},{"not_picked":["Infernal Blade+1","Evolve","Havoc"],"picked":"SKIP","floor":22},{"not_picked":["Pummel","Uppercut","Anger"],"picked":"SKIP","floor":24},{"not_picked":["Heavy Blade","Twin Strike+1","Reckless Charge","Warcry"],"picked":"SKIP","floor":27},{"not_picked":["Intimidate+1","Searing Blow","Perfected Strike","Cleave"],"picked":"SKIP","floor":28},{"not_picked":["Perfected Strike+1","Corruption+1","Bloodletting"],"picked":"Burning Pact","floor":29}],"player_experience":494583,"relics_obtained":[{"floor":7,"key":"Pen Nib"},{"floor":9,"key":"Bronze Scales"},{"floor":10,"key":"Shovel"},{"floor":14,"key":"MawBank"},{"floor":15,"key":"Bag of Preparation"},{"floor":23,"key":"Whetstone"},{"floor":24,"key":"Unceasing Top"},{"floor":26,"key":"Question Card"},{"floor":28,"key":"Art of War"},{"floor":31,"key":"Omamori"},{"floor":32,"key":"Bottled Tornado"}],"event_choices":[{"cards_removed":["Strike_R"],"damage_healed":0,"gold_gain":0,"player_choice":"Card Removal","damage_taken":0,"max_hp_gain":0,"max_hp_loss":0,"event_name":"The Cleric","floor":2,"gold_loss":50},{"cards_removed":["Defend_R"],"damage_healed":0,"gold_gain":0,"player_choice":"Forget","damage_taken":0,"max_hp_gain":0,"max_hp_loss":0,"event_name":"Living Wall","floor":5,"gold_loss":0}],"is_beta":false,"boss_relics":[{"not_picked":["Empty Cage","Astrolabe"],"picked":"Ectoplasm"}],"items_purged_floors":[4,13],"is_endless":false,"potions_floor_spawned":[3,10,14,18,20,21,28,29],"killed_by":"Collector","ascension_level":8}