{"gold_per_floor":[359,359,359,370,128,128,162,162,162,179,199,228,228,238,238,315,315,331,331,351,365,37,37,48,48,48,48,64,64,64,97,97,172,172,187,187,62,74,119,147,147,147,147,162,162,173,189,289,289,289,289,289,289,9,35,35],"floor_reached":57,"playtime":2015,"items_purged":["Strike_G","Strike_G","Defend_G"],"score":3070,"play_id":"64ae5f90-8727-4ff1-94f2-872bfbdabd2c","local_time":"20190506175745","is_ascension_mode":true,"campfire_choices":[{"data":"Bouncing Flask","floor":6.0,"key":"SMITH"},{"data":"Neutralize","floor":13.0,"key":"SMITH"},{"data":"Catalyst","floor":15.0,"key":"SMITH"},{"data":"Calculated Gamble","floor":23.0,"key":"SMITH"},{"data":"Tactician","floor":29.0,"key":"SMITH"},{"data":"Noxious Fumes","floor":32.0,"key":"SMITH"},{"data":"Footwork","floor":41.0,"key":"SMITH"},{"floor":45.0,"key":"RECALL"},{"data":"Footwork","floor":49.0,"key":"SMITH"},{"data":"Crippling Poison","floor":53.0,"key":"SMITH"}],"neow_cost":"PERCENT_DAMAGE","seed_source_timestamp":1016378424686075,"circlet_count":0,"master_deck":["AscendersBane","Defend_G","Defend_G","Defend_G","Defend_G","Survivor","Neutralize+1","Calculated Gamble+1","Bouncing Flask+1","Footwork+1","Noxious Fumes+1","Crippling Poison+1","Footwork+1","Catalyst+1","Adrenaline","Tactician+1"],"special_seed":0,"relics":["Ring of the Snake","PreservedInsect","Mercury Hourglass","Matryoshka","Ginger","Runic Pyramid","TheAbacus","Potion Belt","Regal Pillow","Busted Crown","The Specimen","Ninja Scroll","Snake Skull","Sundial","Tough Bandages","Medical Kit","Lantern"],"potions_floor_usage":[56,56,56],"damage_taken":[{"damage":0.0,"enemies":"Small Slimes","floor":1.0,"turns":4.0},{"damage":0.0,"enemies":"Cultist","floor":4.0,"turns":4.0},{"damage":23.0,"enemies":"3 Sentries","floor":7.0,"turns":11.0},{"damage":0.0,"enemies":"Jaw Worm","floor":10.0,"turns":3.0},{"damage":0.0,"enemies":"2 Fungi Beasts","floor":11.0,"turns":4.0},{"damage":6.0,"enemies":"Lagavulin","floor":12.0,"turns":4.0},{"damage":0.0,"enemies":"Exordium Wildlife","floor":14.0,"turns":3.0},{"damage":6.0,"enemies":"Hexaghost","floor":16.0,"turns":9.0},{"damage":0.0,"enemies":"Chosen","floor":18.0,"turns":3.0},{"damage":0.0,"enemies":"Spheric Guardian","floor":20.0,"turns":3.0},{"damage":0.0,"enemies":"Cultist and Chosen","floor":21.0,"turns":5.0},{"damage":3.0,"enemies":"Snake Plant","floor":24.0,"turns":4.0},{"damage":0.0,"enemies":"Sentry and Sphere","floor":28.0,"turns":5.0},{"damage":0.0,"enemies":"Book of Stabbing","floor":31.0,"turns":5.0},{"damage":0.0,"enemies":"Automaton","floor":33.0,"turns":8.0},{"damage":0.0,"enemies":"3 Shapes","floor":35.0,"turns":4.0},{"damage":4.0,"enemies":"3 Darklings","floor":38.0,"turns":5.0},{"damage":48.0,"enemies":"2 Orb Walkers","floor":39.0,"turns":5.0},{"damage":4.0,"enemies":"Nemesis","floor":40.0,"turns":5.0},{"damage":1.0,"enemies":"Writhing Mass","floor":44.0,"turns":5.0},{"damage":1.0,"enemies":"4 Shapes","floor":46.0,"turns":4.0},{"damage":0.0,"enemies":"3 Darklings","floor":47.0,"turns":4.0},{"damage":0.0,"enemies":"Mind Bloom Boss Battle","floor":48.0,"turns":3.0},{"damage":0.0,"enemies":"Donu and Deca","floor":50.0,"turns":9.0},{"damage":0.0,"enemies":"Time Eater","floor":51.0,"turns":7.0},{"damage":12.0,"enemies":"Shield and Spear","floor":55.0,"turns":6.0},{"damage":41,"enemies":"The Heart","floor":56,"turns":10}],"seed_played":"-4338570525124308069","potions_obtained":[{"floor":1.0,"key":"Block Potion"},{"floor":11.0,"key":"Energy Potion"},{"floor":12.0,"key":"Fire Potion"},{"floor":16.0,"key":"Energy Potion"},{"floor":18.0,"key":"FearPotion"},{"floor":28.0,"key":"Poison Potion"},{"floor":31.0,"key":"AttackPotion"},{"floor":38.0,"key":"Regen Potion"},{"floor":40.0,"key":"SteroidPotion"},{"floor":46.0,"key":"Explosive Potion"},{"floor":47.0,"key":"Dexterity Potion"},{"floor":48.0,"key":"GamblersBrew"}],"is_trial":false,"path_per_floor":["M","?","?","M","$","R","E","T","T","M","M","E","R","M","R","B",null,"M","?","M","M","$","R","M","?","T","$","M","R","$","E","R","B",null,"M","?","$","M","?","E","R","?","T","M","R","M","M","?","R","B","B",null,"R","$","E","B",null],"character_chosen":"THE_SILENT","items_purchased":["Bouncing Flask","Footwork","TheAbacus","Medical Kit","Energy Potion"],"campfire_rested":0,"item_purchase_floors":[5,5,22,54,54],"current_hp_per_floor":[44,37,37,37,37,37,14,14,14,14,14,8,8,8,8,2,50,50,50,50,50,50,50,47,29,29,29,29,29,29,29,29,29,61,61,61,61,57,9,20,20,20,20,19,19,18,18,18,18,18,18,58,58,58,46,5],"gold":35,"neow_bonus":"TWO_FIFTY_GOLD","is_prod":false,"is_daily":false,"chose_seed":false,"campfire_upgraded":9,"win_rate":0,"timestamp":1557136665,"path_taken":["M","?","?","?","$","R","E","?","T","M","M","E","R","M","R","BOSS","M","?","M","M","$","R","M","?","T","$","?","R","$","E","R","BOSS","M","?","$","M","?","E","R","?","T","?","R","?","M","?","R","BOSS","BOSS","R","$","E","BOSS"],"build_version":"2019-01-23","purchased_purges":3,"victory":true,"max_hp_per_floor":[66,66,66,66,66,66,66,66,66,66,66,66,66,66,66,66,66,66,66,66,66,66,66,66,71,71,71,71,71,71,71,71,71,71,71,71,71,71,71,71,71,71,71,71,71,71,71,71,71,71,71,71,71,71,71,71],"card_choices":[{"not_picked":["Blade Dance","Prepared"],"picked":"Calculated Gamble","floor":1.0},{"not_picked":["Sucker Punch","Riddle With Holes","Calculated Gamble"],"picked":"SKIP","floor":4.0},{"not_picked":["Distraction","Outmaneuver","Riddle With Holes"],"picked":"SKIP","floor":7.0},{"not_picked":["Prepared","Dagger Spray"],"picked":"Noxious Fumes","floor":10.0},{"not_picked":["Quick Slash","Masterful Stab"],"picked":"Crippling Poison","floor":11.0},{"not_picked":["Deflect","Dash"],"picked":"Footwork","floor":12.0},{"not_picked":["Backflip","Escape Plan"],"picked":"Catalyst","floor":14.0},{"not_picked":["Wraith Form v2","Phantasmal Killer"],"picked":"Adrenaline","floor":16.0},{"not_picked":["Caltrops","Backstab"],"picked":"Tactician","floor":18.0},{"not_picked":["Choke","Deflect","Slice"],"picked":"SKIP","floor":20.0},{"not_picked":["Backflip","Poisoned Stab","Well Laid Plans"],"picked":"SKIP","floor":21.0},{"not_picked":["Deadly Poison","Bane","Backflip"],"picked":"SKIP","floor":24.0},{"not_picked":["Distraction","Flechettes","Dagger Throw"],"picked":"SKIP","floor":28.0},{"not_picked":["Expertise","Prepared","Dash"],"picked":"SKIP","floor":31.0},{"not_picked":["Dagger Throw"],"picked":"SKIP","floor":35.0},{"not_picked":["Cloak And Dagger+1"],"picked":"SKIP","floor":38.0},{"not_picked":["Outmaneuver"],"picked":"SKIP","floor":40.0},{"not_picked":["Infinite Blades+1"],"picked":"SKIP","floor":44.0},{"not_picked":["Dagger Throw"],"picked":"SKIP","floor":46.0},{"not_picked":["Dodge and Roll"],"picked":"SKIP","floor":47.0},{"not_picked":["Infinite Blades+1"],"picked":"SKIP","floor":55.0}],"player_experience":1563207,"relics_obtained":[{"floor":7.0,"key":"PreservedInsect"},{"floor":8.0,"key":"Mercury Hourglass"},{"floor":9.0,"key":"Matryoshka"},{"floor":12.0,"key":"Ginger"},{"floor":26.0,"key":"Potion Belt"},{"floor":31.0,"key":"Regal Pillow"},{"floor":39.0,"key":"The Specimen"},{"floor":40.0,"key":"Ninja Scroll"},{"floor":43.0,"key":"Snake Skull"},{"floor":43.0,"key":"Sundial"},{"floor":48.0,"key":"Tough Bandages"},{"floor":55.0,"key":"Lantern"}],"event_choices":[{"cards_removed":["Strike_G"],"damage_healed":0.0,"max_hp_gain":0.0,"max_hp_loss":0.0,"gold_gain":0.0,"event_name":"Golden Wing","player_choice":"Card Removal","floor":2.0,"gold_loss":0.0,"damage_taken":7.0},{"cards_removed":["Strike_G"],"damage_healed":0.0,"max_hp_gain":0.0,"max_hp_loss":0.0,"gold_gain":0.0,"event_name":"Wheel of Change","player_choice":"Card Removal","floor":3.0,"gold_loss":0.0,"damage_taken":0.0},{"damage_healed":0.0,"max_hp_gain":0.0,"max_hp_loss":0.0,"gold_gain":0.0,"event_name":"The Mausoleum","player_choice":"Ignored","floor":19.0,"gold_loss":0.0,"damage_taken":0.0},{"damage_healed":0.0,"max_hp_gain":5.0,"max_hp_loss":0.0,"gold_gain":0.0,"event_name":"Forgotten Altar","player_choice":"Shed Blood","floor":25.0,"gold_loss":0.0,"damage_taken":23.0},{"cards_removed":["Strike_G"],"damage_healed":0.0,"max_hp_gain":0.0,"max_hp_loss":0.0,"gold_gain":0.0,"event_name":"Falling","player_choice":"Removed Attack","floor":36.0,"gold_loss":0.0,"damage_taken":0.0},{"damage_healed":0.0,"max_hp_gain":0.0,"max_hp_loss":0.0,"gold_gain":0.0,"event_name":"Mysterious Sphere","player_choice":"Fight","floor":39.0,"gold_loss":0.0,"damage_taken":0.0},{"damage_healed":0.0,"max_hp_gain":0.0,"max_hp_loss":0.0,"gold_gain":0.0,"event_name":"Tomb of Lord Red Mask","player_choice":"Ignored","floor":42.0,"gold_loss":0.0,"damage_taken":0.0},{"damage_healed":0.0,"max_hp_gain":0.0,"max_hp_loss":0.0,"gold_gain":0.0,"event_name":"MindBloom","player_choice":"Fight","floor":48.0,"gold_loss":0.0,"damage_taken":0.0}],"is_beta":false,"boss_relics":[{"not_picked":["Sozu","WristBlade"],"picked":"Runic Pyramid"},{"not_picked":["Ring of the Serpent","Cursed Key"],"picked":"Busted Crown"}],"items_purged_floors":[5,22,37],"is_endless":false,"potions_floor_spawned":[1,11,12,16,18,28,31,33,38,40,46,47,48],"ascension_level":20}