{"gold_per_floor":[117,137,137,137,137,177,192,192,268,268,287,287,307,343,343,343],"floor_reached":16,"playtime":335,"items_purged":[],"score":270,"play_id":"7e515819-9bf0-4d04-b5fc-50d6c3e1e31a","local_time":"20190226121317","is_ascension_mode":true,"campfire_choices":[{"data":"A Thousand Cuts","floor":8,"key":"SMITH"},{"data":"Dagger Spray","floor":10,"key":"SMITH"},{"data":"Caltrops","floor":12,"key":"SMITH"},{"floor":15,"key":"REST"}],"neow_cost":"NONE","seed_source_timestamp":56122895814222,"circlet_count":0,"master_deck":["AscendersBane","Defend_G","Defend_G","Defend_G","Defend_G","Defend_G","Strike_G","Strike_G","Strike_G","Strike_G","Strike_G","Survivor","Neutralize","Quick Slash","Dagger Spray+1","A Thousand Cuts+1","Setup","PiercingWail","Caltrops+1","Glass Knife","Infinite Blades"],"relics":["Ring of the Snake","NeowsBlessing","Golden Idol","Strawberry","Ninja Scroll","Calipers"],"potions_floor_usage":[14,14,16],"damage_taken":[{"damage":0,"enemies":"Small Slimes","floor":1,"turns":1},{"damage":0,"enemies":"2 Louse","floor":2,"turns":1},{"damage":0,"enemies":"Lagavulin","floor":6,"turns":1},{"damage":0,"enemies":"Cultist","floor":7,"turns":3},{"damage":0,"enemies":"Gremlin Gang","floor":11,"turns":2},{"damage":13,"enemies":"Blue Slaver","floor":13,"turns":2},{"damage":44,"enemies":"Gremlin Nob","floor":14,"turns":5},{"damage":27,"enemies":"The Guardian","floor":16,"turns":5}],"seed_played":"2884331699455536839","potions_obtained":[{"floor":1,"key":"Fire Potion"},{"floor":2,"key":"EssenceOfSteel"},{"floor":14,"key":"GamblersBrew"}],"is_trial":false,"path_per_floor":["M","M","?","?","?","E","M","R","T","R","M","R","M","E","R","B"],"character_chosen":"THE_SILENT","items_purchased":[],"campfire_rested":1,"item_purchase_floors":[],"current_hp_per_floor":[59,59,59,52,52,59,59,59,59,59,59,59,46,2,23,0],"gold":343,"neow_bonus":"THREE_ENEMY_KILL","is_prod":false,"is_daily":false,"chose_seed":false,"campfire_upgraded":3,"win_rate":0,"timestamp":1551201197,"path_taken":["M","M","?","?","?","E","M","R","T","R","M","R","M","E","R","BOSS"],"build_version":"2019-01-23","purchased_purges":0,"victory":false,"max_hp_per_floor":[66,66,66,66,66,73,73,73,73,73,73,73,73,73,73,73],"card_choices":[{"not_picked":["Deadly Poison","Catalyst"],"picked":"Quick Slash","floor":1},{"not_picked":["Flechettes","Outmaneuver"],"picked":"Dagger Spray","floor":2},{"not_picked":["Flechettes","Acrobatics"],"picked":"Setup","floor":6},{"not_picked":["Dagger Spray","Bane"],"picked":"PiercingWail","floor":7},{"not_picked":["Bane","Underhanded Strike"],"picked":"Caltrops","floor":11},{"not_picked":["Dagger Throw","Predator"],"picked":"Glass Knife","floor":13},{"not_picked":["PiercingWail","Outmaneuver"],"picked":"Infinite Blades","floor":14}],"player_experience":841179,"relics_obtained":[{"floor":6,"key":"Strawberry"},{"floor":9,"key":"Ninja Scroll"},{"floor":14,"key":"Calipers"}],"event_choices":[{"damage_healed":0,"gold_gain":0,"player_choice":"Take Wound","damage_taken":0,"relics_obtained":["Golden Idol"],"max_hp_gain":0,"max_hp_loss":0,"event_name":"Golden Idol","floor":3,"gold_loss":0,"cards_obtained":["Injury"]},{"cards_removed":["Injury"],"damage_healed":0,"gold_gain":0,"player_choice":"Card Removal","damage_taken":7,"max_hp_gain":0,"max_hp_loss":0,"event_name":"Golden Wing","floor":4,"gold_loss":0},{"damage_healed":0,"gold_gain":0,"player_choice":"1 cards matched","damage_taken":0,"max_hp_gain":0,"max_hp_loss":0,"event_name":"Match and Keep!","floor":5,"gold_loss":0,"cards_obtained":["A Thousand Cuts"]}],"is_beta":false,"boss_relics":[],"items_purged_floors":[],"is_endless":false,"potions_floor_spawned":[1,2,14],"killed_by":"The Guardian","ascension_level":20}