{"gold_per_floor":[214,214,214,232,277,277,309,323,346,365,203,203],"floor_reached":12,"playtime":303,"items_purged":[],"score":156,"play_id":"ac659e2d-54d2-46d1-9dd9-6d6ba32b1858","local_time":"20190419152746","is_ascension_mode":true,"campfire_choices":[{"data":"Zap","floor":6,"key":"SMITH"}],"neow_cost":"NONE","seed_source_timestamp":769726199149513,"circlet_count":0,"master_deck":["AscendersBane","Strike_B","Strike_B","Strike_B","Defend_B","Defend_B","Defend_B","Defend_B","Zap+1","Dualcast","Coolheaded","Beam Cell","Static Discharge","Chaos","Sunder","Capacitor"],"relics":["Cracked Core","DataDisk","Potion Belt","Smiling Mask"],"potions_floor_usage":[7,12],"damage_taken":[{"damage":3,"enemies":"2 Louse","floor":1,"turns":2},{"damage":5,"enemies":"Small Slimes","floor":4,"turns":4},{"damage":24,"enemies":"3 Sentries","floor":7,"turns":9},{"damage":0,"enemies":"Cultist","floor":8,"turns":3},{"damage":0,"enemies":"Exordium Wildlife","floor":10,"turns":2},{"damage":43,"enemies":"Gremlin Nob","floor":12,"turns":3}],"seed_played":"1434046987093825370","potions_obtained":[{"floor":1,"key":"Weak Potion"},{"floor":7,"key":"SteroidPotion"}],"is_trial":false,"path_per_floor":["M","?","?","M","T","R","E","M","T","M","$","E"],"character_chosen":"DEFECT","items_purchased":["Sunder","Capacitor"],"campfire_rested":0,"item_purchase_floors":[11,11],"current_hp_per_floor":[61,61,61,56,56,56,32,32,32,32,32,0],"gold":203,"neow_bonus":"HUNDRED_GOLD","is_prod":false,"is_daily":false,"chose_seed":false,"campfire_upgraded":1,"win_rate":0,"timestamp":1555702066,"path_taken":["M","?","?","?","?","R","E","M","T","M","$","E"],"build_version":"2019-01-23","purchased_purges":0,"victory":false,"max_hp_per_floor":[71,71,71,71,71,71,71,71,71,71,71,71],"card_choices":[{"not_picked":["Heatsinks","Leap"],"picked":"Coolheaded","floor":1},{"not_picked":["Go for the Eyes","Rebound"],"picked":"Beam Cell","floor":4},{"not_picked":["Force Field","Cold Snap"],"picked":"Static Discharge","floor":7},{"not_picked":["Conserve Battery","Sweeping Beam"],"picked":"Chaos","floor":8},{"not_picked":["Go for the Eyes","Force Field","Rebound"],"picked":"SKIP","floor":10}],"player_experience":914804,"relics_obtained":[{"floor":5,"key":"DataDisk"},{"floor":7,"key":"Potion Belt"},{"floor":9,"key":"Smiling Mask"}],"event_choices":[{"damage_healed":0,"gold_gain":0,"player_choice":"Ignored","damage_taken":0,"max_hp_gain":0,"max_hp_loss":0,"event_name":"Golden Wing","floor":2,"gold_loss":0},{"cards_removed":["Strike_B"],"damage_healed":0,"gold_gain":0,"player_choice":"Purged","damage_taken":0,"max_hp_gain":0,"max_hp_loss":0,"event_name":"Purifier","floor":3,"gold_loss":0}],"is_beta":false,"boss_relics":[],"items_purged_floors":[],"is_endless":false,"potions_floor_spawned":[1,7],"killed_by":"Gremlin Nob","ascension_level":20}