{"gold_per_floor":[118,129,28,41,41,41,68,68,68,68,68,83,103,129,129,234,234,247,264,278,298,312,347,347,447,447,120,120,130,130,159,159,254,254,265,275,288,298,298,327,343,377,377,377,410,410,423,15,15,15],"floor_reached":51,"playtime":7648,"items_purged":["Strike_R","Defend_R","Strike_R"],"score":814,"play_id":"334e22d5-723f-49df-b28c-1d747b00a7fa","local_time":"20190321115817","is_ascension_mode":false,"campfire_choices":[{"data":"Bash","floor":6,"key":"SMITH"},{"data":"Heavy Blade","floor":8,"key":"SMITH"},{"data":"Flex","floor":11,"key":"SMITH"},{"data":"Spot Weakness","floor":15,"key":"SMITH"},{"floor":24,"key":"REST"},{"floor":30,"key":"REST"},{"floor":32,"key":"REST"},{"floor":46,"key":"REST"},{"floor":49,"key":"REST"}],"neow_cost":"NONE","seed_source_timestamp":130576702633400,"circlet_count":0,"master_deck":["Strike_R","Defend_R","Heavy Blade+1","Clothesline+1","Flex+1","Iron Wave","Spot Weakness+1","Pummel+1","Limit Break","Limit Break","Sword Boomerang","Burning Pact+1","Battle Trance+1","Limit Break","Armaments+1","Thunderclap+1"],"relics":["Velvet Choker","Ornamental Fan","Bottled Lightning","Whetstone","Fusion Hammer","Bronze Scales","Thread and Needle","Singing Bowl","Darkstone Periapt","Pen Nib","Unceasing Top","Empty Cage","Pantograph","Self Forming Clay","StoneCalendar","Bag of Marbles","Lantern"],"potions_floor_usage":[14,20,23,23,23,31,40,45,50],"damage_taken":[{"damage":3,"enemies":"Small Slimes","floor":1,"turns":4},{"damage":0,"enemies":"Cultist","floor":2,"turns":3},{"damage":6,"enemies":"Jaw Worm","floor":4,"turns":2},{"damage":10,"enemies":"Gremlin Nob","floor":7,"turns":4},{"damage":7,"enemies":"Large Slime","floor":12,"turns":3},{"damage":7,"enemies":"Blue Slaver","floor":13,"turns":2},{"damage":8,"enemies":"3 Sentries","floor":14,"turns":5},{"damage":11,"enemies":"The Guardian","floor":16,"turns":6},{"damage":5,"enemies":"3 Byrds","floor":18,"turns":4},{"damage":2,"enemies":"Shell Parasite","floor":19,"turns":2},{"damage":16,"enemies":"Snake Plant","floor":20,"turns":2},{"damage":7,"enemies":"Cultist and Chosen","floor":21,"turns":5},{"damage":0,"enemies":"3 Cultists","floor":22,"turns":3},{"damage":16,"enemies":"Slavers","floor":23,"turns":3},{"damage":5,"enemies":"Colosseum Slavers","floor":25,"turns":3},{"damage":3,"enemies":"Colosseum Nobs","floor":25,"turns":3},{"damage":4,"enemies":"Chosen and Byrds","floor":29,"turns":2},{"damage":3,"enemies":"Book of Stabbing","floor":31,"turns":3},{"damage":12,"enemies":"Champ","floor":33,"turns":3},{"damage":0,"enemies":"Orb Walker","floor":35,"turns":2},{"damage":7,"enemies":"3 Shapes","floor":36,"turns":3},{"damage":1,"enemies":"Maw","floor":37,"turns":3},{"damage":0,"enemies":"Transient","floor":38,"turns":3},{"damage":0,"enemies":"Reptomancer","floor":40,"turns":2},{"damage":26,"enemies":"Writhing Mass","floor":41,"turns":3},{"damage":4,"enemies":"Giant Head","floor":42,"turns":4},{"damage":20,"enemies":"Nemesis","floor":45,"turns":3},{"damage":3,"enemies":"Spire Growth","floor":47,"turns":2},{"damage":11,"enemies":"Awakened One","floor":50,"turns":3}],"seed_played":"501331560462420503","potions_obtained":[{"floor":7,"key":"Regen Potion"},{"floor":16,"key":"Block Potion"},{"floor":19,"key":"BloodPotion"},{"floor":21,"key":"Poison Potion"},{"floor":22,"key":"LiquidBronze"},{"floor":23,"key":"Fire Potion"},{"floor":35,"key":"Energy Potion"},{"floor":37,"key":"Regen Potion"},{"floor":42,"key":"SkillPotion"},{"floor":45,"key":"LiquidBronze"}],"is_trial":false,"path_per_floor":["M","M","$","M","?","R","E","R","T","$","R","M","M","E","R","B",null,"M","M","M","M","M","E","R","?","T","$","?","M","R","E","R","B",null,"M","M","M","M","?","E","M","E","T","?","E","R","M","$","R","B",null],"character_chosen":"IRONCLAD","items_purchased":["Flex","Pen Nib","EssenceOfSteel","Lantern","BloodPotion","Swift Potion"],"campfire_rested":5,"item_purchase_floors":[3,27,27,48,48,48],"current_hp_per_floor":[77,77,77,71,71,71,61,61,61,61,61,54,47,53,53,42,80,75,73,65,58,58,42,66,60,60,60,60,58,83,80,84,72,84,86,79,80,82,82,82,58,56,56,58,49,78,77,77,100,89],"gold":15,"neow_bonus":"BOSS_RELIC","is_prod":false,"is_daily":false,"chose_seed":false,"campfire_upgraded":4,"win_rate":0,"timestamp":1553140697,"path_taken":["M","M","$","M","?","R","E","R","T","$","R","?","M","E","R","BOSS","M","M","M","M","M","E","R","?","T","$","?","M","R","E","R","BOSS","M","M","M","M","?","E","M","E","T","?","E","R","M","$","R","BOSS"],"build_version":"2019-01-23","purchased_purges":3,"victory":true,"max_hp_per_floor":[80,80,80,80,80,80,80,80,80,80,80,80,80,80,80,80,80,80,80,80,80,80,80,80,82,82,82,82,84,84,84,84,84,84,86,86,88,90,90,90,92,94,94,96,98,98,100,100,100,100],"card_choices":[{"not_picked":["Wild Strike","Cleave"],"picked":"Heavy Blade","floor":1},{"not_picked":["Reckless Charge","Armaments"],"picked":"Clothesline","floor":2},{"not_picked":["Reckless Charge","Heavy Blade","Havoc"],"picked":"SKIP","floor":4},{"not_picked":["Sword Boomerang","True Grit","Headbutt"],"picked":"SKIP","floor":7},{"not_picked":["Corruption","Sword Boomerang"],"picked":"Spot Weakness","floor":12},{"not_picked":["Power Through","Clothesline"],"picked":"Pummel","floor":13},{"not_picked":["Body Slam","Blood for Blood"],"picked":"Limit Break","floor":14},{"not_picked":["Demon Form","Bludgeon"],"picked":"Limit Break","floor":16},{"not_picked":["Wild Strike","Metallicize"],"picked":"Sword Boomerang","floor":18},{"not_picked":["Wild Strike","Fire Breathing","Havoc"],"picked":"SKIP","floor":19},{"not_picked":["Iron Wave","Fire Breathing","Bloodletting"],"picked":"SKIP","floor":20},{"not_picked":["Shrug It Off","Iron Wave+1","Body Slam+1"],"picked":"SKIP","floor":21},{"not_picked":["Perfected Strike+1","Cleave","Evolve"],"picked":"SKIP","floor":22},{"not_picked":["Armaments+1","Body Slam"],"picked":"Burning Pact+1","floor":23},{"not_picked":["Pummel","True Grit","Cleave"],"picked":"Singing Bowl","floor":25},{"not_picked":["Anger","Perfected Strike","Evolve+1"],"picked":"Singing Bowl","floor":29},{"not_picked":["Shockwave+1","Sentinel+1"],"picked":"Battle Trance+1","floor":31},{"not_picked":["Brutality","Fiend Fire"],"picked":"Limit Break","floor":33},{"not_picked":["Iron Wave+1","Headbutt+1","Rampage"],"picked":"Singing Bowl","floor":35},{"not_picked":["Blood for Blood","True Grit"],"picked":"Armaments+1","floor":36},{"not_picked":["Reckless Charge","Metallicize","Sever Soul"],"picked":"Singing Bowl","floor":37},{"not_picked":["Twin Strike","Disarm+1","Uppercut+1"],"picked":"Singing Bowl","floor":38},{"not_picked":["Body Slam","Flex+1"],"picked":"Thunderclap+1","floor":40},{"not_picked":["Iron Wave","True Grit","Rampage+1"],"picked":"Singing Bowl","floor":41},{"not_picked":["Shockwave+1","Perfected Strike","Twin Strike+1"],"picked":"Singing Bowl","floor":42},{"not_picked":["Mayhem","Finesse","Dramatic Entrance"],"picked":"Singing Bowl","floor":44},{"not_picked":["Shrug It Off","Warcry+1","Feed"],"picked":"Singing Bowl","floor":45},{"not_picked":["Power Through","Metallicize+1","Armaments+1"],"picked":"Singing Bowl","floor":47}],"player_experience":391674,"relics_obtained":[{"floor":7,"key":"Ornamental Fan"},{"floor":9,"key":"Bottled Lightning"},{"floor":14,"key":"Whetstone"},{"floor":23,"key":"Bronze Scales"},{"floor":25,"key":"Thread and Needle"},{"floor":25,"key":"Singing Bowl"},{"floor":26,"key":"Darkstone Periapt"},{"floor":31,"key":"Unceasing Top"},{"floor":40,"key":"Pantograph"},{"floor":42,"key":"Self Forming Clay"},{"floor":43,"key":"StoneCalendar"},{"floor":45,"key":"Bag of Marbles"}],"event_choices":[{"cards_removed":["Strike_R"],"damage_healed":0,"gold_gain":0,"player_choice":"Took Card","damage_taken":0,"max_hp_gain":0,"max_hp_loss":0,"event_name":"NoteForYourself","floor":5,"gold_loss":0,"cards_obtained":["Iron Wave"]},{"damage_healed":0,"gold_gain":0,"player_choice":"Fight","damage_taken":0,"max_hp_gain":0,"max_hp_loss":0,"event_name":"Colosseum","floor":25,"gold_loss":0},{"damage_healed":0,"gold_gain":0,"player_choice":"Fought Nobs","damage_taken":0,"max_hp_gain":0,"max_hp_loss":0,"event_name":"Colosseum","floor":25,"gold_loss":0},{"cards_removed":["Strike_R"],"damage_healed":0,"gold_gain":0,"player_choice":"Elegance","damage_taken":0,"max_hp_gain":0,"max_hp_loss":0,"event_name":"Back to Basics","floor":28,"gold_loss":0},{"cards_removed":["Bash"],"damage_healed":0,"gold_gain":0,"player_choice":"Removed Attack","damage_taken":0,"max_hp_gain":0,"max_hp_loss":0,"event_name":"Falling","floor":39,"gold_loss":0},{"damage_healed":0,"gold_gain":0,"player_choice":"Memory 1","damage_taken":0,"max_hp_gain":0,"max_hp_loss":0,"event_name":"SensoryStone","floor":44,"gold_loss":0}],"is_beta":false,"boss_relics":[{"not_picked":["Cursed Key","Runic Dome"],"picked":"Fusion Hammer"},{"not_picked":["Sozu","Orrery"],"picked":"Empty Cage"}],"items_purged_floors":[3,27,48],"is_endless":false,"potions_floor_spawned":[7,16,19,21,22,23,35,37,42,45],"ascension_level":0}