{"gold_per_floor":[114,64,83,27,39,39,53,72,126,126,144,144,144,159,159,159],"floor_reached":16,"playtime":566,"items_purged":[],"score":169,"play_id":"1e6ae421-7bd8-4cf9-8e15-d440d6e34549","local_time":"20181118205615","is_ascension_mode":true,"campfire_choices":[{"floor":6,"key":"RECALL"},{"data":"Flex","floor":10,"key":"SMITH"},{"data":"Flex","floor":13,"key":"SMITH"},{"data":"Iron Wave","floor":15,"key":"SMITH"}],"neow_cost":"NONE","seed_source_timestamp":198950201608650,"circlet_count":0,"master_deck":["AscendersBane","Strike_R","Strike_R","Strike_R","Strike_R","Strike_R","Defend_R","Defend_R","Defend_R","Defend_R","Bash","Flex+1","Clothesline","Cleave","Flex+1","Iron Wave+1","Shrug It Off","Infernal Blade","Battle Trance"],"relics":["Burning Blood","Lantern"],"potions_floor_usage":[16,16],"damage_taken":[{"damage":11,"enemies":"Cultist","floor":1,"turns":4},{"damage":15,"enemies":"Small Slimes","floor":3,"turns":4},{"damage":9,"enemies":"Jaw Worm","floor":5,"turns":3},{"damage":9,"enemies":"Blue Slaver","floor":7,"turns":4},{"damage":7,"enemies":"Large Slime","floor":8,"turns":6},{"damage":5,"enemies":"2 Fungi Beasts","floor":11,"turns":3},{"damage":0,"enemies":"Gremlin Gang","floor":14,"turns":2},{"damage":56,"enemies":"Slime Boss","floor":16,"turns":9}],"seed_played":"-8164012897544818065","potions_obtained":[{"floor":3,"key":"FearPotion"},{"floor":7,"key":"EssenceOfSteel"},{"floor":14,"key":"SteroidPotion"}],"is_trial":false,"path_per_floor":["M","$","M","$","M","R","M","M","T","R","M","?","R","M","R","B"],"character_chosen":"IRONCLAD","items_purchased":["Cleave","Iron Wave"],"campfire_rested":0,"item_purchase_floors":[2,4],"current_hp_per_floor":[63,63,54,54,51,51,48,47,47,47,48,48,48,54,54,0],"gold":159,"neow_bonus":"THREE_CARDS","is_prod":false,"is_daily":false,"chose_seed":false,"campfire_upgraded":3,"win_rate":0,"timestamp":1542592575,"path_taken":["M","$","M","$","?","R","M","?","T","R","M","?","R","M","R","BOSS"],"build_version":"2018-11-15","purchased_purges":0,"victory":false,"max_hp_per_floor":[75,75,75,75,75,75,75,75,75,75,75,75,75,75,75,75],"card_choices":[{"not_picked":["Shrug It Off","Dual Wield"],"picked":"Flex","floor":0},{"not_picked":["Rage","Evolve"],"picked":"Clothesline","floor":1},{"not_picked":["Perfected Strike","Body Slam"],"picked":"Flex","floor":3},{"not_picked":["True Grit","Sword Boomerang","Armaments"],"picked":"SKIP","floor":5},{"not_picked":["Wild Strike","Warcry"],"picked":"Shrug It Off","floor":7},{"not_picked":["Twin Strike","Corruption"],"picked":"Infernal Blade","floor":8},{"not_picked":["Body Slam","Burning Pact"],"picked":"Battle Trance","floor":11},{"not_picked":["Cleave","Pommel Strike","Rampage"],"picked":"SKIP","floor":14}],"player_experience":741916,"relics_obtained":[{"floor":9,"key":"Lantern"}],"event_choices":[{"damage_healed":0,"gold_gain":0,"player_choice":"Fled","damage_taken":0,"max_hp_gain":0,"max_hp_loss":0,"event_name":"Scrap Ooze","floor":12,"gold_loss":0}],"is_beta":false,"boss_relics":[],"items_purged_floors":[],"is_endless":false,"potions_floor_spawned":[3,7,14],"killed_by":"Slime Boss","ascension_level":16}