{"gold_per_floor":[110,129,129,149,163,195,213,248,275,304,322,336,355,384,384,487,487,500,514,529,529,257,314,314,340,340,354,373,406,422,451,451,550,550,566,566,576,21,71,103,121,156,156,171,205,205,205,43,43,43,43,43,6,35,35],"floor_reached":56,"playtime":3914,"items_purged":[],"score":1555,"play_id":"ddaf9002-5243-4696-877a-4782c73478c5","local_time":"20190128232943","is_ascension_mode":true,"campfire_choices":[{"data":"Perfected Strike","floor":15.0,"key":"SMITH"},{"data":"Perfected Strike","floor":24.0,"key":"SMITH"},{"data":"Perfected Strike","floor":32.0,"key":"SMITH"},{"floor":49.0,"key":"RECALL"},{"data":"Perfected Strike","floor":52.0,"key":"SMITH"}],"neow_cost":"NONE","seed_source_timestamp":383091958430000,"circlet_count":0,"master_deck":["Strike_R","Strike_R+1","Strike_R","Strike_R","Strike_R","Defend_R","Defend_R","Defend_R","Defend_R","Bash","Shrug It Off","Headbutt","Impervious","Body Slam+1","Body Slam","Body Slam","Perfected Strike+1","Ghostly Armor","Perfected Strike+1","Pommel Strike","Perfected Strike+1","Double Tap","Pommel Strike+1","Warcry","Wild Strike","Perfected Strike","Twin Strike","Shrug It Off","Thunderclap","Thunderclap","Shrug It Off","Double Tap","Warcry","Armaments","Pommel Strike+1","Pommel Strike","Inflame+1","Shockwave","Perfected Strike","Shockwave+1","Good Instincts","Perfected Strike+1","Clothesline"],"special_seed":0,"relics":["Burning Blood","Pear","Meat on the Bone","Red Skull","Anchor","Kunai","Mango","Velvet Choker","Ancient Tea Set","Blood Vial","Tiny Chest","Bronze Scales","Ornamental Fan","Bag of Preparation","The Courier","Philosopher\u0027s Stone","Oddly Smooth Stone","Strawberry","Whetstone","Dodecahedron","Incense Burner","Darkstone Periapt","Frozen Egg 2","Bag of Marbles","Vajra","Lantern"],"potions_floor_usage":[55,55,55],"damage_taken":[{"damage":6.0,"enemies":"Cultist","floor":1.0,"turns":3.0},{"damage":4.0,"enemies":"Jaw Worm","floor":2.0,"turns":4.0},{"damage":0.0,"enemies":"2 Louse","floor":4.0,"turns":3.0},{"damage":0.0,"enemies":"Blue Slaver","floor":5.0,"turns":5.0},{"damage":15.0,"enemies":"3 Sentries","floor":6.0,"turns":10.0},{"damage":3.0,"enemies":"2 Fungi Beasts","floor":7.0,"turns":3.0},{"damage":29.0,"enemies":"Lagavulin","floor":8.0,"turns":8.0},{"damage":3.0,"enemies":"3 Sentries","floor":10.0,"turns":6.0},{"damage":0.0,"enemies":"3 Louse","floor":11.0,"turns":2.0},{"damage":7.0,"enemies":"Large Slime","floor":12.0,"turns":5.0},{"damage":0.0,"enemies":"2 Fungi Beasts","floor":13.0,"turns":3.0},{"damage":5.0,"enemies":"Gremlin Nob","floor":14.0,"turns":4.0},{"damage":66.0,"enemies":"Hexaghost","floor":16.0,"turns":6.0},{"damage":12.0,"enemies":"Shell Parasite","floor":18.0,"turns":3.0},{"damage":0.0,"enemies":"2 Thieves","floor":19.0,"turns":2.0},{"damage":7.0,"enemies":"3 Cultists","floor":20.0,"turns":5.0},{"damage":8.0,"enemies":"Gremlin Leader","floor":23.0,"turns":4.0},{"damage":22.0,"enemies":"Slavers","floor":25.0,"turns":5.0},{"damage":2.0,"enemies":"Cultist and Chosen","floor":27.0,"turns":3.0},{"damage":0.0,"enemies":"Centurion and Healer","floor":28.0,"turns":3.0},{"damage":0.0,"enemies":"Gremlin Leader","floor":29.0,"turns":4.0},{"damage":1.0,"enemies":"Snake Plant","floor":30.0,"turns":2.0},{"damage":9.0,"enemies":"Book of Stabbing","floor":31.0,"turns":3.0},{"damage":74.0,"enemies":"Automaton","floor":33.0,"turns":9.0},{"damage":5.0,"enemies":"3 Darklings","floor":35.0,"turns":3.0},{"damage":4.0,"enemies":"3 Shapes","floor":37.0,"turns":3.0},{"damage":0.0,"enemies":"2 Orb Walkers","floor":39.0,"turns":3.0},{"damage":10.0,"enemies":"Giant Head","floor":40.0,"turns":6.0},{"damage":0.0,"enemies":"Jaw Worm Horde","floor":41.0,"turns":3.0},{"damage":1.0,"enemies":"Nemesis","floor":42.0,"turns":3.0},{"damage":16.0,"enemies":"Maw","floor":44.0,"turns":5.0},{"damage":0.0,"enemies":"Reptomancer","floor":45.0,"turns":2.0},{"damage":40.0,"enemies":"Time Eater","floor":50.0,"turns":7.0},{"damage":11.0,"enemies":"Shield and Spear","floor":54.0,"turns":2.0},{"damage":103,"enemies":"The Heart","floor":55,"turns":7}],"seed_played":"-1916180435495402425","potions_obtained":[{"floor":2.0,"key":"SkillPotion"},{"floor":6.0,"key":"Fire Potion"},{"floor":7.0,"key":"Swift Potion"},{"floor":12.0,"key":"FearPotion"},{"floor":16.0,"key":"Swift Potion"},{"floor":19.0,"key":"PowerPotion"},{"floor":23.0,"key":"Dexterity Potion"},{"floor":25.0,"key":"Explosive Potion"},{"floor":29.0,"key":"Poison Potion"},{"floor":42.0,"key":"EssenceOfSteel"},{"floor":45.0,"key":"PowerPotion"}],"is_trial":false,"path_per_floor":["M","M","T","M","M","E","M","E","T","E","M","M","M","E","R","B",null,"M","M","M","?","$","E","R","E","T","M","M","E","M","E","R","B",null,"M","?","M","$","?","E","M","E","T","M","E","?","?","$","R","B",null,"R","$","E","B",null],"character_chosen":"IRONCLAD","items_purchased":["Blood Vial","Perfected Strike","Twin Strike","Shrug It Off","Oddly Smooth Stone","Strawberry","Whetstone","Dodecahedron","Vajra","Perfected Strike","Clothesline"],"campfire_rested":0,"item_purchase_floors":[22,22,22,22,38,38,38,38,48,48,53],"current_hp_per_floor":[88,88,98,98,98,89,92,69,69,72,78,77,83,98,98,50,112,106,112,111,111,111,110,110,96,96,102,110,112,112,109,109,55,112,112,112,112,119,119,115,119,119,119,109,117,117,117,117,117,85,119,119,119,114,31],"gold":35,"neow_bonus":"TEN_PERCENT_HP_BONUS","is_prod":false,"is_daily":false,"chose_seed":false,"campfire_upgraded":4,"win_rate":0,"timestamp":1548736183,"path_taken":["M","M","?","M","M","E","M","E","T","E","M","M","M","E","R","BOSS","M","M","M","?","$","E","R","E","T","M","M","E","M","E","R","BOSS","M","?","M","$","?","E","M","E","T","M","E","?","?","?","R","BOSS","R","$","E","BOSS"],"build_version":"2019-01-23","purchased_purges":0,"victory":true,"max_hp_per_floor":[88,88,98,98,98,98,98,98,98,98,98,98,98,112,112,112,112,112,112,112,112,112,112,112,112,112,112,112,112,112,112,112,112,112,112,112,112,119,119,119,119,119,119,119,119,119,119,119,119,119,119,119,119,119,119],"card_choices":[{"not_picked":["Warcry","Thunderclap"],"picked":"Shrug It Off","floor":1.0},{"not_picked":["Fire Breathing","Warcry"],"picked":"Headbutt","floor":2.0},{"not_picked":["Uppercut","Wild Strike"],"picked":"Impervious","floor":4.0},{"not_picked":["Pommel Strike","Evolve"],"picked":"Body Slam","floor":5.0},{"not_picked":["Pommel Strike","Thunderclap"],"picked":"Body Slam","floor":6.0},{"not_picked":["Clothesline","Flex"],"picked":"Body Slam","floor":7.0},{"not_picked":["Hemokinesis","Rampage"],"picked":"Perfected Strike","floor":8.0},{"not_picked":["Demon Form","Body Slam"],"picked":"Ghostly Armor","floor":10.0},{"not_picked":["Twin Strike","Headbutt"],"picked":"Perfected Strike","floor":11.0},{"not_picked":["Entrench","Headbutt"],"picked":"Pommel Strike","floor":12.0},{"not_picked":["Thunderclap","Uppercut","Spot Weakness"],"picked":"SKIP","floor":13.0},{"not_picked":["Flex","Clash"],"picked":"Perfected Strike","floor":14.0},{"not_picked":["Berserk","Dark Embrace"],"picked":"Double Tap","floor":16.0},{"not_picked":["Wild Strike+1","Power Through+1"],"picked":"Pommel Strike+1","floor":18.0},{"not_picked":["Sentinel","True Grit"],"picked":"Warcry","floor":19.0},{"not_picked":["Infernal Blade+1","True Grit"],"picked":"Wild Strike","floor":20.0},{"not_picked":["Clothesline","Dropkick"],"picked":"Anger","floor":23.0},{"not_picked":["Intimidate","Cleave"],"picked":"Thunderclap","floor":25.0},{"not_picked":["Clash","Anger+1","Limit Break"],"picked":"SKIP","floor":27.0},{"not_picked":["Bloodletting+1","Cleave","Blood for Blood"],"picked":"SKIP","floor":28.0},{"not_picked":["Dropkick","Infernal Blade+1","Sword Boomerang"],"picked":"SKIP","floor":29.0},{"not_picked":["Fire Breathing+1","Seeing Red+1"],"picked":"Thunderclap","floor":30.0},{"not_picked":["Cleave+1","Second Wind"],"picked":"Shrug It Off","floor":31.0},{"not_picked":["Reaper","Exhume"],"picked":"Double Tap","floor":33.0},{"not_picked":["Armaments","Evolve"],"picked":"Warcry","floor":35.0},{"not_picked":["Anger+1","Seeing Red+1"],"picked":"Armaments","floor":37.0},{"not_picked":["Armaments","Spot Weakness+1"],"picked":"Pommel Strike+1","floor":39.0},{"not_picked":["Dual Wield+1","Shrug It Off"],"picked":"Pommel Strike","floor":40.0},{"not_picked":["Corruption+1","Iron Wave"],"picked":"Inflame+1","floor":41.0},{"not_picked":["Battle Trance+1","Carnage+1"],"picked":"Shockwave","floor":42.0},{"not_picked":["Heavy Blade+1","Headbutt+1"],"picked":"Perfected Strike","floor":44.0},{"not_picked":["Sword Boomerang","Offering"],"picked":"Shockwave+1","floor":45.0},{"not_picked":["Flash of Steel","PanicButton"],"picked":"Good Instincts","floor":47.0},{"not_picked":["Juggernaut+1","Body Slam","Sentinel+1"],"picked":"SKIP","floor":54.0}],"player_experience":160165,"relics_obtained":[{"floor":3.0,"key":"Pear"},{"floor":6.0,"key":"Meat on the Bone"},{"floor":8.0,"key":"Red Skull"},{"floor":9.0,"key":"Anchor"},{"floor":10.0,"key":"Kunai"},{"floor":14.0,"key":"Mango"},{"floor":23.0,"key":"Tiny Chest"},{"floor":25.0,"key":"Bronze Scales"},{"floor":26.0,"key":"Ornamental Fan"},{"floor":29.0,"key":"Bag of Preparation"},{"floor":31.0,"key":"The Courier"},{"floor":39.0,"key":"Incense Burner"},{"floor":40.0,"key":"Darkstone Periapt"},{"floor":42.0,"key":"Frozen Egg 2"},{"floor":45.0,"key":"Bag of Marbles"},{"floor":54.0,"key":"Lantern"}],"event_choices":[{"damage_healed":0.0,"max_hp_gain":0.0,"max_hp_loss":0.0,"gold_gain":0.0,"event_name":"The Mausoleum","player_choice":"Opened","floor":21.0,"gold_loss":0.0,"damage_taken":0.0,"relics_obtained":["Ancient Tea Set"]},{"damage_healed":0.0,"max_hp_gain":0.0,"max_hp_loss":0.0,"gold_gain":0.0,"event_name":"Tomb of Lord Red Mask","player_choice":"Ignored","floor":36.0,"gold_loss":0.0,"damage_taken":0.0},{"damage_healed":0.0,"max_hp_gain":0.0,"max_hp_loss":0.0,"gold_gain":0.0,"event_name":"Mysterious Sphere","player_choice":"Fight","floor":39.0,"gold_loss":0.0,"damage_taken":0.0},{"cards_removed":["Anger"],"damage_healed":0.0,"max_hp_gain":0.0,"max_hp_loss":0.0,"gold_gain":0.0,"event_name":"Falling","player_choice":"Removed Attack","floor":46.0,"gold_loss":0.0,"damage_taken":0.0},{"damage_healed":0.0,"max_hp_gain":0.0,"max_hp_loss":0.0,"gold_gain":0.0,"event_name":"SensoryStone","player_choice":"Memory 1","floor":47.0,"gold_loss":0.0,"damage_taken":0.0}],"is_beta":false,"boss_relics":[{"not_picked":["Pandora\u0027s Box","Cursed Key"],"picked":"Velvet Choker"},{"not_picked":["Lizard Tail","Eternal Feather"],"picked":"Philosopher\u0027s Stone"}],"items_purged_floors":[],"is_endless":false,"potions_floor_spawned":[2,6,7,12,13,16,19,23,25,29,35,42,45],"ascension_level":1}