{"gold_per_floor":[99,99,99,99,49,49,26,26,26,0,0,0,0,0,0,0,0,0,0,0,0,0],"floor_reached":22,"playtime":1001,"items_purged":[],"score":188,"play_id":"049ec8bd-e760-4853-8506-b64f6a6cc825","local_time":"20190428193517","is_ascension_mode":false,"campfire_choices":[{"floor":6,"key":"RECALL"},{"data":"Redo","floor":8,"key":"SMITH"},{"data":"White Noise","floor":12,"key":"SMITH"},{"floor":15,"key":"REST"}],"neow_cost":"NONE","seed_source_timestamp":194268037153221,"circlet_count":0,"master_deck":["Strike_B","Strike_B","Strike_B","Strike_B","Defend_B","Defend_B","Defend_B","Defend_B","Zap","Dualcast","Darkness","Coolheaded","Turbo","Redo+1","Sunder","White Noise+1","Ball Lightning","Defragment","Buffer","Heatsinks+1","Chaos","Cold Snap","Writhe"],"relics":["Ectoplasm","Orichalcum","Mercury Hourglass","Sozu","MawBank"],"potions_floor_usage":[11,18,18,18],"damage_taken":[{"damage":1,"enemies":"Cultist","floor":1,"turns":3},{"damage":0,"enemies":"2 Louse","floor":2,"turns":2},{"damage":11,"enemies":"Jaw Worm","floor":3,"turns":2},{"damage":2,"enemies":"Looter","floor":10,"turns":4},{"damage":4,"enemies":"3 Louse","floor":11,"turns":4},{"damage":14,"enemies":"Lagavulin","floor":13,"turns":6},{"damage":8,"enemies":"Lots of Slimes","floor":14,"turns":2},{"damage":18,"enemies":"Hexaghost","floor":16,"turns":7},{"damage":5,"enemies":"3 Byrds","floor":18,"turns":3},{"damage":19,"enemies":"2 Thieves","floor":19,"turns":4},{"damage":43,"enemies":"3 Cultists","floor":20,"turns":5},{"damage":11,"enemies":"Shelled Parasite and Fungi","floor":22,"turns":1}],"seed_played":"-6370226681139112620","potions_obtained":[{"floor":3,"key":"SkillPotion"},{"floor":10,"key":"Poison Potion"},{"floor":11,"key":"LiquidBronze"},{"floor":13,"key":"Block Potion"}],"is_trial":false,"path_per_floor":["M","M","M","?","?","R","$","R","T","M","M","R","E","M","R","B",null,"M","M","M","?","M"],"character_chosen":"DEFECT","items_purchased":["Redo"],"campfire_rested":1,"item_purchase_floors":[7],"current_hp_per_floor":[74,74,63,63,63,63,63,63,63,61,57,57,43,35,57,39,75,70,51,8,8,0],"gold":0,"neow_bonus":"BOSS_RELIC","is_prod":false,"is_daily":false,"chose_seed":false,"campfire_upgraded":2,"win_rate":0,"timestamp":1556505317,"path_taken":["M","M","?","?","?","R","$","R","T","M","M","R","E","M","R","BOSS","M","M","M","?","M"],"build_version":"2019-01-23","purchased_purges":0,"victory":false,"max_hp_per_floor":[75,75,75,75,75,75,75,75,75,75,75,75,75,75,75,75,75,75,75,75,75,75],"card_choices":[{"not_picked":["Leap","Sweeping Beam"],"picked":"Darkness","floor":1},{"not_picked":["Conserve Battery","Compile Driver"],"picked":"Coolheaded","floor":2},{"not_picked":["Auto Shields","Skim"],"picked":"Turbo","floor":3},{"not_picked":["Blizzard","Darkness"],"picked":"Sunder","floor":10},{"not_picked":["Heatsinks","FTL"],"picked":"White Noise","floor":11},{"not_picked":["Streamline","Skim"],"picked":"Ball Lightning","floor":13},{"not_picked":["Heatsinks","Stack"],"picked":"Defragment","floor":14},{"not_picked":["Seek","Creative AI"],"picked":"Buffer","floor":16},{"not_picked":["Conserve Battery","Beam Cell"],"picked":"Heatsinks+1","floor":18},{"not_picked":["Auto Shields","Steam"],"picked":"Chaos","floor":19},{"not_picked":["Gash","Beam Cell"],"picked":"Cold Snap","floor":20}],"player_experience":507122,"relics_obtained":[{"floor":9,"key":"Orichalcum"},{"floor":13,"key":"Mercury Hourglass"}],"event_choices":[{"damage_healed":0,"gold_gain":175,"player_choice":"AGREE","damage_taken":0,"max_hp_gain":0,"max_hp_loss":0,"event_name":"Liars Game","floor":4,"gold_loss":0,"cards_obtained":["Doubt"]},{"cards_removed":["Doubt"],"damage_healed":0,"gold_gain":0,"player_choice":"Card Removal","damage_taken":0,"max_hp_gain":0,"max_hp_loss":0,"event_name":"The Cleric","floor":5,"gold_loss":50},{"damage_healed":0,"gold_gain":0,"player_choice":"Opened","damage_taken":0,"relics_obtained":["MawBank"],"max_hp_gain":0,"max_hp_loss":0,"event_name":"The Mausoleum","floor":21,"gold_loss":0,"cards_obtained":["Writhe"]}],"is_beta":false,"boss_relics":[{"not_picked":["Black Star","Busted Crown"],"picked":"Sozu"}],"items_purged_floors":[],"is_endless":false,"potions_floor_spawned":[3,10,11,13,18,19],"killed_by":"Shelled Parasite and Fungi","ascension_level":0}