{"gold_per_floor":[117,217,228,243,262,262,288,298,349,365,384,65,82,93,93,189,189,204,222,235,12,27,27,60,77,77,77,133,152,165,90,90,194,194,204,204,204,221,221,221,234,245,270,286,305,321,321,340,340,340],"floor_reached":51,"playtime":3851,"items_purged":[],"score":678,"play_id":"42e3a345-97aa-42de-9b63-70dfa3a769a9","local_time":"20190301200425","is_ascension_mode":false,"campfire_choices":[{"data":"Loop","floor":6.0,"key":"SMITH"},{"data":"Zap","floor":15,"key":"SMITH"},{"data":"Defragment","floor":23,"key":"SMITH"},{"data":"Streamline","floor":32,"key":"SMITH"},{"data":"Dualcast","floor":40,"key":"SMITH"},{"floor":47,"key":"REST"},{"floor":49,"key":"REST"}],"neow_cost":"TEN_PERCENT_HP_LOSS","seed_source_timestamp":0,"circlet_count":0,"master_deck":["Strike_B","Defend_B","Defend_B","Defend_B","Defend_B","Zap+1","Dualcast+1","Self Repair","Cold Snap","Redo","Hello World","Gash","Loop+1","Defragment+1","Compile Driver","Aggregate","Stack","FTL","Hologram","Cold Snap","Echo Form","Beam Cell","Coolheaded+1","Electrodynamics","Ball Lightning","Coolheaded","Ball Lightning","Leap","FTL","Ball Lightning","Streamline+1","Multi-Cast","Barrage+1","White Noise+1","Coolheaded+1","Gash+1","Stack+1","Glacier+1","Gash","Glacier+1","Beam Cell","Leap"],"special_seed":0,"relics":["Cracked Core","Omamori","DataDisk","Kunai","Philosopher\u0027s Stone","Orichalcum","Gremlin Horn","Dream Catcher","Tiny Chest","Inserter","Ancient Tea Set"],"potions_floor_usage":[24,28,44,44,50,50],"damage_taken":[{"damage":0.0,"enemies":"Jaw Worm","floor":1.0,"turns":4.0},{"damage":4.0,"enemies":"Cultist","floor":3.0,"turns":3.0},{"damage":5.0,"enemies":"2 Louse","floor":4.0,"turns":2.0},{"damage":5.0,"enemies":"Looter","floor":5.0,"turns":3.0},{"damage":18.0,"enemies":"3 Sentries","floor":7.0,"turns":8.0},{"damage":18.0,"enemies":"3 Louse","floor":8.0,"turns":3.0},{"damage":1.0,"enemies":"Exordium Wildlife","floor":10.0,"turns":2.0},{"damage":1.0,"enemies":"2 Fungi Beasts","floor":11.0,"turns":3.0},{"damage":8.0,"enemies":"Blue Slaver","floor":13.0,"turns":4.0},{"damage":15,"enemies":"3 Louse","floor":14,"turns":3},{"damage":21,"enemies":"Hexaghost","floor":16,"turns":10},{"damage":0,"enemies":"Shell Parasite","floor":18,"turns":6},{"damage":5,"enemies":"Spheric Guardian","floor":19,"turns":4},{"damage":16,"enemies":"Snake Plant","floor":20,"turns":4},{"damage":12,"enemies":"3 Cultists","floor":22,"turns":4},{"damage":47,"enemies":"Slavers","floor":24,"turns":5},{"damage":4,"enemies":"Sentry and Sphere","floor":25,"turns":4},{"damage":18,"enemies":"Gremlin Leader","floor":28,"turns":5},{"damage":9,"enemies":"Cultist and Chosen","floor":29,"turns":3},{"damage":4,"enemies":"Centurion and Healer","floor":30,"turns":5},{"damage":44,"enemies":"Automaton","floor":33,"turns":7},{"damage":12,"enemies":"Orb Walker","floor":35,"turns":4},{"damage":28,"enemies":"3 Darklings","floor":38,"turns":5},{"damage":16,"enemies":"Transient","floor":41,"turns":5},{"damage":23,"enemies":"Maw","floor":42,"turns":7},{"damage":0,"enemies":"4 Shapes","floor":44,"turns":2},{"damage":0,"enemies":"Spire Growth","floor":45,"turns":5},{"damage":8,"enemies":"Writhing Mass","floor":46,"turns":6},{"damage":0,"enemies":"Transient","floor":48,"turns":5},{"damage":13,"enemies":"Awakened One","floor":50,"turns":14}],"seed_played":"5837254022311853742","potions_obtained":[{"floor":1.0,"key":"SteroidPotion"},{"floor":3.0,"key":"Regen Potion"},{"floor":4.0,"key":"FearPotion"},{"floor":7.0,"key":"FocusPotion"},{"floor":24,"key":"Dexterity Potion"},{"floor":29,"key":"FearPotion"},{"floor":33,"key":"SteroidPotion"},{"floor":46,"key":"Regen Potion"}],"is_trial":false,"path_per_floor":["M","?","M","M","M","R","E","M","T","M","M","$","M","M","R","B",null,"M","M","M","$","M","R","E","M","T","?","E","M","M","?","R","B",null,"M","?","?","M","?","R","M","M","T","M","M","M","R","M","R","B",null],"character_chosen":"DEFECT","items_purchased":["Kunai","FTL","Orichalcum","Ball Lightning","Coolheaded"],"campfire_rested":2,"item_purchase_floors":[12,12,21,21,21],"current_hp_per_floor":[68,68,68,68,68,68,57,46,46,45,51,51,50,42,42,28,68,68,68,59,59,54,54,21,24,24,68,64,62,65,65,65,21,68,63,63,63,42,42,42,33,10,10,10,17,16,35,35,54,56],"gold":340,"neow_bonus":"TRANSFORM_TWO_CARDS","is_prod":false,"is_daily":false,"chose_seed":false,"campfire_upgraded":5,"win_rate":0.0,"timestamp":1551492265,"path_taken":["M","?","M","?","M","R","E","M","T","M","?","$","M","M","R","BOSS","M","M","M","?","M","R","E","M","T","?","E","?","M","?","R","BOSS","M","?","?","M","?","R","M","M","T","?","M","M","R","M","R","BOSS"],"build_version":"2019-01-23","purchased_purges":0,"victory":true,"max_hp_per_floor":[68,68,68,68,68,68,68,68,68,68,68,68,68,68,68,68,68,68,68,68,68,68,68,68,68,68,68,68,68,68,68,68,68,68,68,65,65,65,65,65,65,65,65,65,65,65,65,65,65,65],"card_choices":[{"not_picked":["Static Discharge","Heatsinks"],"picked":"Redo","floor":1.0},{"not_picked":["Compile Driver","Genetic Algorithm"],"picked":"Hello World","floor":3.0},{"not_picked":["Streamline","Redo"],"picked":"Gash","floor":4.0},{"not_picked":["Static Discharge","Lockon"],"picked":"Loop","floor":5.0},{"not_picked":["Aggregate","Sweeping Beam"],"picked":"Defragment","floor":7.0},{"not_picked":["Chill","Reprogram"],"picked":"Compile Driver","floor":8.0},{"not_picked":["Steam","Biased Cognition"],"picked":"Aggregate","floor":10.0},{"not_picked":["Redo","Beam Cell"],"picked":"Stack","floor":11.0},{"not_picked":["Reprogram","Conserve Battery"],"picked":"Hologram","floor":13.0},{"not_picked":["Glacier","Genetic Algorithm"],"picked":"Cold Snap","floor":14},{"not_picked":["Biased Cognition","Thunder Strike"],"picked":"Echo Form","floor":16},{"not_picked":["Sweeping Beam","Hello World"],"picked":"Beam Cell","floor":18},{"not_picked":["Darkness","Leap"],"picked":"Coolheaded+1","floor":19},{"not_picked":["Redo","Go for the Eyes+1"],"picked":"Electrodynamics","floor":20},{"not_picked":["Coolheaded+1","Recycle"],"picked":"Ball Lightning","floor":22},{"not_picked":["Doom and Gloom","Electrodynamics"],"picked":"Storm","floor":24},{"not_picked":["Steam Power+1","Go for the Eyes+1"],"picked":"Leap","floor":25},{"not_picked":["Leap","Force Field"],"picked":"FTL","floor":28},{"not_picked":["Stack","Compile Driver+1"],"picked":"Ball Lightning","floor":29},{"not_picked":["Recycle","Reinforced Body+1"],"picked":"Streamline","floor":30},{"not_picked":["Rainbow","Echo Form"],"picked":"Multi-Cast","floor":33},{"not_picked":["Scrape+1","Darkness"],"picked":"Barrage+1","floor":35},{"not_picked":["Leap","Coolheaded+1"],"picked":"White Noise+1","floor":38},{"not_picked":["Consume","Redo+1"],"picked":"Coolheaded+1","floor":41},{"not_picked":["Conserve Battery","Storm+1"],"picked":"Gash+1","floor":42},{"not_picked":["Echo Form","Rebound+1"],"picked":"Stack+1","floor":44},{"not_picked":["Streamline+1","Hologram"],"picked":"Glacier+1","floor":45},{"not_picked":["Redo","Stack+1"],"picked":"Gash","floor":46},{"not_picked":["Sunder+1","Skim"],"picked":"Glacier+1","floor":47},{"not_picked":["Reinforced Body","BootSequence"],"picked":"Beam Cell","floor":48},{"not_picked":["Undo+1","Go for the Eyes+1"],"picked":"Leap","floor":49}],"player_experience":111147,"relics_obtained":[{"floor":7.0,"key":"Omamori"},{"floor":9.0,"key":"DataDisk"},{"floor":24,"key":"Gremlin Horn"},{"floor":26,"key":"Dream Catcher"},{"floor":28,"key":"Tiny Chest"},{"floor":43,"key":"Ancient Tea Set"}],"event_choices":[{"damage_healed":0.0,"max_hp_gain":0.0,"max_hp_loss":0.0,"gold_gain":100.0,"event_name":"Golden Shrine","player_choice":"Pray","floor":2.0,"gold_loss":0.0,"damage_taken":0.0},{"damage_healed":44,"gold_gain":0,"player_choice":"Full Heal","damage_taken":0,"max_hp_gain":0,"max_hp_loss":0,"event_name":"Wheel of Change","floor":27,"gold_loss":0},{"cards_removed":["Storm"],"damage_healed":0,"gold_gain":0,"player_choice":"Gave Gold","damage_taken":0,"max_hp_gain":0,"max_hp_loss":0,"event_name":"Beggar","floor":31,"gold_loss":75},{"damage_healed":0,"gold_gain":0,"player_choice":"Max HP","damage_taken":0,"max_hp_gain":0,"max_hp_loss":3,"event_name":"Winding Halls","floor":36,"gold_loss":0},{"damage_healed":0,"gold_gain":0,"player_choice":"Ignored","damage_taken":0,"max_hp_gain":0,"max_hp_loss":0,"event_name":"Tomb of Lord Red Mask","floor":37,"gold_loss":0},{"cards_removed":["Strike_B"],"damage_healed":0,"gold_gain":0,"player_choice":"Removed Attack","damage_taken":0,"max_hp_gain":0,"max_hp_loss":0,"event_name":"Falling","floor":39,"gold_loss":0}],"is_beta":false,"boss_relics":[{"not_picked":["Black Star","Coffee Dripper"],"picked":"Philosopher\u0027s Stone"},{"not_picked":["Velvet Choker","Fusion Hammer"],"picked":"Inserter"}],"items_purged_floors":[],"is_endless":false,"potions_floor_spawned":[1,3,4,7,16,22,24,29,30,33,42,46],"ascension_level":0}