{"gold_per_floor":[117,12,30,44,54,54,73,83,108,121,136,154,154,154,154,230,280,298,312,312,3,3,3,20,30,57,57,75,75,93,103,103,103],"floor_reached":33,"playtime":1355,"items_purged":[],"score":432,"play_id":"443bc17d-7385-4891-988f-e63eff993c02","local_time":"20180924075117","is_ascension_mode":true,"campfire_choices":[{"data":"Barrage","floor":6.0,"key":"SMITH"},{"data":"Barrage","floor":13.0,"key":"SMITH"},{"data":"Go for the Eyes","floor":15.0,"key":"SMITH"},{"floor":23,"key":"REST"},{"floor":27,"key":"REST"},{"floor":29,"key":"REST"},{"floor":32,"key":"REST"}],"neow_cost":"TEN_PERCENT_HP_LOSS","seed_source_timestamp":0,"circlet_count":0,"master_deck":["Strike_B","Strike_B","Strike_B","Strike_B+1","Defend_B","Defend_B","Defend_B","Defend_B","Zap","Dualcast","AscendersBane","Coolheaded","Glacier","Barrage+1","Genetic Algorithm","Hologram","Barrage+1","Go for the Eyes+1","Rip and Tear","Core Surge","Reboot","Capacitor","Writhe","Leap","Turbo","BootSequence","Beam Cell"],"special_seed":0,"relics":["Cracked Core","Du-Vu Doll","Blood Vial","Art of War","Tiny House","Orichalcum","Torii","Dream Catcher"],"potions_floor_usage":[18,18,28,33,33],"damage_taken":[{"damage":1.0,"enemies":"Cultist","floor":1.0,"turns":3.0},{"damage":2.0,"enemies":"Jaw Worm","floor":3.0,"turns":3.0},{"damage":0.0,"enemies":"Small Slimes","floor":4.0,"turns":3.0},{"damage":13.0,"enemies":"Exordium Thugs","floor":5.0,"turns":6.0},{"damage":1.0,"enemies":"2 Fungi Beasts","floor":7.0,"turns":3.0},{"damage":1.0,"enemies":"Exordium Wildlife","floor":8.0,"turns":4.0},{"damage":0.0,"enemies":"Large Slime","floor":10.0,"turns":5.0},{"damage":4.0,"enemies":"Blue Slaver","floor":11.0,"turns":3.0},{"damage":0.0,"enemies":"3 Louse","floor":12.0,"turns":2.0},{"damage":31.0,"enemies":"Hexaghost","floor":16.0,"turns":10.0},{"damage":29,"enemies":"2 Thieves","floor":18,"turns":4},{"damage":13,"enemies":"Spheric Guardian","floor":19,"turns":4},{"damage":3,"enemies":"Chosen and Byrds","floor":24,"turns":6},{"damage":31,"enemies":"3 Cultists","floor":25,"turns":8},{"damage":19,"enemies":"Sentry and Sphere","floor":28,"turns":9},{"damage":9,"enemies":"Cultist and Chosen","floor":30,"turns":7},{"damage":21,"enemies":"Shelled Parasite and Fungi","floor":31,"turns":6},{"damage":42,"enemies":"Champ","floor":33,"turns":9}],"seed_played":"8293531153738519971","potions_obtained":[{"floor":3.0,"key":"SteroidPotion"},{"floor":4.0,"key":"Weak Potion"},{"floor":8.0,"key":"Block Potion"},{"floor":24,"key":"Dexterity Potion"},{"floor":25,"key":"FocusPotion"},{"floor":31,"key":"GamblersBrew"}],"is_trial":false,"path_per_floor":["M","$","M","M","M","R","M","M","T","M","M","M","R","?","R","B",null,"M","M","?","$","?","R","M","M","T","R","M","R","M","M","R"],"character_chosen":"DEFECT","items_purchased":["Glacier","Barrage","Torii"],"campfire_rested":4,"item_purchase_floors":[2,2,21],"current_hp_per_floor":[63,63,61,61,48,48,47,46,46,48,46,48,48,48,48,19,58,31,20,20,20,20,40,39,10,10,30,13,33,26,7,27,0],"gold":103,"neow_bonus":"ONE_RARE_RELIC","is_prod":false,"is_daily":false,"chose_seed":false,"campfire_upgraded":3,"win_rate":0,"timestamp":1537789877,"path_taken":["M","$","M","?","M","R","M","M","T","M","M","M","R","?","R","BOSS","M","M","?","$","?","R","M","M","T","R","?","R","M","M","R","BOSS"],"build_version":"2018-09-20","purchased_purges":0,"victory":false,"max_hp_per_floor":[64,64,64,64,64,64,64,64,64,64,64,64,64,64,64,64,69,69,69,69,69,69,69,69,69,69,69,69,69,69,69,69,69],"card_choices":[{"not_picked":["Compile Driver","Reprogram"],"picked":"Coolheaded","floor":1.0},{"not_picked":["Reinforced Body","Leap"],"picked":"Genetic Algorithm","floor":3.0},{"not_picked":["Reinforced Body","Gash"],"picked":"Hologram","floor":4.0},{"not_picked":["Leap","Sweeping Beam","Multi-Cast"],"picked":"SKIP","floor":5.0},{"not_picked":["Stack","Conserve Battery"],"picked":"Barrage","floor":7.0},{"not_picked":["Aggregate","FTL","Auto Shields"],"picked":"SKIP","floor":8.0},{"not_picked":["Conserve Battery","Rebound"],"picked":"Go for the Eyes","floor":10.0},{"not_picked":["Lockon","Steam","Go for the Eyes"],"picked":"SKIP","floor":11.0},{"not_picked":["Turbo","Streamline"],"picked":"Rip and Tear","floor":12.0},{"not_picked":["Reboot","Fission"],"picked":"Core Surge","floor":16.0},{"not_picked":["Gash","Storm+1"],"picked":"Reboot","floor":18},{"not_picked":["Force Field","Leap+1"],"picked":"Capacitor","floor":19},{"not_picked":["Barrage","Force Field"],"picked":"Leap","floor":24},{"not_picked":["Lockon","Leap+1","Hello World"],"picked":"SKIP","floor":25},{"not_picked":["Capacitor","Hologram+1"],"picked":"Turbo","floor":28},{"not_picked":["Turbo","Streamline"],"picked":"BootSequence","floor":29},{"not_picked":["Turbo","All For One"],"picked":"Beam Cell","floor":30},{"not_picked":["Streamline","Sweeping Beam","Hologram"],"picked":"SKIP","floor":31}],"player_experience":581645,"relics_obtained":[{"floor":9.0,"key":"Blood Vial"},{"floor":26,"key":"Dream Catcher"}],"event_choices":[{"event_name":"Big Fish","player_choice":"Box","floor":14.0,"damage_taken":0.0},{"event_name":"The Mausoleum","player_choice":"Yes","floor":20,"damage_taken":0},{"event_name":"Back to Basics","player_choice":"Elegance","floor":22,"damage_taken":0}],"is_beta":false,"boss_relics":[{"not_picked":["Philosopher\u0027s Stone","Fusion Hammer"],"picked":"Tiny House"}],"items_purged_floors":[],"is_endless":false,"potions_floor_spawned":[3,4,5,8,12,24,25,31],"killed_by":"Champ","ascension_level":15}