{"gold_per_floor":[118,118,130,105,124,124,156,156,181,181,193,26,56,56,56,56],"floor_reached":16,"playtime":349,"items_purged":[],"score":216,"play_id":"6234fa3a-a470-42df-bcbd-b5376852671d","local_time":"20190207131029","is_ascension_mode":true,"campfire_choices":[{"data":"Poisoned Stab","floor":6,"key":"SMITH"},{"data":"Noxious Fumes","floor":8,"key":"SMITH"},{"floor":10,"key":"REST"},{"floor":15,"key":"REST"}],"neow_cost":"NONE","seed_source_timestamp":238339041808070,"circlet_count":0,"master_deck":["AscendersBane","Defend_G","Defend_G","Defend_G","Defend_G","Defend_G","Strike_G","Strike_G","Strike_G+1","Strike_G","Survivor","Neutralize+1","Blade Dance","Poisoned Stab+1","Noxious Fumes+1","Mind Blast","Finisher","Distraction"],"relics":["Ring of the Snake","NeowsBlessing","Whetstone","Oddly Smooth Stone","Bag of Marbles","GremlinMask"],"potions_floor_usage":[7],"damage_taken":[{"damage":0,"enemies":"Jaw Worm","floor":1,"turns":1},{"damage":0,"enemies":"Cultist","floor":3,"turns":1},{"damage":0,"enemies":"Small Slimes","floor":5,"turns":1},{"damage":24,"enemies":"Gremlin Nob","floor":7,"turns":4},{"damage":0,"enemies":"Red Slaver","floor":11,"turns":4},{"damage":33,"enemies":"3 Sentries","floor":13,"turns":8},{"damage":40,"enemies":"Hexaghost","floor":16,"turns":9}],"seed_played":"-8940131794313274181","potions_obtained":[{"floor":5,"key":"PowerPotion"}],"is_trial":false,"path_per_floor":["M","?","M","$","M","R","E","R","T","R","M","$","E","?","R","B"],"character_chosen":"THE_SILENT","items_purchased":["Poisoned Stab","Mind Blast","Finisher"],"campfire_rested":2,"item_purchase_floors":[4,12,12],"current_hp_per_floor":[59,59,59,59,59,59,35,35,35,54,54,54,21,21,40,0],"gold":56,"neow_bonus":"THREE_ENEMY_KILL","is_prod":false,"is_daily":false,"chose_seed":false,"campfire_upgraded":2,"win_rate":0,"timestamp":1549563029,"path_taken":["M","?","M","$","?","R","E","R","T","R","M","$","E","?","R","BOSS"],"build_version":"2019-01-23","purchased_purges":0,"victory":false,"max_hp_per_floor":[66,66,66,66,66,66,66,66,66,66,66,66,66,66,66,66],"card_choices":[{"not_picked":["Quick Slash","Dagger Spray"],"picked":"Blade Dance","floor":1},{"not_picked":["Acrobatics","Backflip","Outmaneuver"],"picked":"SKIP","floor":3},{"not_picked":["Sucker Punch","Backflip","Quick Slash"],"picked":"SKIP","floor":5},{"not_picked":["Grand Finale","PiercingWail"],"picked":"Noxious Fumes","floor":7},{"not_picked":["Flechettes","Concentrate","Setup"],"picked":"SKIP","floor":11},{"not_picked":["Infinite Blades","Deadly Poison"],"picked":"Distraction","floor":13}],"player_experience":837789,"relics_obtained":[{"floor":7,"key":"Whetstone"},{"floor":9,"key":"Oddly Smooth Stone"},{"floor":13,"key":"Bag of Marbles"}],"event_choices":[{"cards_removed":["Strike_G"],"damage_healed":0,"gold_gain":0,"player_choice":"Purged","damage_taken":0,"max_hp_gain":0,"max_hp_loss":0,"event_name":"Purifier","floor":2,"gold_loss":0},{"damage_healed":0,"gold_gain":0,"player_choice":"Trade","damage_taken":0,"relics_obtained":["GremlinMask"],"max_hp_gain":0,"max_hp_loss":0,"event_name":"FaceTrader","floor":14,"gold_loss":0}],"is_beta":false,"boss_relics":[],"items_purged_floors":[],"is_endless":false,"potions_floor_spawned":[5],"killed_by":"Hexaghost","ascension_level":20}