{"gold_per_floor":[114,133,152,169,187,219,219,237,237,237,254,288,288,353,353,452,452,468,226,191,6,56,86,156,206,206,93,143,193],"floor_reached":29,"playtime":1547,"items_purged":["Regret"],"score":330,"play_id":"10e980bf-6aa2-4e9a-8d80-386e686104ea","local_time":"20190417210327","is_ascension_mode":false,"campfire_choices":[{"floor":10,"key":"REST"},{"floor":15,"key":"REST"}],"neow_cost":"NONE","seed_source_timestamp":11617662270529,"circlet_count":0,"master_deck":["Strike_B","Strike_B","Strike_B","Strike_B","Defend_B","Defend_B","Defend_B","Defend_B","Zap","Dualcast","Gash","Go for the Eyes","Storm","Storm","Ball Lightning","Capacitor","Storm","Aggregate","Glacier","FTL","Gash","All For One","Echo Form","Injury","Shame","Gash+1","Defragment","Gash","Static Discharge","Flash of Steel","Reboot","RitualDagger","Sunder","Steam","Static Discharge"],"relics":["Cracked Core","Dream Catcher","Bag of Preparation","Pantograph","SsserpentHead","Calling Bell","Ancient Tea Set","Ornamental Fan","Mango","Membership Card","Shuriken","Anchor","Meat on the Bone","Bronze Scales"],"potions_floor_usage":[11,18],"damage_taken":[{"damage":0,"enemies":"2 Louse","floor":1,"turns":3},{"damage":0,"enemies":"Small Slimes","floor":2,"turns":3},{"damage":0,"enemies":"Cultist","floor":3,"turns":3},{"damage":2,"enemies":"Looter","floor":4,"turns":3},{"damage":9,"enemies":"Blue Slaver","floor":5,"turns":4},{"damage":39,"enemies":"Lagavulin","floor":6,"turns":6},{"damage":2,"enemies":"Exordium Wildlife","floor":8,"turns":2},{"damage":18,"enemies":"Large Slime","floor":11,"turns":4},{"damage":25,"enemies":"Gremlin Nob","floor":12,"turns":5},{"damage":13,"enemies":"Red Slaver","floor":14,"turns":3},{"damage":40,"enemies":"Hexaghost","floor":16,"turns":7},{"damage":32,"enemies":"2 Thieves","floor":18,"turns":5},{"damage":26,"enemies":"Gremlin Leader","floor":23,"turns":6},{"damage":15,"enemies":"Shell Parasite","floor":24,"turns":4},{"damage":23,"enemies":"Centurion and Healer","floor":29,"turns":3}],"seed_played":"-4164207898306573067","potions_obtained":[{"floor":1,"key":"Swift Potion"},{"floor":3,"key":"AttackPotion"},{"floor":6,"key":"Regen Potion"},{"floor":8,"key":"Regen Potion"},{"floor":11,"key":"FearPotion"},{"floor":24,"key":"LiquidBronze"},{"floor":28,"key":"PowerPotion"},{"floor":28,"key":"EssenceOfSteel"},{"floor":28,"key":"PowerPotion"}],"is_trial":false,"path_per_floor":["M","M","M","M","M","E","?","M","T","R","M","E","?","M","R","B",null,"M","$","?","$","?","E","M","?","T","$","?","M"],"character_chosen":"DEFECT","items_purchased":["Membership Card","Defragment","Gash","Static Discharge","Flash of Steel","Reboot","Bronze Scales","Static Discharge"],"campfire_rested":2,"item_purchase_floors":[19,19,21,21,21,21,27,27],"current_hp_per_floor":[82,82,82,80,71,32,25,23,23,47,41,16,16,3,27,12,96,64,64,64,64,58,32,17,17,17,17,17,0],"gold":193,"neow_bonus":"TEN_PERCENT_HP_BONUS","is_prod":false,"is_daily":false,"chose_seed":false,"campfire_upgraded":0,"win_rate":0,"timestamp":1555560207,"path_taken":["M","M","M","M","M","E","?","M","T","R","M","E","?","?","R","BOSS","M","$","?","$","?","E","?","?","T","$","?","?"],"build_version":"2019-01-23","purchased_purges":1,"victory":false,"max_hp_per_floor":[82,82,82,82,82,82,82,82,82,82,82,82,82,82,82,82,96,96,96,96,96,96,96,96,96,96,96,96,96],"card_choices":[{"not_picked":["Rip and Tear","Blizzard"],"picked":"Gash","floor":1},{"not_picked":["Genetic Algorithm","Sweeping Beam"],"picked":"Go for the Eyes","floor":2},{"not_picked":["Ball Lightning","Tempest"],"picked":"Storm","floor":3},{"not_picked":["BootSequence","Biased Cognition"],"picked":"Storm","floor":4},{"not_picked":["Leap","Force Field"],"picked":"Ball Lightning","floor":5},{"not_picked":["Recycle","Chaos"],"picked":"Capacitor","floor":6},{"not_picked":["Compile Driver","FTL"],"picked":"Storm","floor":8},{"not_picked":["Sweeping Beam","Hologram"],"picked":"Aggregate","floor":10},{"not_picked":["Steam","Ball Lightning"],"picked":"Glacier","floor":11},{"not_picked":["Beam Cell","Conserve Battery"],"picked":"FTL","floor":12},{"not_picked":["Rebound","Go for the Eyes"],"picked":"Gash","floor":14},{"not_picked":["Capacitor","Scrape"],"picked":"All For One","floor":15},{"not_picked":["Rainbow","Seek"],"picked":"Echo Form","floor":16},{"not_picked":["Steam","Redo"],"picked":"Gash+1","floor":18},{"not_picked":["Streamline","Steam Power"],"picked":"Sunder","floor":23},{"not_picked":["Barrage","Beam Cell"],"picked":"Steam","floor":24}],"player_experience":504313,"relics_obtained":[{"floor":6,"key":"Dream Catcher"},{"floor":12,"key":"Pantograph"},{"floor":17,"key":"Ancient Tea Set"},{"floor":17,"key":"Ornamental Fan"},{"floor":17,"key":"Mango"},{"floor":23,"key":"Anchor"},{"floor":26,"key":"Meat on the Bone"}],"event_choices":[{"damage_healed":0,"gold_gain":0,"player_choice":"Success","damage_taken":7,"relics_obtained":["Bag of Preparation"],"max_hp_gain":0,"max_hp_loss":0,"event_name":"Scrap Ooze","floor":7,"gold_loss":0},{"damage_healed":0,"gold_gain":0,"player_choice":"Trade","damage_taken":0,"relics_obtained":["SsserpentHead"],"max_hp_gain":0,"max_hp_loss":0,"event_name":"FaceTrader","floor":13,"gold_loss":0},{"damage_healed":0,"gold_gain":0,"player_choice":"Obtained Relic","damage_taken":0,"relics_obtained":["Shuriken"],"max_hp_gain":0,"max_hp_loss":0,"event_name":"Addict","floor":20,"gold_loss":85},{"damage_healed":0,"gold_gain":0,"player_choice":"Joined the Cult","damage_taken":6,"max_hp_gain":0,"max_hp_loss":0,"event_name":"Nest","floor":22,"gold_loss":0,"cards_obtained":["RitualDagger"]},{"damage_healed":0,"gold_gain":0,"player_choice":"Ignored","damage_taken":0,"max_hp_gain":0,"max_hp_loss":0,"event_name":"Ghosts","floor":25,"gold_loss":0},{"damage_healed":0,"gold_gain":0,"player_choice":"Got Potions","damage_taken":0,"max_hp_gain":0,"max_hp_loss":0,"event_name":"Lab","floor":28,"gold_loss":0}],"is_beta":false,"boss_relics":[{"not_picked":["Black Star","Pandora\u0027s Box"],"picked":"Calling Bell"}],"items_purged_floors":[21],"is_endless":false,"potions_floor_spawned":[1,3,6,8,11,14,24],"killed_by":"Centurion and Healer","ascension_level":0}