{"gold_per_floor":[109,127,147,47,47,76,76,93,93,93,428,428,447,482,482,583,583,598,568,568,585,43,43],"floor_reached":23,"playtime":4394,"items_purged":["Brutality"],"score":211,"play_id":"f0301169-8b80-4c8e-acf5-f19f0d07710d","local_time":"20190404162419","is_ascension_mode":false,"campfire_choices":[{"floor":7.0,"key":"REST"},{"floor":10.0,"key":"REST"},{"floor":12.0,"key":"REST"},{"floor":15.0,"key":"REST"}],"neow_cost":"NONE","seed_source_timestamp":0,"circlet_count":0,"master_deck":["Strike_R","Strike_R","Strike_R","Strike_R","Defend_R","Defend_R","Defend_R","Defend_R","Bash","Rampage","Flex","Armaments","Iron Wave","Thunderclap","Iron Wave","Disarm","Hemokinesis","Reaper","Shrug It Off","Cleave+1","Ghostly Armor","Anger","Iron Wave","Dramatic Entrance"],"special_seed":0,"relics":["Burning Blood","Matryoshka","Bird Faced Urn","Centennial Puzzle","Old Coin","Magic Flower","Runic Cube","Pantograph"],"potions_floor_usage":[19,21,21,21,23],"damage_taken":[{"damage":2.0,"enemies":"Small Slimes","floor":1.0,"turns":5.0},{"damage":1.0,"enemies":"Cultist","floor":2.0,"turns":3.0},{"damage":8.0,"enemies":"Jaw Worm","floor":3.0,"turns":4.0},{"damage":55.0,"enemies":"Gremlin Nob","floor":6.0,"turns":6.0},{"damage":0.0,"enemies":"Gremlin Gang","floor":8.0,"turns":3.0},{"damage":27.0,"enemies":"Lagavulin","floor":11.0,"turns":9.0},{"damage":18.0,"enemies":"Exordium Thugs","floor":13.0,"turns":5.0},{"damage":36.0,"enemies":"3 Sentries","floor":14.0,"turns":8.0},{"damage":79.0,"enemies":"Slime Boss","floor":16.0,"turns":14.0},{"damage":41,"enemies":"Spheric Guardian","floor":18,"turns":6},{"damage":36,"enemies":"2 Thieves","floor":19,"turns":5},{"damage":25,"enemies":"Snake Plant","floor":21,"turns":7},{"damage":31,"enemies":"Book of Stabbing","floor":23,"turns":7}],"seed_played":"3452632059993112977","potions_obtained":[{"floor":0.0,"key":"LiquidBronze"},{"floor":0.0,"key":"FairyPotion"},{"floor":0.0,"key":"BloodPotion"},{"floor":3.0,"key":"Strength Potion"},{"floor":11.0,"key":"Swift Potion"},{"floor":18,"key":"PowerPotion"},{"floor":20,"key":"SneckoOil"},{"floor":20,"key":"EssenceOfSteel"},{"floor":20,"key":"Block Potion"}],"is_trial":false,"path_per_floor":["M","M","M","$","?","E","R","M","T","R","E","R","M","E","R","B",null,"M","M","?","M","$","E"],"character_chosen":"IRONCLAD","items_purchased":["Armaments","Iron Wave","Pantograph","Anger","Strength Potion","Iron Wave","Dramatic Entrance"],"campfire_rested":4,"item_purchase_floors":[4,4,22,22,22,22,22],"current_hp_per_floor":[80,80,78,78,78,29,53,59,59,80,59,80,70,50,74,19,80,48,39,39,29,29,0],"gold":43,"neow_bonus":"THREE_SMALL_POTIONS","is_prod":false,"is_daily":false,"chose_seed":false,"campfire_upgraded":0,"win_rate":0.0,"timestamp":1554387859,"path_taken":["M","M","M","$","?","E","R","?","T","R","E","R","M","E","R","BOSS","M","M","?","M","$","E"],"build_version":"2019-01-23","purchased_purges":1,"victory":false,"max_hp_per_floor":[80,80,80,80,80,80,80,80,80,80,80,80,80,80,80,80,80,80,80,80,80,80,80],"card_choices":[{"not_picked":["Fire Breathing","Inflame"],"picked":"Rampage","floor":1.0},{"not_picked":["Pommel Strike","Warcry"],"picked":"Flex","floor":2.0},{"not_picked":["Warcry","Seeing Red","Perfected Strike"],"picked":"SKIP","floor":3.0},{"not_picked":["Blood for Blood","Armaments"],"picked":"Thunderclap","floor":6.0},{"not_picked":["Dropkick","Warcry"],"picked":"Iron Wave","floor":8.0},{"not_picked":["Headbutt","Clash","Power Through"],"picked":"SKIP","floor":11.0},{"not_picked":["Perfected Strike","Feed"],"picked":"Disarm","floor":13.0},{"not_picked":["Infernal Blade","Shrug It Off"],"picked":"Hemokinesis","floor":14.0},{"not_picked":["Limit Break","Dark Embrace"],"picked":"Reaper","floor":16.0},{"not_picked":["Seeing Red","Reckless Charge"],"picked":"Shrug It Off","floor":18},{"not_picked":["Flame Barrier","Spot Weakness"],"picked":"Cleave+1","floor":19},{"not_picked":["Body Slam+1","Warcry"],"picked":"Ghostly Armor","floor":21}],"player_experience":9276,"relics_obtained":[{"floor":6.0,"key":"Matryoshka"},{"floor":9.0,"key":"Bird Faced Urn"},{"floor":9.0,"key":"Centennial Puzzle"},{"floor":11.0,"key":"Old Coin"},{"floor":14.0,"key":"Magic Flower"}],"event_choices":[{"damage_healed":0.0,"max_hp_gain":0.0,"max_hp_loss":0.0,"gold_gain":0.0,"cards_transformed":["Strike_R"],"event_name":"Transmorgrifier","player_choice":"Transformed","floor":5.0,"gold_loss":0.0,"damage_taken":0.0,"cards_obtained":["Brutality"]},{"damage_healed":0,"gold_gain":0,"player_choice":"Got Potions","damage_taken":0,"max_hp_gain":0,"max_hp_loss":0,"event_name":"Lab","floor":20,"gold_loss":0}],"is_beta":false,"boss_relics":[{"not_picked":["Ectoplasm","Mark of Pain"],"picked":"Runic Cube"}],"items_purged_floors":[22],"is_endless":false,"potions_floor_spawned":[1,3,11,13,18],"killed_by":"Book of Stabbing","ascension_level":0}