{"gold_per_floor":[114,127,127,142,155,155,185,199,226,254,254,254,254,265,265,367,367,387,399,379,185,196,196,228,247,247,149,164,164,175,175,175,276,276,288,288,305,234,246,246,246],"floor_reached":41,"playtime":2235,"items_purged":["Injury"],"score":600,"play_id":"8c8aeaea-b3ea-4626-945a-dc440c596c30","local_time":"20190419145802","is_ascension_mode":false,"campfire_choices":[{"data":"Streamline","floor":6,"key":"SMITH"},{"data":"Defragment","floor":12,"key":"SMITH"},{"floor":15,"key":"RECALL"},{"data":"Loop","floor":23,"key":"SMITH"},{"data":"Ghostly","floor":32,"key":"SMITH"},{"floor":40,"key":"REST"}],"neow_cost":"NONE","seed_source_timestamp":749021513580940,"circlet_count":0,"master_deck":["Strike_B","Strike_B","Strike_B","Strike_B","Defend_B","Defend_B","Defend_B","Defend_B","Zap","Dualcast","Leap","Cold Snap","Coolheaded","Streamline+1","Defragment+1","Loop+1","Genetic Algorithm","Gash","Machine Learning","Redo+1","Blizzard+1","Cold Snap","Gash","Cold Snap","Barrage","Conserve Battery","Coolheaded","Streamline","Ghostly","Ghostly","Ghostly","Ghostly+1","Core Surge","Cold Snap","Cold Snap","Streamline","Seek","Gash+1","Doom and Gloom","White Noise+1","Beam Cell","Blizzard","Barrage","Consume+1"],"relics":["Cracked Core","WarpedTongs","Bag of Preparation","Oddly Smooth Stone","Strawberry","Cables","Cursed Key","Runic Capacitor","Anchor","Prayer Wheel","Orrery"],"potions_floor_usage":[10,16,25,33,41],"damage_taken":[{"damage":1,"enemies":"Cultist","floor":1,"turns":3},{"damage":0,"enemies":"Small Slimes","floor":2,"turns":3},{"damage":3,"enemies":"2 Louse","floor":4,"turns":2},{"damage":16,"enemies":"Gremlin Gang","floor":5,"turns":5},{"damage":16,"enemies":"Gremlin Nob","floor":7,"turns":4},{"damage":11,"enemies":"Red Slaver","floor":8,"turns":3},{"damage":17,"enemies":"Lagavulin","floor":10,"turns":5},{"damage":0,"enemies":"2 Fungi Beasts","floor":14,"turns":4},{"damage":0,"enemies":"Hexaghost","floor":16,"turns":11},{"damage":0,"enemies":"Chosen","floor":18,"turns":5},{"damage":6,"enemies":"3 Byrds","floor":19,"turns":4},{"damage":12,"enemies":"Snecko","floor":22,"turns":5},{"damage":4,"enemies":"Book of Stabbing","floor":24,"turns":5},{"damage":3,"enemies":"Snake Plant","floor":25,"turns":4},{"damage":0,"enemies":"Cultist and Chosen","floor":28,"turns":4},{"damage":3,"enemies":"Shelled Parasite and Fungi","floor":30,"turns":5},{"damage":0,"enemies":"Collector","floor":33,"turns":13},{"damage":17,"enemies":"3 Darklings","floor":35,"turns":8},{"damage":0,"enemies":"3 Shapes","floor":37,"turns":3},{"damage":20,"enemies":"Jaw Worm Horde","floor":39,"turns":5},{"damage":29,"enemies":"Nemesis","floor":41,"turns":3}],"seed_played":"-4051833176655256942","potions_obtained":[{"floor":4,"key":"Swift Potion"},{"floor":5,"key":"Energy Potion"},{"floor":8,"key":"Strength Potion"},{"floor":10,"key":"AttackPotion"},{"floor":14,"key":"Fruit Juice"},{"floor":20,"key":"FocusPotion"},{"floor":25,"key":"AttackPotion"},{"floor":35,"key":"Dexterity Potion"}],"is_trial":false,"path_per_floor":["M","M","?","M","M","R","E","M","T","E","T","R","?","M","R","B",null,"M","M","?","$","M","R","E","M","T","$","M","$","M","?","R","B",null,"M","?","M","$","M","R","E"],"character_chosen":"DEFECT","items_purchased":["Runic Capacitor","Barrage","Blizzard"],"campfire_rested":1,"item_purchase_floors":[21,27,38],"current_hp_per_floor":[81,81,81,78,62,62,46,35,35,25,25,25,18,18,18,23,94,94,88,88,88,76,76,72,69,69,69,69,69,66,47,47,47,47,30,35,35,35,15,29,0],"gold":246,"neow_bonus":"TEN_PERCENT_HP_BONUS","is_prod":false,"is_daily":false,"chose_seed":false,"campfire_upgraded":4,"win_rate":0,"timestamp":1555703882,"path_taken":["M","M","?","M","M","R","E","?","T","E","?","R","?","M","R","BOSS","M","M","?","$","?","R","E","M","T","$","M","?","M","?","R","BOSS","M","?","?","$","M","R","E"],"build_version":"2019-01-23","purchased_purges":1,"victory":false,"max_hp_per_floor":[82,82,82,82,82,82,82,82,82,89,89,89,89,89,89,94,94,94,94,94,94,94,94,94,94,94,94,94,94,94,47,47,47,47,47,47,47,47,47,47,47],"card_choices":[{"not_picked":["Streamline","Lockon"],"picked":"Leap","floor":1},{"not_picked":["Gash","Heatsinks"],"picked":"Cold Snap","floor":2},{"not_picked":["Steam","Redo"],"picked":"Coolheaded","floor":4},{"not_picked":["Biased Cognition","Hello World"],"picked":"Streamline","floor":5},{"not_picked":["Leap","Ball Lightning"],"picked":"Defragment","floor":7},{"not_picked":["Ball Lightning","Leap"],"picked":"Loop","floor":8},{"not_picked":["Fission","Barrage"],"picked":"Genetic Algorithm","floor":10},{"not_picked":["Hologram","Go for the Eyes"],"picked":"Gash","floor":14},{"not_picked":["Meteor Strike","Electrodynamics"],"picked":"Machine Learning","floor":16},{"not_picked":["Consume","Undo"],"picked":"Redo+1","floor":18},{"not_picked":["Compile Driver","Hologram"],"picked":"Blizzard+1","floor":19},{"not_picked":["BootSequence","Rebound"],"picked":"Cold Snap","floor":22},{"not_picked":["Coolheaded","Melter"],"picked":"Gash","floor":24},{"not_picked":["Coolheaded+1","Storm"],"picked":"Cold Snap","floor":25},{"not_picked":["Turbo+1","Redo"],"picked":"Conserve Battery","floor":28},{"not_picked":["Doom and Gloom","Leap+1"],"picked":"Coolheaded","floor":28},{"not_picked":["Coolheaded","BootSequence"],"picked":"Streamline","floor":30},{"not_picked":["Tempest+1","Electrodynamics","Steam"],"picked":"SKIP","floor":30},{"not_picked":["Multi-Cast","Reboot"],"picked":"Core Surge","floor":33},{"not_picked":["Static Discharge+1","Stack"],"picked":"Cold Snap","floor":34},{"not_picked":["Streamline","Coolheaded"],"picked":"Cold Snap","floor":34},{"not_picked":["Static Discharge","Hologram"],"picked":"Streamline","floor":34},{"not_picked":["Undo","Hologram"],"picked":"Seek","floor":34},{"not_picked":["Coolheaded","Compile Driver"],"picked":"Gash+1","floor":35},{"not_picked":["Leap+1","Aggregate"],"picked":"Doom and Gloom","floor":35},{"not_picked":["Self Repair+1","Undo+1"],"picked":"White Noise+1","floor":37},{"not_picked":["Undo+1","Glacier"],"picked":"Beam Cell","floor":37},{"not_picked":["Rebound","Leap"],"picked":"Barrage","floor":39},{"not_picked":["Leap","Darkness+1"],"picked":"Consume+1","floor":39}],"player_experience":217003,"relics_obtained":[{"floor":7,"key":"Bag of Preparation"},{"floor":9,"key":"Oddly Smooth Stone"},{"floor":10,"key":"Strawberry"},{"floor":11,"key":"Cables"},{"floor":24,"key":"Anchor"},{"floor":26,"key":"Prayer Wheel"}],"event_choices":[{"damage_healed":0,"gold_gain":0,"player_choice":"Rummage","damage_taken":0,"relics_obtained":["WarpedTongs"],"max_hp_gain":0,"max_hp_loss":0,"event_name":"Accursed Blacksmith","floor":3,"gold_loss":0,"cards_obtained":["Pain"]},{"cards_removed":["Pain"],"damage_healed":0,"gold_gain":0,"player_choice":"Card Removal","damage_taken":7,"max_hp_gain":0,"max_hp_loss":0,"event_name":"Golden Wing","floor":13,"gold_loss":0},{"damage_healed":0,"gold_gain":0,"player_choice":"Bought 1 Potion","damage_taken":0,"max_hp_gain":0,"max_hp_loss":0,"event_name":"The Woman in Blue","floor":20,"gold_loss":0},{"damage_healed":0,"gold_gain":0,"player_choice":"Became a Ghost","damage_taken":0,"max_hp_gain":0,"max_hp_loss":47,"event_name":"Ghosts","floor":31,"gold_loss":0,"cards_obtained":["Ghostly","Ghostly","Ghostly","Ghostly","Ghostly"]},{"cards_removed":["Ghostly"],"damage_healed":5,"gold_gain":0,"player_choice":"Offered Special","damage_taken":0,"max_hp_gain":0,"max_hp_loss":0,"event_name":"Bonfire Elementals","floor":36,"gold_loss":0}],"is_beta":false,"boss_relics":[{"not_picked":["Velvet Choker","FrozenCore"],"picked":"Cursed Key"},{"not_picked":["Snecko Eye","Busted Crown"],"picked":"Orrery"}],"items_purged_floors":[27],"is_endless":false,"potions_floor_spawned":[4,5,8,10,14,24,25,28,35],"killed_by":"Nemesis","ascension_level":0}