{"gold_per_floor":[118,148,148,168,183,212,224,240,263,263,263,263,18,28,28,132,132,72,72,72,22,22,22,22,22,22,22,22,22,22,22,22,22,22,22,22,22,22,22,22,22,22,22,22,22,22,0,0,0,0],"floor_reached":51,"playtime":3130,"items_purged":["Pain"],"score":944,"play_id":"84ab1a39-465b-468e-a799-59efd986736c","local_time":"20190402021554","is_ascension_mode":true,"campfire_choices":[{"data":"Zap","floor":10,"key":"SMITH"},{"data":"Dualcast","floor":12,"key":"SMITH"},{"floor":15,"key":"REST"},{"data":"Electrodynamics","floor":23,"key":"SMITH"},{"floor":30,"key":"REST"},{"data":"Capacitor","floor":32,"key":"SMITH"},{"data":"Defragment","floor":42,"key":"SMITH"},{"data":"Loop","floor":49,"key":"SMITH"}],"neow_cost":"CURSE","seed_source_timestamp":1702051039170775,"circlet_count":0,"master_deck":["Zap+1","Dualcast+1","Consume","Streamline","BootSequence","Conserve Battery","Loop+1","Conserve Battery+1","Electrodynamics+1","Streamline","White Noise+1","Capacitor+1","Hello World","Sweeping Beam+1","Self Repair+1","Coolheaded+1","Rainbow+1","Self Repair","Loop","Amplify+1","Defragment+1","Undo+1","Auto Shields+1","Chaos+1","White Noise+1","Recycle+1","Skim+1","Madness+1","Madness+1","Hologram+1","Steam+1","Capacitor+1","Loop+1","Stack+1","Turbo+1"],"relics":["Cracked Core","Ice Cream","Tiny Chest","Art of War","Ancient Tea Set","WarpedTongs","Toxic Egg 2","Ectoplasm","Smiling Mask","Blood Vial","Bag of Marbles","Gambling Chip","Pandora\u0027s Box","Bronze Scales","Bag of Preparation","Emotion Chip","Girya","Red Mask"],"potions_floor_usage":[6,8,16,19,29,33,33,35,40,44,50,50],"damage_taken":[{"damage":5,"enemies":"Cultist","floor":1,"turns":4},{"damage":9,"enemies":"Jaw Worm","floor":4,"turns":3},{"damage":0,"enemies":"2 Louse","floor":5,"turns":1},{"damage":10,"enemies":"3 Sentries","floor":6,"turns":5},{"damage":0,"enemies":"Red Slaver","floor":7,"turns":3},{"damage":13,"enemies":"Lots of Slimes","floor":8,"turns":4},{"damage":12,"enemies":"Large Slime","floor":14,"turns":5},{"damage":34,"enemies":"Slime Boss","floor":16,"turns":10},{"damage":23,"enemies":"2 Thieves","floor":18,"turns":3},{"damage":11,"enemies":"3 Byrds","floor":19,"turns":4},{"damage":46,"enemies":"Book of Stabbing","floor":24,"turns":5},{"damage":5,"enemies":"3 Cultists","floor":25,"turns":4},{"damage":4,"enemies":"Centurion and Healer","floor":27,"turns":4},{"damage":0,"enemies":"Chosen and Byrds","floor":28,"turns":4},{"damage":18,"enemies":"Gremlin Leader","floor":29,"turns":4},{"damage":0,"enemies":"3 Cultists","floor":31,"turns":2},{"damage":56,"enemies":"Automaton","floor":33,"turns":8},{"damage":43,"enemies":"3 Darklings","floor":35,"turns":3},{"damage":0,"enemies":"Orb Walker","floor":37,"turns":4},{"damage":3,"enemies":"Giant Head","floor":40,"turns":6},{"damage":1,"enemies":"Spire Growth","floor":41,"turns":6},{"damage":17,"enemies":"Jaw Worm Horde","floor":44,"turns":2},{"damage":0,"enemies":"Mind Bloom Boss Battle","floor":45,"turns":4},{"damage":12,"enemies":"Nemesis","floor":46,"turns":7},{"damage":0,"enemies":"Transient","floor":48,"turns":5},{"damage":56,"enemies":"Time Eater","floor":50,"turns":9}],"seed_played":"7019161232510987894","potions_obtained":[{"floor":5,"key":"AttackPotion"},{"floor":6,"key":"SkillPotion"},{"floor":8,"key":"Regen Potion"},{"floor":18,"key":"Energy Potion"},{"floor":25,"key":"Explosive Potion"},{"floor":27,"key":"AttackPotion"},{"floor":29,"key":"Energy Potion"},{"floor":33,"key":"SkillPotion"},{"floor":36,"key":"Fire Potion"},{"floor":36,"key":"SmokeBomb"},{"floor":36,"key":"EssenceOfSteel"},{"floor":40,"key":"Explosive Potion"},{"floor":41,"key":"SpeedPotion"},{"floor":46,"key":"EssenceOfSteel"}],"is_trial":false,"path_per_floor":["M","?","?","M","M","E","M","M","T","R","?","R","$","M","R","B",null,"M","M","?","$","?","R","E","M","T","M","M","E","R","M","R","B",null,"M","?","M","?","?","E","M","R","T","M","?","E","?","M","R","B",null],"character_chosen":"DEFECT","items_purchased":["Toxic Egg 2"],"campfire_rested":2,"item_purchase_floors":[13],"current_hp_per_floor":[70,63,63,54,54,44,44,31,31,31,31,31,31,19,41,22,75,52,41,41,41,85,85,39,36,36,34,36,30,55,57,57,13,85,62,62,84,73,73,85,85,85,85,85,85,85,85,85,85,29],"gold":0,"neow_bonus":"ONE_RARE_RELIC","is_prod":false,"is_daily":false,"chose_seed":false,"campfire_upgraded":6,"win_rate":0,"timestamp":1554196554,"path_taken":["M","?","?","?","M","E","M","M","T","R","?","R","$","?","R","BOSS","M","?","?","$","?","R","E","M","T","M","?","E","R","M","R","BOSS","M","?","?","?","?","E","M","R","T","?","?","E","?","M","R","BOSS"],"build_version":"2019-01-23","purchased_purges":1,"victory":true,"max_hp_per_floor":[75,75,75,75,75,75,75,75,75,75,75,75,75,75,75,75,75,75,75,75,75,85,85,85,85,85,85,85,85,85,85,85,85,85,85,85,85,85,85,85,85,85,85,85,85,85,85,85,85,85],"card_choices":[{"not_picked":["Cold Snap","Stack"],"picked":"Consume","floor":1},{"not_picked":["Sweeping Beam","Cold Snap"],"picked":"Streamline","floor":4},{"not_picked":["Streamline","Steam"],"picked":"BootSequence","floor":5},{"not_picked":["Darkness","Aggregate"],"picked":"Conserve Battery","floor":6},{"not_picked":["Rip and Tear","Leap"],"picked":"Loop","floor":7},{"not_picked":["Chill","Leap"],"picked":"Meteor Strike","floor":8},{"not_picked":["Ball Lightning","Glacier+1"],"picked":"Conserve Battery+1","floor":14},{"not_picked":["Core Surge","Fission+1"],"picked":"Electrodynamics","floor":16},{"not_picked":["Sweeping Beam+1","Go for the Eyes+1"],"picked":"Streamline","floor":18},{"not_picked":["Beam Cell","Scrape"],"picked":"White Noise+1","floor":19},{"not_picked":["White Noise+1","Gash+1"],"picked":"Capacitor","floor":24},{"not_picked":["Streamline+1","Conserve Battery+1"],"picked":"Hello World","floor":25},{"not_picked":["Chill+1","Loop"],"picked":"Sweeping Beam+1","floor":27},{"not_picked":["Gash","All For One"],"picked":"Self Repair+1","floor":28},{"not_picked":["Sweeping Beam+1","Cold Snap"],"picked":"Coolheaded+1","floor":29},{"not_picked":["Double Energy+1","Lockon"],"picked":"Rebound+1","floor":31},{"not_picked":["Buffer","Hyperbeam"],"picked":"Rainbow+1","floor":33},{"not_picked":["Compile Driver","BootSequence+1"],"picked":"Recycle+1","floor":35},{"not_picked":["Beam Cell","Sweeping Beam"],"picked":"Skim+1","floor":37},{"not_picked":["Conserve Battery+1","Recycle+1"],"picked":"Hologram+1","floor":40},{"not_picked":["FTL","Barrage"],"picked":"Steam+1","floor":41},{"not_picked":["Compile Driver","Scrape+1"],"picked":"Capacitor+1","floor":44},{"not_picked":["Capacitor+1","Barrage+1"],"picked":"Loop+1","floor":45},{"not_picked":["All For One","Coolheaded+1"],"picked":"Stack+1","floor":46},{"not_picked":["Capacitor+1","Fusion+1"],"picked":"Turbo+1","floor":48}],"player_experience":455286,"relics_obtained":[{"floor":6,"key":"Art of War"},{"floor":9,"key":"Ancient Tea Set"},{"floor":24,"key":"Blood Vial"},{"floor":26,"key":"Bag of Marbles"},{"floor":29,"key":"Gambling Chip"},{"floor":40,"key":"Bronze Scales"},{"floor":43,"key":"Bag of Preparation"},{"floor":45,"key":"Emotion Chip"},{"floor":46,"key":"Girya"}],"event_choices":[{"damage_healed":0,"gold_gain":0,"player_choice":"Success","damage_taken":7,"relics_obtained":["Tiny Chest"],"max_hp_gain":0,"max_hp_loss":0,"event_name":"Scrap Ooze","floor":2,"gold_loss":0},{"cards_removed":["Shame"],"damage_healed":0,"gold_gain":0,"player_choice":"Forget","damage_taken":0,"max_hp_gain":0,"max_hp_loss":0,"event_name":"Living Wall","floor":3,"gold_loss":0},{"damage_healed":0,"gold_gain":0,"player_choice":"Rummage","damage_taken":0,"relics_obtained":["WarpedTongs"],"max_hp_gain":0,"max_hp_loss":0,"event_name":"Accursed Blacksmith","floor":11,"gold_loss":0,"cards_obtained":["Pain"]},{"damage_healed":0,"gold_gain":0,"player_choice":"Opened","damage_taken":0,"relics_obtained":["Smiling Mask"],"max_hp_gain":0,"max_hp_loss":0,"event_name":"The Mausoleum","floor":20,"gold_loss":0},{"cards_removed":["Meteor Strike"],"damage_healed":34,"gold_gain":0,"player_choice":"Offered Rare","damage_taken":0,"max_hp_gain":10,"max_hp_loss":0,"event_name":"Bonfire Elementals","floor":22,"gold_loss":0},{"damage_healed":0,"gold_gain":0,"player_choice":"Got Potions","damage_taken":0,"max_hp_gain":0,"max_hp_loss":0,"event_name":"Lab","floor":36,"gold_loss":0},{"damage_healed":0,"gold_gain":0,"player_choice":"Embrace Madness","damage_taken":11,"max_hp_gain":0,"max_hp_loss":0,"event_name":"Winding Halls","floor":38,"gold_loss":0,"cards_obtained":["Madness","Madness"]},{"cards_removed":["Rebound"],"damage_healed":0,"gold_gain":0,"player_choice":"Removed Attack","damage_taken":0,"max_hp_gain":0,"max_hp_loss":0,"event_name":"Falling","floor":39,"gold_loss":0},{"damage_healed":0,"gold_gain":0,"player_choice":"Fight","damage_taken":0,"max_hp_gain":0,"max_hp_loss":0,"event_name":"MindBloom","floor":45,"gold_loss":0},{"damage_healed":0,"gold_gain":0,"player_choice":"Paid","damage_taken":0,"relics_obtained":["Red Mask"],"max_hp_gain":0,"max_hp_loss":0,"event_name":"Tomb of Lord Red Mask","floor":47,"gold_loss":22}],"is_beta":false,"boss_relics":[{"not_picked":["Runic Pyramid","Runic Dome"],"picked":"Ectoplasm"},{"not_picked":["Velvet Choker","FrozenCore"],"picked":"Pandora\u0027s Box"}],"items_purged_floors":[21],"is_endless":false,"potions_floor_spawned":[5,6,8,18,25,27,29,33,40,41,46,48],"ascension_level":4}