{"path_per_floor":["M","$","?","?","?","R","M","E","T","E","?","M","R","M","R","B",null,"M","M","$","?","M","R","$","R","T","$","R","M","M","?","R"],"character_chosen":"DEFECT","items_purchased":["Bottled Tornado"],"gold_per_floor":[110,35,35,35,210,210,223,249,249,277,277,297,297,308,308,411,441,461,478,126,126,139,139,14,14,14,14,14,31,47,0,0,0],"floor_reached":33,"campfire_rested":3,"playtime":1495,"current_hp_per_floor":[74,74,75,75,75,75,75,48,48,28,28,28,50,50,50,42,80,68,50,50,50,29,53,53,53,53,53,53,31,19,19,43,0],"items_purged":["Defend_B","Doubt","Strike_B"],"gold":0,"score":253,"play_id":"211dc0d9-32ea-4068-9e19-2479eccf4750","local_time":"20180428074427","is_prod":false,"is_daily":false,"chose_seed":false,"is_ascension_mode":false,"campfire_upgraded":4,"timestamp":1524915867,"path_taken":["M","$","?","?","?","R","?","E","T","E","?","M","R","M","R","BOSS","M","M","$","?","M","R","?","R","T","$","R","M","M","?","R","BOSS"],"build_version":"2018-04-27v3","seed_source_timestamp":0,"purchased_purges":3,"victory":false,"master_deck":["Strike_B","Strike_B","Strike_B","Defend_B+1","Defend_B","Defend_B","Zap","Dualcast+1","Cold Snap","Genetic Algorithm","Glacier","Ball Lightning","Redo+1","Machine Learning","Sweeping Beam","Capacitor+1","Tempest+1","Coolheaded+1","Streamline+1"],"max_hp_per_floor":[75,75,75,75,75,75,75,75,75,75,75,75,75,75,75,75,80,80,80,80,80,80,80,80,80,80,80,80,80,80,80,80,80],"relics":["Cracked Core","Pen Nib","Mummified Hand","Toolbox","Tiny House","Bottled Tornado","Calipers"],"card_choices":[{"not_picked":["Buffer","Beam Cell"],"picked":"Cold Snap","floor":1.0},{"not_picked":["Coolheaded","Barrage"],"picked":"Genetic Algorithm","floor":7.0},{"not_picked":["Steam Power","Stack"],"picked":"Glacier","floor":8.0},{"not_picked":["Sweeping Beam","Flux Capacitor"],"picked":"Ball Lightning","floor":10.0},{"not_picked":["Doom and Gloom","Leap"],"picked":"Redo","floor":12.0},{"not_picked":["Reboot","Meteor Strike"],"picked":"Machine Learning","floor":16.0},{"not_picked":["Streamline","Hologram"],"picked":"Sweeping Beam","floor":17.0},{"not_picked":["Barrage","Redo"],"picked":"Capacitor","floor":19.0},{"not_picked":["Beam Cell","Impulse"],"picked":"Coolheaded","floor":22.0},{"not_picked":["Ball Lightning","Barrage"],"picked":"Streamline","floor":30.0}],"player_experience":14082,"potions_floor_usage":[33],"damage_taken":[{"damage":1.0,"enemies":"Jaw Worm","floor":1.0,"turns":5.0},{"damage":0.0,"enemies":"Cultist","floor":7.0,"turns":4.0},{"damage":27.0,"enemies":"Gremlin Nob","floor":8.0,"turns":5.0},{"damage":20.0,"enemies":"Lagavulin","floor":10.0,"turns":12.0},{"damage":0.0,"enemies":"2 Louse","floor":12.0,"turns":3.0},{"damage":0.0,"enemies":"Large Slime","floor":14.0,"turns":4.0},{"damage":8.0,"enemies":"The Guardian","floor":16.0,"turns":9.0},{"damage":12.0,"enemies":"3 Byrds","floor":18.0,"turns":5.0},{"damage":18.0,"enemies":"Spheric Guardian","floor":19.0,"turns":6.0},{"damage":21.0,"enemies":"Snecko","floor":22.0,"turns":6.0},{"damage":26.0,"enemies":"Cultist and Chosen","floor":29.0,"turns":6.0},{"damage":12.0,"enemies":"Snake Plant","floor":30.0,"turns":4.0},{"damage":58,"enemies":"Champ","floor":33,"turns":11}],"event_choices":[{"event_name":"Wheel of Change","player_choice":"Full Heal","floor":3.0,"damage_taken":0.0},{"event_name":"The Cleric","player_choice":"Leave","floor":4.0,"damage_taken":0.0},{"event_name":"Liars Game","player_choice":"agreed","floor":5.0,"damage_taken":0.0},{"event_name":"Golden Wing","player_choice":"Ignored","floor":11.0,"damage_taken":0.0},{"event_name":"Match and Keep!","player_choice":"1 cards matched","floor":21.0,"damage_taken":0.0},{"event_name":"Masked Bandits","player_choice":"Paid Bandits 47 gold","floor":31,"damage_taken":0}],"boss_relics":[],"potions_floor_spawned":[1,7,22,29,30],"seed_played":"1676390513439051464","killed_by":"Champ","ascension_level":0,"is_trial":false}