{"gold_per_floor":[114,114,14,14,34,68,80,80,80,95,107,107,126,144,144,249,249,260,278,292,9,26,126,138,138],"floor_reached":25,"playtime":1212,"items_purged":[],"score":209,"play_id":"ff79b80a-da36-4813-868a-4e0d4b2730d1","local_time":"20190309091901","is_ascension_mode":false,"campfire_choices":[{"data":"Noxious Fumes","floor":8.0,"key":"SMITH"},{"data":"Footwork","floor":12.0,"key":"SMITH"},{"data":"Skewer","floor":15.0,"key":"SMITH"}],"neow_cost":"NONE","seed_source_timestamp":0,"circlet_count":0,"master_deck":["Defend_G","Defend_G","Defend_G","Defend_G","Defend_G","Strike_G","Strike_G","Strike_G","Strike_G","Strike_G","Survivor","Neutralize","Backflip","Noxious Fumes+1","Catalyst","Bouncing Flask","Backflip","Cloak And Dagger","Skewer+1","Footwork+1","Footwork","Night Terror","Underhanded Strike","Acrobatics+1","Reflex","Master of Strategy","Eviscerate","Corpse Explosion"],"special_seed":0,"relics":["HoveringKite"],"potions_floor_usage":[22,24],"damage_taken":[{"damage":0.0,"enemies":"Small Slimes","floor":1.0,"turns":6.0},{"damage":0.0,"enemies":"Cultist","floor":5.0,"turns":4.0},{"damage":30.0,"enemies":"Gremlin Nob","floor":6.0,"turns":4.0},{"damage":1.0,"enemies":"2 Louse","floor":7.0,"turns":4.0},{"damage":0.0,"enemies":"Red Slaver","floor":10.0,"turns":4.0},{"damage":0.0,"enemies":"Exordium Wildlife","floor":11.0,"turns":4.0},{"damage":12.0,"enemies":"Exordium Thugs","floor":13.0,"turns":5.0},{"damage":0.0,"enemies":"2 Fungi Beasts","floor":14.0,"turns":5.0},{"damage":4.0,"enemies":"Hexaghost","floor":16.0,"turns":7.0},{"damage":11.0,"enemies":"Chosen","floor":18.0,"turns":6.0},{"damage":2.0,"enemies":"Spheric Guardian","floor":19.0,"turns":6.0},{"damage":0.0,"enemies":"Shelled Parasite and Fungi","floor":20.0,"turns":8.0},{"damage":21,"enemies":"Cultist and Chosen","floor":22,"turns":8},{"damage":0,"enemies":"Snake Plant","floor":24,"turns":4},{"damage":44,"enemies":"Book of Stabbing","floor":25,"turns":5}],"seed_played":"-8233563945320070194","potions_obtained":[{"floor":1.0,"key":"Poison Potion"},{"floor":5.0,"key":"Regen Potion"},{"floor":10.0,"key":"Ancient Potion"},{"floor":16.0,"key":"SkillPotion"},{"floor":19.0,"key":"EssenceOfSteel"},{"floor":22,"key":"SkillPotion"}],"is_trial":false,"path_per_floor":["M","?","$","?","M","E","M","R","T","M","M","R","M","M","R","B",null,"M","M","M","$","M","?","M","E"],"character_chosen":"THE_SILENT","items_purchased":["Noxious Fumes","Catalyst","Reflex","Master of Strategy","Eviscerate"],"campfire_rested":0,"item_purchase_floors":[3,3,21,21,21],"current_hp_per_floor":[70,75,75,68,68,38,37,37,37,37,37,37,39,39,39,35,75,64,62,62,62,41,41,41,0],"gold":138,"neow_bonus":"BOSS_RELIC","is_prod":false,"is_daily":false,"chose_seed":false,"campfire_upgraded":3,"win_rate":0,"timestamp":1552141141,"path_taken":["M","?","$","?","M","E","?","R","T","?","M","R","M","?","R","BOSS","M","M","M","$","M","?","?","E"],"build_version":"2019-01-23","purchased_purges":0,"victory":false,"max_hp_per_floor":[70,75,75,75,75,75,75,75,75,75,75,75,75,75,75,75,75,75,75,75,75,75,75,75,75],"card_choices":[{"not_picked":["Bane","Distraction"],"picked":"Backflip","floor":1.0},{"not_picked":["Riddle With Holes","Deadly Poison"],"picked":"Bouncing Flask","floor":5.0},{"not_picked":["Choke","Heel Hook"],"picked":"Backflip","floor":6.0},{"not_picked":["Deadly Poison","Caltrops"],"picked":"Cloak And Dagger","floor":7.0},{"not_picked":["Dagger Throw","Acrobatics"],"picked":"Skewer","floor":10.0},{"not_picked":["Dagger Throw","Bane"],"picked":"Footwork","floor":11.0},{"not_picked":["Concentrate","Quick Slash","Caltrops"],"picked":"SKIP","floor":13.0},{"not_picked":["Reflex","Dagger Throw"],"picked":"Footwork","floor":14.0},{"not_picked":["Die Die Die","Doppelganger"],"picked":"Night Terror","floor":16.0},{"not_picked":["Riddle With Holes","Blur"],"picked":"Underhanded Strike","floor":18.0},{"not_picked":["Underhanded Strike","Calculated Gamble","Footwork"],"picked":"SKIP","floor":19.0},{"not_picked":["Flechettes","Predator"],"picked":"Acrobatics+1","floor":20.0},{"not_picked":["Quick Slash","Underhanded Strike","Expertise"],"picked":"SKIP","floor":22},{"not_picked":["Blade Dance","Slice"],"picked":"Corpse Explosion","floor":24}],"player_experience":861874,"relics_obtained":[],"event_choices":[{"damage_healed":0.0,"max_hp_gain":5.0,"max_hp_loss":0.0,"gold_gain":0.0,"event_name":"Big Fish","player_choice":"Donut","floor":2.0,"gold_loss":0.0,"damage_taken":0.0},{"damage_healed":0.0,"max_hp_gain":0.0,"max_hp_loss":0.0,"gold_gain":0.0,"event_name":"Wheel of Change","player_choice":"Damaged","floor":4.0,"gold_loss":0.0,"damage_taken":7.0},{"damage_healed":0,"gold_gain":100,"player_choice":"Pray","damage_taken":0,"max_hp_gain":0,"max_hp_loss":0,"event_name":"Golden Shrine","floor":23,"gold_loss":0}],"is_beta":false,"boss_relics":[{"not_picked":[]}],"items_purged_floors":[],"is_endless":false,"potions_floor_spawned":[1,5,10,16,19,22],"killed_by":"Book of Stabbing","ascension_level":0}