{"gold_per_floor":[129,129,163,182,83,83,102,102,152,152,171,209,209,209,209,334,334,353,150,169,188,207,207,245,245,245,264,264,363,363,401,401,526,526,545,505,156,175,175,213,232,251,251,270,289,289,308,346,346,346],"floor_reached":51,"playtime":1325,"items_purged":[],"score":1099,"play_id":"84964df2-7820-45d5-95a4-c8d7015fdfe5","local_time":"20180821075657","daily_mods":["Allstar","Night Terrors","Hoarder"],"is_ascension_mode":false,"campfire_choices":[{"data":"Mind Blast","floor":6,"key":"SMITH"},{"data":"Mind Blast","floor":8,"key":"SMITH"},{"data":"Mind Blast","floor":10,"key":"SMITH"},{"data":"Hologram","floor":15,"key":"SMITH"},{"data":"Mayhem","floor":23,"key":"SMITH"},{"data":"Mayhem","floor":25,"key":"SMITH"},{"data":"Mayhem","floor":28,"key":"SMITH"},{"data":"Hologram","floor":30,"key":"SMITH"},{"data":"BootSequence","floor":32,"key":"SMITH"},{"floor":49,"key":"REST"}],"neow_cost":"","seed_source_timestamp":0,"circlet_count":0,"master_deck":["Strike_B+1","Strike_B+1","Strike_B+1","Strike_B+1","Defend_B+1","Defend_B+1","Defend_B+1","Defend_B+1","Zap+1","Dualcast+1","Transmutation+1","Transmutation+1","Transmutation+1","Apotheosis+1","Apotheosis+1","Apotheosis+1","Jack Of All Trades+1","Jack Of All Trades+1","Jack Of All Trades+1","Enlightenment+1","Enlightenment+1","Enlightenment+1","Blind+1","Blind+1","Blind+1","BootSequence+1","BootSequence+1","BootSequence+1","Glacier+1","Glacier+1","Glacier+1","Mind Blast+1","Mind Blast+1","Mind Blast+1","Hologram+1","Hologram+1","Hologram+1","Steam Power+1","Steam Power+1","Steam Power+1","Hyperbeam+1","Hyperbeam+1","Hyperbeam+1","Turbo+1","Turbo+1","Turbo+1","Mayhem+1","Mayhem+1","Mayhem+1","Barrage+1","Barrage+1","Barrage+1","Beam Cell+1","Beam Cell+1","Beam Cell+1","Sweeping Beam+1","Sweeping Beam+1","Sweeping Beam+1","Beam Cell+1","Beam Cell+1","Beam Cell+1","Biased Cognition+1","Biased Cognition+1","Biased Cognition+1","Bandage Up+1","Bandage Up+1","Bandage Up+1","Madness+1","Madness+1","Madness+1","Madness+1","Madness+1","Madness+1","Hologram+1","Hologram+1","Hologram+1"],"special_seed":17764,"relics":["Cracked Core","Golden Idol","Bag of Marbles","Molten Egg 2","Gambling Chip","Nuclear Battery","Pear","Symbiotic Virus","Whetstone","Eternal Feather","Singing Bowl","Dream Catcher","Ornamental Fan","Mark of the Bloom","Incense Burner"],"potions_floor_usage":[33,50],"damage_taken":[{"damage":5,"enemies":"Small Slimes","floor":1,"turns":4},{"damage":12,"enemies":"2 Louse","floor":3,"turns":3},{"damage":0,"enemies":"Cultist","floor":4,"turns":5},{"damage":0,"enemies":"3 Louse","floor":7,"turns":2},{"damage":0,"enemies":"Looter","floor":11,"turns":1},{"damage":0,"enemies":"Gremlin Nob","floor":12,"turns":1},{"damage":0,"enemies":"Slime Boss","floor":16,"turns":1},{"damage":0,"enemies":"3 Byrds","floor":18,"turns":2},{"damage":0,"enemies":"Spheric Guardian","floor":20,"turns":1},{"damage":0,"enemies":"Snake Plant","floor":21,"turns":1},{"damage":0,"enemies":"Centurion and Healer","floor":22,"turns":1},{"damage":0,"enemies":"Book of Stabbing","floor":24,"turns":1},{"damage":0,"enemies":"3 Cultists","floor":27,"turns":1},{"damage":0,"enemies":"Gremlin Leader","floor":31,"turns":1},{"damage":21,"enemies":"Automaton","floor":33,"turns":3},{"damage":3,"enemies":"3 Shapes","floor":35,"turns":1},{"damage":0,"enemies":"Flame Bruiser 1 Orb","floor":38,"turns":1},{"damage":0,"enemies":"2 Orb Walkers","floor":40,"turns":1},{"damage":0,"enemies":"3 Darklings","floor":41,"turns":1},{"damage":0,"enemies":"Sphere and 2 Shapes","floor":42,"turns":1},{"damage":0,"enemies":"Transient","floor":44,"turns":5},{"damage":0,"enemies":"Spire Growth","floor":45,"turns":1},{"damage":0,"enemies":"Jaw Worm Horde","floor":47,"turns":1},{"damage":0,"enemies":"Nemesis","floor":48,"turns":1},{"damage":24,"enemies":"Time Eater","floor":50,"turns":6}],"seed_played":"-3893326877167468496","potions_obtained":[{"floor":3,"key":"Regen Potion"},{"floor":7,"key":"Ancient Potion"},{"floor":11,"key":"AttackPotion"},{"floor":27,"key":"SteroidPotion"},{"floor":38,"key":"EssenceOfSteel"},{"floor":41,"key":"Regen Potion"}],"is_trial":false,"path_per_floor":["M","?","M","M","$","R","M","R","T","R","M","E","?","T","R","B",null,"M","$","M","M","M","R","E","R","T","M","R","?","R","E","R","B",null,"M","?","$","M","?","E","M","M","T","M","M","?","M","E","R","B"],"character_chosen":"DEFECT","items_purchased":["Mind Blast","Mayhem","Bandage Up","Singing Bowl"],"campfire_rested":1,"item_purchase_floors":[5,19,37,37],"current_hp_per_floor":[70,52,40,40,40,40,40,40,40,40,40,40,40,40,40,40,75,75,75,75,75,75,75,85,85,85,85,85,85,85,85,85,64,85,82,82,82,87,76,76,78,84,84,92,94,94,94,94,94,70],"gold":346,"neow_bonus":"","is_prod":false,"is_daily":true,"chose_seed":false,"campfire_upgraded":9,"win_rate":0,"timestamp":1534852617,"path_taken":["M","?","M","M","?","R","M","R","T","R","M","E","?","?","R","BOSS","M","$","?","M","M","R","E","R","T","M","R","?","R","E","R","BOSS","M","?","$","M","?","E","M","M","T","M","?","?","M","E","R","BOSS"],"build_version":"2018-08-20","purchased_purges":0,"victory":true,"max_hp_per_floor":[75,75,75,75,75,75,75,75,75,75,75,75,75,75,75,75,75,75,75,75,75,75,75,85,85,85,85,85,85,85,85,85,85,85,85,85,85,87,87,87,89,91,91,93,95,95,97,99,96,96],"card_choices":[{"not_picked":["Aggregate","Reprogram"],"picked":"BootSequence","floor":1},{"not_picked":["Scrape","Cold Snap"],"picked":"Glacier","floor":3},{"not_picked":["Gash","Streamline","Compile Driver"],"picked":"SKIP","floor":4},{"not_picked":["Conserve Battery","Stack"],"picked":"Hologram","floor":7},{"not_picked":["Gash","Redo"],"picked":"Steam Power","floor":11},{"not_picked":["Doom and Gloom","Scrape","Cold Snap"],"picked":"SKIP","floor":12},{"not_picked":["Amplify","Meteor Strike+1"],"picked":"Hyperbeam+1","floor":16},{"not_picked":["Storm","Redo"],"picked":"Turbo","floor":18},{"not_picked":["Undo","Leap","Rebound+1"],"picked":"SKIP","floor":20},{"not_picked":["White Noise","Heatsinks","Streamline+1"],"picked":"SKIP","floor":21},{"not_picked":["Streamline+1","Force Field+1"],"picked":"Barrage+1","floor":22},{"not_picked":["Rip and Tear+1","Gash+1"],"picked":"Beam Cell+1","floor":24},{"not_picked":["Hologram","Barrage+1"],"picked":"Sweeping Beam+1","floor":27},{"not_picked":["BootSequence+1","Cold Snap+1"],"picked":"Beam Cell+1","floor":31},{"not_picked":["Fission","Amplify"],"picked":"Biased Cognition","floor":33},{"not_picked":["Redo","Blizzard+1","Go for the Eyes+1"],"picked":"SKIP","floor":35},{"not_picked":["Redo+1","Ball Lightning+1","Tempest"],"picked":"Singing Bowl","floor":38},{"not_picked":["Amplify","Coolheaded+1"],"picked":"Hologram","floor":40},{"not_picked":["Steam","Redo+1","Stack"],"picked":"Singing Bowl","floor":41},{"not_picked":["Go for the Eyes+1","Glacier+1","Stack"],"picked":"Singing Bowl","floor":42},{"not_picked":["Tempest+1","Go for the Eyes+1","Rebound+1"],"picked":"Singing Bowl","floor":44},{"not_picked":["Gash+1","Hologram","Fusion+1"],"picked":"Singing Bowl","floor":45},{"not_picked":["Defragment","Melter+1","Ball Lightning+1"],"picked":"Singing Bowl","floor":47},{"not_picked":["Streamline+1","Leap","Darkness+1"],"picked":"Singing Bowl","floor":48},{"not_picked":["Hello World+1","Self Repair+1","Steam"],"picked":"Singing Bowl","floor":49}],"player_experience":187367,"relics_obtained":[{"floor":9,"key":"Bag of Marbles"},{"floor":12,"key":"Molten Egg 2"},{"floor":14,"key":"Gambling Chip"},{"floor":24,"key":"Pear"},{"floor":26,"key":"Symbiotic Virus"},{"floor":31,"key":"Whetstone"},{"floor":40,"key":"Dream Catcher"},{"floor":43,"key":"Ornamental Fan"},{"floor":48,"key":"Incense Burner"}],"event_choices":[{"event_name":"Golden Idol","player_choice":"Take Damage","floor":2,"damage_taken":0},{"event_name":"Living Wall","player_choice":"Grow","floor":13,"damage_taken":0},{"event_name":"Nest","player_choice":"Stole From Cult","floor":29,"damage_taken":0},{"event_name":"Designer","player_choice":"Upgrade 2 Random Cards","floor":36,"damage_taken":0},{"event_name":"Winding Halls","player_choice":"Embrace Madness","floor":39,"damage_taken":0},{"event_name":"MindBloom","player_choice":"Upgrade","floor":46,"damage_taken":0}],"is_beta":true,"boss_relics":[{"not_picked":["Orrery","FrozenCore"],"picked":"Nuclear Battery"},{"not_picked":["Sozu","White Beast Statue"],"picked":"Eternal Feather"}],"items_purged_floors":[],"is_endless":false,"potions_floor_spawned":[3,7,11,22,27,38,40,41,47],"ascension_level":0}