{"gold_per_floor":[15,26,46,46,65,65,121,121,121,121,137,147,147,66,66,145,145,155,169,181,106,106,106,106,29,52,82,82,94,14,49,49,127,127,145,145,157,171,171,201,201,236,236,101,132,132,32,57,57,57,57,57,18,44,44],"floor_reached":56,"playtime":2534,"items_purged":["Poisoned Stab","Pain","Dagger Spray+1"],"score":2358,"play_id":"c8e902f7-eed7-4e03-82b7-18dab0f29fe0","local_time":"20190315194433","is_ascension_mode":true,"campfire_choices":[{"data":"Flechettes","floor":6.0,"key":"SMITH"},{"data":"Dagger Spray","floor":10.0,"key":"SMITH"},{"data":"Catalyst","floor":15.0,"key":"SMITH"},{"data":"Neutralize","floor":23.0,"key":"SMITH"},{"data":"Well Laid Plans","floor":28.0,"key":"SMITH"},{"data":"Tactician","floor":32.0,"key":"SMITH"},{"data":"Adrenaline","floor":41,"key":"SMITH"},{"floor":49,"key":"RECALL"},{"data":"Grand Finale","floor":52,"key":"SMITH"}],"neow_cost":"NO_GOLD","seed_source_timestamp":0,"circlet_count":0,"master_deck":["AscendersBane","Defend_G","Defend_G","Defend_G","Defend_G","Defend_G","Survivor","Neutralize+1","Backflip","Catalyst+1","Flechettes+1","Deadly Poison","Well Laid Plans+1","Die Die Die","Phantasmal Killer+1","Prepared+1","Reflex+1","Acrobatics+1","Well Laid Plans+1","Adrenaline+1","Acrobatics+1","Tactician+1","Grand Finale+1","After Image"],"special_seed":0,"relics":["Ring of the Snake","Tiny Chest","Sundial","Mercury Hourglass","Astrolabe","Oddly Smooth Stone","Gambling Chip","Anchor","Cursed Key","Paper Crane","The Courier","Bag of Marbles","Dodecahedron","Torii"],"potions_floor_usage":[50,55,55],"damage_taken":[{"damage":0.0,"enemies":"Small Slimes","floor":1.0,"turns":5.0},{"damage":1.0,"enemies":"Jaw Worm","floor":2.0,"turns":5.0},{"damage":7.0,"enemies":"Cultist","floor":3.0,"turns":5.0},{"damage":9.0,"enemies":"Red Slaver","floor":5.0,"turns":7.0},{"damage":19.0,"enemies":"Gremlin Nob","floor":7.0,"turns":4.0},{"damage":1.0,"enemies":"2 Fungi Beasts","floor":11.0,"turns":3.0},{"damage":0.0,"enemies":"3 Louse","floor":12.0,"turns":2.0},{"damage":3.0,"enemies":"Slime Boss","floor":16.0,"turns":7.0},{"damage":21.0,"enemies":"2 Thieves","floor":18.0,"turns":3.0},{"damage":3.0,"enemies":"Spheric Guardian","floor":19.0,"turns":3.0},{"damage":2.0,"enemies":"Centurion and Healer","floor":20.0,"turns":4.0},{"damage":0.0,"enemies":"Colosseum Slavers","floor":22.0,"turns":2.0},{"damage":0.0,"enemies":"Gremlin Leader","floor":27.0,"turns":4.0},{"damage":0.0,"enemies":"Snake Plant","floor":29.0,"turns":2.0},{"damage":3.0,"enemies":"Book of Stabbing","floor":31.0,"turns":4.0},{"damage":6.0,"enemies":"Collector","floor":33.0,"turns":4.0},{"damage":0,"enemies":"Orb Walker","floor":35,"turns":2},{"damage":0,"enemies":"3 Shapes","floor":37,"turns":2},{"damage":0,"enemies":"Transient","floor":38,"turns":5},{"damage":1,"enemies":"Reptomancer","floor":40,"turns":3},{"damage":12,"enemies":"Giant Head","floor":42,"turns":6},{"damage":0,"enemies":"Reptomancer","floor":45,"turns":2},{"damage":0,"enemies":"Nemesis","floor":48,"turns":3},{"damage":3,"enemies":"Time Eater","floor":50,"turns":7},{"damage":0,"enemies":"Shield and Spear","floor":54,"turns":3},{"damage":42,"enemies":"The Heart","floor":55,"turns":6}],"seed_played":"4131705613658294559","potions_obtained":[{"floor":2.0,"key":"Energy Potion"},{"floor":3.0,"key":"SteroidPotion"},{"floor":5.0,"key":"Poison Potion"},{"floor":16.0,"key":"SkillPotion"},{"floor":18.0,"key":"Explosive Potion"},{"floor":19.0,"key":"GhostInAJar"},{"floor":20.0,"key":"SkillPotion"},{"floor":29.0,"key":"PowerPotion"},{"floor":45,"key":"Swift Potion"}],"is_trial":false,"path_per_floor":["M","M","M","$","M","R","E","?","T","R","M","M","T","$","R","B",null,"M","M","M","$","?","R","?","$","T","E","R","M","$","E","R","B",null,"M","?","M","M","T","E","R","E","T","$","E","?","$","E","R","B",null,"R","$","E","B",null],"character_chosen":"THE_SILENT","items_purchased":["Well Laid Plans","GhostInAJar","Tactician","Grand Finale","Strength Potion"],"campfire_rested":0,"item_purchase_floors":[14,25,30,44,53],"current_hp_per_floor":[59,58,51,51,42,42,23,23,23,23,22,22,22,22,22,19,54,33,30,28,28,28,28,28,28,28,28,28,28,28,25,25,19,54,54,54,54,54,54,53,53,41,41,41,41,41,41,41,41,38,59,59,59,59,17],"gold":44,"neow_bonus":"REMOVE_TWO","is_prod":false,"is_daily":false,"chose_seed":true,"campfire_upgraded":8,"win_rate":0,"timestamp":1552650273,"path_taken":["M","M","M","$","M","R","E","?","T","R","M","M","?","$","R","BOSS","M","M","?","?","?","R","?","$","T","E","R","M","$","E","R","BOSS","M","?","?","M","?","E","R","E","T","$","E","?","?","E","R","BOSS","R","$","E","BOSS"],"build_version":"2019-01-23","purchased_purges":3,"victory":true,"max_hp_per_floor":[66,66,66,66,66,66,66,66,66,66,66,66,66,66,66,66,66,66,66,66,66,66,66,66,66,66,66,66,66,66,66,66,66,66,66,66,66,66,66,66,66,66,66,66,66,66,66,66,66,66,66,66,66,66,66],"card_choices":[{"not_picked":["Deflect","Endless Agony"],"picked":"Dagger Spray","floor":1.0},{"not_picked":["Dagger Spray","Flying Knee"],"picked":"Backflip","floor":2.0},{"not_picked":["Sucker Punch","Endless Agony"],"picked":"Catalyst","floor":3.0},{"not_picked":["Sucker Punch","Masterful Stab"],"picked":"Flechettes","floor":5.0},{"not_picked":["Tools of the Trade","Blade Dance"],"picked":"Poisoned Stab","floor":7.0},{"not_picked":["Poisoned Stab","PiercingWail","Expertise"],"picked":"SKIP","floor":11.0},{"not_picked":["Prepared","Dagger Spray"],"picked":"Deadly Poison","floor":12.0},{"not_picked":["Glass Knife","Unload"],"picked":"Die Die Die","floor":16.0},{"not_picked":["Deadly Poison+1","Outmaneuver"],"picked":"Acrobatics+1","floor":18.0},{"not_picked":["Crippling Poison","Backflip"],"picked":"Well Laid Plans+1","floor":19.0},{"not_picked":["Underhanded Strike","Setup"],"picked":"Adrenaline","floor":20.0},{"not_picked":["Heel Hook","Dagger Spray"],"picked":"Acrobatics","floor":27.0},{"not_picked":["Blur","Deflect","Dodge and Roll"],"picked":"SKIP","floor":29.0},{"not_picked":["Leg Sweep","Crippling Poison","Sucker Punch"],"picked":"SKIP","floor":31.0},{"not_picked":["Cloak And Dagger","Dodge and Roll","Bane"],"picked":"SKIP","floor":35},{"not_picked":["Endless Agony","Sucker Punch","Quick Slash"],"picked":"SKIP","floor":37},{"not_picked":["Quick Slash","Deadly Poison","Blur+1"],"picked":"SKIP","floor":38},{"not_picked":["Eviscerate","Blur","Blade Dance"],"picked":"SKIP","floor":40},{"not_picked":["Well Laid Plans+1","Choke","Blade Dance"],"picked":"SKIP","floor":42},{"not_picked":["Poisoned Stab","Heel Hook","Expertise+1"],"picked":"SKIP","floor":45},{"not_picked":["Flying Knee","All Out Attack"],"picked":"After Image","floor":48},{"not_picked":["Flying Knee+1","Cloak And Dagger+1","Dodge and Roll"],"picked":"SKIP","floor":54}],"player_experience":1194896,"relics_obtained":[{"floor":7.0,"key":"Tiny Chest"},{"floor":9.0,"key":"Sundial"},{"floor":13.0,"key":"Mercury Hourglass"},{"floor":26.0,"key":"Oddly Smooth Stone"},{"floor":27.0,"key":"Gambling Chip"},{"floor":31.0,"key":"Anchor"},{"floor":40,"key":"Paper Crane"},{"floor":42,"key":"The Courier"},{"floor":45,"key":"Bag of Marbles"},{"floor":48,"key":"Dodecahedron"},{"floor":54,"key":"Torii"}],"event_choices":[{"damage_healed":0.0,"max_hp_gain":0.0,"max_hp_loss":0.0,"gold_gain":0.0,"event_name":"Shining Light","player_choice":"Ignored","floor":8.0,"gold_loss":0.0,"damage_taken":0.0},{"damage_healed":0.0,"max_hp_gain":0.0,"max_hp_loss":0.0,"gold_gain":0.0,"event_name":"Colosseum","player_choice":"Fight","floor":22.0,"gold_loss":0.0,"damage_taken":0.0},{"damage_healed":0.0,"max_hp_gain":0.0,"max_hp_loss":0.0,"gold_gain":0.0,"event_name":"Colosseum","player_choice":"Fled From Nobs","floor":22.0,"gold_loss":0.0,"damage_taken":0.0},{"damage_healed":0.0,"max_hp_gain":0.0,"max_hp_loss":0.0,"gold_gain":0.0,"event_name":"Vampires","player_choice":"Ignored","floor":24.0,"gold_loss":0.0,"damage_taken":0.0},{"damage_healed":0,"gold_gain":0,"player_choice":"Upgraded","damage_taken":0,"max_hp_gain":0,"max_hp_loss":0,"event_name":"Upgrade Shrine","floor":36,"gold_loss":0,"cards_upgraded":["Acrobatics"]},{"damage_healed":0,"gold_gain":0,"player_choice":"Ignored","damage_taken":0,"max_hp_gain":0,"max_hp_loss":0,"event_name":"Mysterious Sphere","floor":46,"gold_loss":0}],"is_beta":false,"boss_relics":[{"not_picked":["Ectoplasm","Busted Crown"],"picked":"Astrolabe"},{"not_picked":["Calling Bell","Pandora\u0027s Box"],"picked":"Cursed Key"}],"items_purged_floors":[21,44,47],"is_endless":false,"potions_floor_spawned":[2,3,5,16,18,19,20,29,37,42,45],"ascension_level":15}