{"path_per_floor":["M","$","?","?","M","R","E","R","T","M","M","$","M","?","R","B",null,"M","$","?","$","M","R"],"character_chosen":"DEFECT","items_purchased":["Doom and Gloom","Happy Flower","Streamline"],"gold_per_floor":[148,35,35,35,56,56,95,95,95,115,139,39,52,227,227,353,353,372,90,90,44,58,58,58],"floor_reached":24,"campfire_rested":2,"playtime":909,"item_purchase_floors":[2,19,21],"current_hp_per_floor":[63,63,45,38,26,33,10,34,34,30,26,26,15,15,40,3,88,86,86,86,86,43,43,0],"items_purged":["Decay","Regret","Doubt"],"gold":58,"score":258,"play_id":"b8591c86-edf7-4ea4-b1a8-fc0f22c6ed42","local_time":"20180608080448","is_prod":false,"is_daily":false,"chose_seed":false,"is_ascension_mode":true,"campfire_upgraded":0,"win_rate":0,"timestamp":1528416288,"campfire_choices":[{"floor":6,"key":"DIG"},{"floor":8,"key":"REST"},{"floor":15,"key":"REST"},{"floor":23,"key":"DIG"}],"path_taken":["M","$","?","?","M","R","E","R","T","M","M","$","M","?","R","BOSS","M","$","?","?","M","R","E"],"build_version":"2018-05-31","seed_source_timestamp":53006323575674,"purchased_purges":3,"victory":false,"master_deck":["Zap","Dualcast","Rip and Tear","Doom and Gloom","Conserve Battery","Reboot","White Noise","Coolheaded","Genetic Algorithm","Conserve Battery","Barrage","Conserve Battery","Gash","Hello World","Streamline"],"max_hp_per_floor":[75,75,75,75,75,82,82,82,82,84,84,84,86,86,86,88,88,90,90,90,90,92,92,92],"relics":["Calling Bell","Tiny Chest","Cables","Shovel","Golden Idol","Strawberry","Singing Bowl","Du-Vu Doll","Pandora\u0027s Box","Happy Flower","Bag of Preparation"],"card_choices":[{"not_picked":["Lockon","Barrage"],"picked":"Rip and Tear","floor":1},{"not_picked":["Reinforced Body","Cold Snap"],"picked":"Conserve Battery","floor":5},{"not_picked":["Electrodynamics","Steam"],"picked":"Reboot","floor":7},{"not_picked":["Gash","Rebound","FTL"],"picked":"Singing Bowl","floor":10},{"not_picked":["Compile Driver","Leap"],"picked":"White Noise","floor":11},{"not_picked":["Coolheaded","Barrage","Stack"],"picked":"Singing Bowl","floor":13},{"not_picked":["Electrodynamics","Biased Cognition","Seek"],"picked":"Singing Bowl","floor":16},{"not_picked":["Ball Lightning","Beam Cell","Stack"],"picked":"Singing Bowl","floor":18},{"not_picked":["Capacitor","Steam+1","Tempest"],"picked":"Singing Bowl","floor":22}],"player_experience":240687,"potions_floor_usage":[7,13,24],"damage_taken":[{"damage":12,"enemies":"Jaw Worm","floor":1,"turns":3},{"damage":12,"enemies":"2 Louse","floor":5,"turns":2},{"damage":23,"enemies":"Gremlin Nob","floor":7,"turns":4},{"damage":6,"enemies":"Cultist","floor":10,"turns":3},{"damage":4,"enemies":"2 Fungi Beasts","floor":11,"turns":3},{"damage":13,"enemies":"Large Slime","floor":13,"turns":3},{"damage":39,"enemies":"Hexaghost","floor":16,"turns":9},{"damage":11,"enemies":"Shell Parasite","floor":18,"turns":5},{"damage":45,"enemies":"3 Byrds","floor":22,"turns":7},{"damage":46,"enemies":"Slavers","floor":24,"turns":2}],"relics_obtained":[{"floor":0,"key":"Tiny Chest"},{"floor":0,"key":"Cables"},{"floor":0,"key":"Shovel"},{"floor":6,"key":"Strawberry"},{"floor":7,"key":"Singing Bowl"},{"floor":9,"key":"Du-Vu Doll"},{"floor":23,"key":"Bag of Preparation"}],"event_choices":[{"event_name":"Golden Idol","player_choice":"Take Damage","floor":3,"damage_taken":0},{"event_name":"Golden Wing","player_choice":"Card Removal","floor":4,"damage_taken":0},{"event_name":"Liars Game","player_choice":"agreed","floor":14,"damage_taken":0},{"event_name":"Back to Basics","player_choice":"Elegance","floor":20,"damage_taken":0}],"boss_relics":[{"not_picked":["Sozu","White Beast Statue"],"picked":"Pandora\u0027s Box"}],"items_purged_floors":[2,12,19],"potions_floor_spawned":[5,11,16,22],"seed_played":"-7997524719101287916","killed_by":"Slavers","ascension_level":4,"potions_obtained":[{"floor":5,"key":"SpeedPotion"},{"floor":11,"key":"Weak Potion"},{"floor":16,"key":"Explosive Potion"},{"floor":22,"key":"FearPotion"}],"is_trial":false}