{"path_per_floor":["M","?","M","?","M","E","R","M","T","E","R","M","$","M","R","B",null,"M","M","M","M","$","R","E","?","T","?"],"character_chosen":"DEFECT","items_purchased":["Regen Potion","Block Potion","Strawberry"],"gold_per_floor":[18,18,37,37,62,102,102,115,162,205,205,226,102,127,127,253,253,276,297,321,337,44,44,88,88,88,11,11],"floor_reached":28,"campfire_rested":2,"playtime":1096,"current_hp_per_floor":[75,75,74,56,55,43,43,34,34,30,30,18,18,17,39,23,75,62,57,24,14,21,45,11,11,11,11,0],"items_purged":["Strike_B","Strike_B"],"gold":11,"score":250,"play_id":"3012a29a-0e3b-4d07-8eb5-5c23a9e35934","local_time":"20180430073822","is_prod":false,"is_daily":false,"chose_seed":false,"is_ascension_mode":false,"campfire_upgraded":2,"timestamp":1525088302,"path_taken":["M","?","?","?","M","E","R","M","T","E","R","M","$","?","R","BOSS","M","?","M","M","$","R","E","?","T","?","M"],"build_version":"2018-04-27v3","seed_source_timestamp":604779382410315,"purchased_purges":2,"victory":false,"master_deck":["Strike_B","Strike_B","Defend_B","Defend_B","Defend_B","Defend_B","Zap","Dualcast","Streamline+1","FTL","Cold Snap+1","Echo Form+1","Fusion","Ball Lightning+1","Flux Capacitor+1","Beam Cell","J.A.X."],"max_hp_per_floor":[75,75,75,75,75,75,75,75,75,75,75,75,75,75,75,75,75,75,75,75,75,82,82,82,82,82,82,82],"relics":["Cracked Core","Calipers","Golden Idol","Toolbox","Happy Flower","Lantern","Snecko Eye","Strawberry","Regal Pillow","Torii"],"card_choices":[{"not_picked":["Heatsinks","Aggregate"],"picked":"Streamline","floor":1},{"not_picked":["Doom and Gloom","Cold Snap"],"picked":"FTL","floor":3},{"not_picked":["Sweeping Beam","Skim"],"picked":"Cold Snap","floor":5},{"not_picked":["Chill","Double Energy"],"picked":"Echo Form","floor":10},{"not_picked":["All For One","Seek"],"picked":"Fusion","floor":16},{"not_picked":["Leap","Recycle"],"picked":"Ball Lightning","floor":18},{"not_picked":["Ball Lightning","Loop"],"picked":"Flux Capacitor","floor":19},{"not_picked":["Capacitor","Streamline"],"picked":"Beam Cell","floor":24}],"player_experience":27082,"potions_floor_usage":[6,6,10,14,14,16,24],"damage_taken":[{"damage":0,"enemies":"Small Slimes","floor":1,"turns":2},{"damage":1,"enemies":"Cultist","floor":3,"turns":3},{"damage":1,"enemies":"2 Louse","floor":5,"turns":2},{"damage":24,"enemies":"Lagavulin","floor":6,"turns":5},{"damage":9,"enemies":"2 Fungi Beasts","floor":8,"turns":2},{"damage":4,"enemies":"3 Sentries","floor":10,"turns":5},{"damage":12,"enemies":"Gremlin Gang","floor":12,"turns":3},{"damage":7,"enemies":"Exordium Thugs","floor":14,"turns":3},{"damage":16,"enemies":"Hexaghost","floor":16,"turns":7},{"damage":13,"enemies":"Chosen","floor":18,"turns":3},{"damage":5,"enemies":"Spheric Guardian","floor":19,"turns":3},{"damage":33,"enemies":"3 Cultists","floor":20,"turns":6},{"damage":10,"enemies":"Snecko","floor":21,"turns":4},{"damage":34,"enemies":"Slavers","floor":24,"turns":5},{"damage":20,"enemies":"Cultist and Chosen","floor":28,"turns":3}],"event_choices":[{"event_name":"Living Wall","player_choice":"Grow","floor":2,"damage_taken":0},{"event_name":"Golden Idol","player_choice":"Take Damage","floor":4,"damage_taken":0},{"event_name":"Cursed Tome","player_choice":"Ignored","floor":25,"damage_taken":0},{"event_name":"Drug Dealer","player_choice":"Got JAXXED","floor":27,"damage_taken":0}],"boss_relics":[{"not_picked":["Eternal Feather","Philosopher\u0027s Stone"],"picked":"Snecko Eye"}],"potions_floor_spawned":[1,3,8,12,14,24],"seed_played":"-3526898791996757581","killed_by":"Cultist and Chosen","ascension_level":0,"is_trial":false}