{"path_per_floor":["M","?","?","$","M","E","R","?","T","M","$","E","R","E","R","B",null,"M","?","M","M","?","R"],"character_chosen":"DEFECT","items_purchased":["Meteor Strike","Redo"],"gold_per_floor":[114,114,64,64,76,107,107,182,182,195,9,34,34,66,66,168,168,184,184,198,216,216,216,216],"floor_reached":24,"campfire_rested":1,"playtime":980,"item_purchase_floors":[11,11],"current_hp_per_floor":[66,66,66,66,61,34,34,23,23,35,35,38,38,27,27,40,68,58,58,42,32,32,52,0],"items_purged":[],"gold":216,"score":254,"play_id":"a1aa8723-c9d0-4c7a-9a66-8e1c29aece70","local_time":"20180609150157","is_prod":false,"is_daily":false,"chose_seed":false,"is_ascension_mode":true,"campfire_upgraded":3,"win_rate":0,"timestamp":1528527717,"campfire_choices":[{"data":"Sunder","floor":7,"key":"SMITH"},{"data":"Reinforced Body","floor":13,"key":"SMITH"},{"data":"Coolheaded","floor":15,"key":"SMITH"},{"floor":23,"key":"REST"}],"path_taken":["M","?","?","$","?","E","R","?","T","M","$","E","R","E","R","BOSS","M","?","?","M","?","R","E"],"build_version":"2018-06-07v3","seed_source_timestamp":164368714930519,"purchased_purges":0,"victory":false,"master_deck":["Strike_B","Strike_B","Defend_B","Defend_B","Zap","Dualcast","Fusion+1","Reinforced Body+1","Sunder+1","Streamline","Meteor Strike","Redo","Sweeping Beam","Coolheaded+1","Meteor Strike","Sweeping Beam+1","Conserve Battery","Biased Cognition"],"max_hp_per_floor":[68,68,68,68,68,68,68,68,68,68,68,68,68,68,68,68,68,68,68,68,68,68,68,68],"relics":["Cracked Core","Meat on the Bone","Ornamental Fan","Blood Vial","DataDisk","Runic Dome"],"card_choices":[{"not_picked":["Chaos","Ball Lightning"],"picked":"Fusion","floor":1},{"not_picked":["Turbo","Go for the Eyes"],"picked":"Reinforced Body","floor":5},{"not_picked":["Rebound","Scrape"],"picked":"Sunder","floor":6},{"not_picked":["Blizzard","Cold Snap"],"picked":"Streamline","floor":10},{"not_picked":["Redo","Hologram"],"picked":"Sweeping Beam","floor":12},{"not_picked":["Rainbow","Tempest"],"picked":"Coolheaded","floor":14},{"not_picked":["All For One","Fission"],"picked":"Meteor Strike","floor":16},{"not_picked":["Cold Snap","Streamline","Scrape"],"picked":"SKIP","floor":18},{"not_picked":["Hello World","Beam Cell+1"],"picked":"Sweeping Beam+1","floor":20},{"not_picked":["Storm","Gash"],"picked":"Conserve Battery","floor":21}],"player_experience":243925,"potions_floor_usage":[6,6,16],"damage_taken":[{"damage":2,"enemies":"Jaw Worm","floor":1,"turns":3},{"damage":5,"enemies":"Cultist","floor":5,"turns":4},{"damage":27,"enemies":"Lagavulin","floor":6,"turns":7},{"damage":0,"enemies":"2 Louse","floor":10,"turns":1},{"damage":9,"enemies":"3 Sentries","floor":12,"turns":5},{"damage":25,"enemies":"Lagavulin","floor":14,"turns":5},{"damage":1,"enemies":"Hexaghost","floor":16,"turns":9},{"damage":10,"enemies":"Shell Parasite","floor":18,"turns":6},{"damage":18,"enemies":"2 Thieves","floor":20,"turns":3},{"damage":24,"enemies":"Slaver and Parasite","floor":21,"turns":5},{"damage":63,"enemies":"Book of Stabbing","floor":24,"turns":6}],"relics_obtained":[{"floor":6,"key":"Meat on the Bone"},{"floor":9,"key":"Ornamental Fan"},{"floor":12,"key":"Blood Vial"},{"floor":14,"key":"DataDisk"}],"event_choices":[{"event_name":"Upgrade Shrine","player_choice":"Upgraded","floor":2,"damage_taken":0},{"event_name":"The Cleric","player_choice":"Card Removal","floor":3,"damage_taken":0},{"event_name":"World of Goop","player_choice":"Gather Gold","floor":8,"damage_taken":0},{"event_name":"Vampires","player_choice":"Ignored","floor":19,"damage_taken":0},{"event_name":"Transmorgrifier","player_choice":"Transform","floor":22,"damage_taken":0}],"boss_relics":[{"not_picked":["Astrolabe","Runic Pyramid"],"picked":"Runic Dome"}],"items_purged_floors":[],"potions_floor_spawned":[1,5,14],"seed_played":"-8844507986102206157","killed_by":"Book of Stabbing","ascension_level":4,"potions_obtained":[{"floor":1,"key":"SteroidPotion"},{"floor":5,"key":"SteroidPotion"},{"floor":14,"key":"LiquidBronze"}],"is_trial":false}