{"gold_per_floor":[112,127,227,247,260,287,287,305,305,315,315,325,339,358,358,454,454,466,114,130,45,64,64,64],"floor_reached":24,"playtime":1375,"items_purged":[],"score":204,"play_id":"4198c89b-6464-48a0-9cb2-3eee62c5b681","local_time":"20190226192514","is_ascension_mode":false,"campfire_choices":[{"data":"Hello World","floor":7.0,"key":"SMITH"},{"data":"Zap","floor":11.0,"key":"SMITH"},{"data":"Darkness","floor":15.0,"key":"SMITH"},{"data":"Consume","floor":23.0,"key":"SMITH"}],"neow_cost":"NONE","seed_source_timestamp":0,"circlet_count":0,"master_deck":["Strike_B","Strike_B","Strike_B","Strike_B","Defend_B","Defend_B","Defend_B","Defend_B","Zap+1","Dualcast","Gash","Leap","FTL","Ball Lightning","Hello World+1","Sweeping Beam","Conserve Battery","Streamline","Darkness+1","Blizzard","Electrodynamics","Melter","Self Repair","Consume+1","White Noise+1","Gash"],"special_seed":0,"relics":["Coffee Dripper","Torii","Pen Nib","Philosopher\u0027s Stone","Matryoshka","Omamori"],"potions_floor_usage":[],"damage_taken":[{"damage":0.0,"enemies":"Small Slimes","floor":1.0,"turns":3.0},{"damage":1.0,"enemies":"Cultist","floor":2.0,"turns":3.0},{"damage":1.0,"enemies":"Jaw Worm","floor":4.0,"turns":4.0},{"damage":0.0,"enemies":"Exordium Wildlife","floor":5.0,"turns":4.0},{"damage":12.0,"enemies":"3 Sentries","floor":6.0,"turns":6.0},{"damage":0.0,"enemies":"Large Slime","floor":8.0,"turns":4.0},{"damage":13.0,"enemies":"Red Slaver","floor":10.0,"turns":3.0},{"damage":1.0,"enemies":"Gremlin Gang","floor":12.0,"turns":4.0},{"damage":1.0,"enemies":"Blue Slaver","floor":13.0,"turns":3.0},{"damage":0.0,"enemies":"Lots of Slimes","floor":14.0,"turns":1.0},{"damage":37.0,"enemies":"The Guardian","floor":16.0,"turns":7.0},{"damage":17.0,"enemies":"2 Thieves","floor":18.0,"turns":4.0},{"damage":8.0,"enemies":"3 Byrds","floor":20.0,"turns":4.0},{"damage":34.0,"enemies":"Snake Plant","floor":22.0,"turns":4.0},{"damage":0,"enemies":"Chosen and Byrds","floor":24,"turns":1}],"seed_played":"5824829378874766918","potions_obtained":[{"floor":2.0,"key":"FearPotion"},{"floor":6.0,"key":"AttackPotion"},{"floor":8.0,"key":"Energy Potion"},{"floor":14.0,"key":"Ancient Potion"}],"is_trial":false,"path_per_floor":["M","M","?","M","M","E","R","M","T","M","R","M","M","M","R","B",null,"M","$","M","?","M","R","M"],"character_chosen":"DEFECT","items_purchased":["Self Repair","Consume","Matryoshka"],"campfire_rested":0,"item_purchase_floors":[19,19,19],"current_hp_per_floor":[75,74,74,73,73,61,61,61,61,48,48,47,46,46,46,9,75,58,58,57,57,30,30,30],"gold":64,"neow_bonus":"BOSS_RELIC","is_prod":false,"is_daily":false,"chose_seed":false,"campfire_upgraded":4,"win_rate":0.0,"timestamp":1551230714,"path_taken":["M","M","?","M","M","E","R","M","T","M","R","M","?","M","R","BOSS","M","$","M","?","M","R","M"],"build_version":"2019-01-23","purchased_purges":0,"victory":false,"max_hp_per_floor":[75,75,75,75,75,75,75,75,75,75,75,75,75,75,75,75,75,75,75,75,75,75,75,75],"card_choices":[{"not_picked":["Tempest","Leap"],"picked":"Gash","floor":1.0},{"not_picked":["Turbo","Coolheaded"],"picked":"Leap","floor":2.0},{"not_picked":["Reprogram","Hologram"],"picked":"FTL","floor":4.0},{"not_picked":["Leap","Coolheaded"],"picked":"Ball Lightning","floor":5.0},{"not_picked":["Steam Power","Rebound"],"picked":"Hello World","floor":6.0},{"not_picked":["Chill","Coolheaded"],"picked":"Sweeping Beam","floor":8.0},{"not_picked":["Redo","Streamline"],"picked":"Conserve Battery","floor":10.0},{"not_picked":["Redo","Steam Power"],"picked":"Streamline","floor":12.0},{"not_picked":["Go for the Eyes","Compile Driver"],"picked":"Darkness","floor":13.0},{"not_picked":["Fusion","Steam"],"picked":"Blizzard","floor":14.0},{"not_picked":["Seek","Core Surge"],"picked":"Electrodynamics","floor":16.0},{"not_picked":["Compile Driver+1","Conserve Battery"],"picked":"Melter","floor":18.0},{"not_picked":["Stack","Recycle"],"picked":"White Noise+1","floor":20.0},{"not_picked":["Leap+1","Capacitor"],"picked":"Gash","floor":22.0}],"player_experience":87694,"relics_obtained":[{"floor":6.0,"key":"Torii"},{"floor":9.0,"key":"Pen Nib"}],"event_choices":[{"damage_healed":0.0,"max_hp_gain":0.0,"max_hp_loss":0.0,"gold_gain":100.0,"event_name":"Golden Shrine","player_choice":"Pray","floor":3.0,"gold_loss":0.0,"damage_taken":0.0},{"damage_healed":0.0,"max_hp_gain":0.0,"max_hp_loss":0.0,"gold_gain":0.0,"event_name":"Addict","player_choice":"Obtained Relic","floor":21.0,"gold_loss":85.0,"damage_taken":0.0,"relics_obtained":["Omamori"]}],"is_beta":false,"boss_relics":[{"not_picked":["Runic Dome","Empty Cage"],"picked":"Philosopher\u0027s Stone"}],"items_purged_floors":[],"is_endless":false,"potions_floor_spawned":[2,6,8,10,14],"killed_by":"Chosen and Byrds","ascension_level":0}