{"gold_per_floor":[20,20,20,39,39,39,50,85,85,103,28,28,39,53,53,126,126,146,161,161,66,76,76,107,117,117,117,117,117,133,186,186,258,258,277,296,312,327,338,338],"floor_reached":40,"playtime":1986,"items_purged":["Strike_G"],"score":809,"play_id":"ac02408a-2b2f-4341-b8f5-88aa0ec126b5","local_time":"20190305163650","is_ascension_mode":true,"campfire_choices":[{"data":"Neutralize","floor":6.0,"key":"SMITH"},{"floor":15.0,"key":"REST"},{"data":"Footwork","floor":23,"key":"SMITH"},{"data":"Calculated Gamble","floor":29,"key":"SMITH"},{"data":"After Image","floor":32,"key":"SMITH"}],"neow_cost":"NO_GOLD","seed_source_timestamp":249731406207578,"circlet_count":0,"master_deck":["AscendersBane","Defend_G","Defend_G+1","Survivor","Neutralize+1","Deadly Poison+1","Dash","After Image+1","Footwork+1","Acrobatics","Caltrops+1","Calculated Gamble+1","Backstab","Reflex"],"special_seed":0,"relics":["Ring of the Snake","Smiling Mask","Bag of Marbles","Runic Pyramid","War Paint","Kunai","Tiny Chest","Empty Cage"],"potions_floor_usage":[33,37,37],"damage_taken":[{"damage":2.0,"enemies":"Jaw Worm","floor":1.0,"turns":9.0},{"damage":0.0,"enemies":"2 Louse","floor":4.0,"turns":4.0},{"damage":5.0,"enemies":"Cultist","floor":7.0,"turns":6.0},{"damage":32.0,"enemies":"3 Sentries","floor":8.0,"turns":15.0},{"damage":8.0,"enemies":"Large Slime","floor":10.0,"turns":12.0},{"damage":5.0,"enemies":"Exordium Thugs","floor":13.0,"turns":7.0},{"damage":0.0,"enemies":"Blue Slaver","floor":14.0,"turns":4.0},{"damage":9.0,"enemies":"The Guardian","floor":16.0,"turns":13.0},{"damage":0,"enemies":"Shell Parasite","floor":18,"turns":6},{"damage":4,"enemies":"Spheric Guardian","floor":19,"turns":6},{"damage":2,"enemies":"Snake Plant","floor":22,"turns":7},{"damage":15,"enemies":"Book of Stabbing","floor":24,"turns":7},{"damage":5,"enemies":"Shelled Parasite and Fungi","floor":25,"turns":9},{"damage":7,"enemies":"Centurion and Healer","floor":30,"turns":9},{"damage":0,"enemies":"Automaton","floor":33,"turns":15},{"damage":0,"enemies":"3 Shapes","floor":35,"turns":7},{"damage":7,"enemies":"3 Darklings","floor":36,"turns":8},{"damage":20,"enemies":"Jaw Worm Horde","floor":37,"turns":7},{"damage":0,"enemies":"Maw","floor":38,"turns":7},{"damage":1,"enemies":"Sphere and 2 Shapes","floor":39,"turns":7},{"damage":57,"enemies":"Nemesis","floor":40,"turns":6}],"seed_played":"1498532272482787658","potions_obtained":[{"floor":4.0,"key":"Ancient Potion"},{"floor":7.0,"key":"SteroidPotion"},{"floor":13.0,"key":"Energy Potion"},{"floor":14.0,"key":"Fire Potion"},{"floor":24,"key":"GhostInAJar"},{"floor":33,"key":"Swift Potion"},{"floor":37,"key":"Weak Potion"}],"is_trial":false,"path_per_floor":["M","?","?","M","?","R","M","E","T","M","?","?","M","M","R","B",null,"M","M","?","$","M","R","E","M","T","?","?","R","M","T","R","B",null,"M","M","M","M","M","E"],"character_chosen":"THE_SILENT","items_purchased":["Acrobatics"],"campfire_rested":1,"item_purchase_floors":[21],"current_hp_per_floor":[57,62,62,62,62,62,57,25,25,17,17,17,12,12,33,24,59,59,55,55,55,53,53,38,33,33,33,33,33,26,26,26,26,60,60,53,33,33,32,0],"gold":338,"neow_bonus":"REMOVE_TWO","is_prod":false,"is_daily":false,"chose_seed":false,"campfire_upgraded":4,"win_rate":0,"timestamp":1551775010,"path_taken":["M","?","?","?","?","R","M","E","T","?","?","?","M","?","R","BOSS","M","M","?","$","M","R","E","?","T","?","?","R","M","?","R","BOSS","M","M","M","M","M","E"],"build_version":"2019-01-23","purchased_purges":1,"victory":false,"max_hp_per_floor":[66,71,71,71,71,71,71,71,71,71,71,71,71,71,71,71,71,71,71,71,71,71,71,71,71,71,71,71,71,71,71,71,71,71,71,71,71,71,71,71],"card_choices":[{"not_picked":["Quick Slash","Flying Knee","Bane"],"picked":"SKIP","floor":1.0},{"not_picked":["Outmaneuver","Flying Knee","Caltrops"],"picked":"SKIP","floor":4.0},{"not_picked":["Predator","PiercingWail"],"picked":"Deadly Poison","floor":7.0},{"not_picked":["Endless Agony","Dodge and Roll","Accuracy"],"picked":"SKIP","floor":8.0},{"not_picked":["Infinite Blades","Doppelganger","Dagger Spray"],"picked":"SKIP","floor":10.0},{"not_picked":["Riddle With Holes","Blade Dance","Endless Agony"],"picked":"SKIP","floor":13.0},{"not_picked":["Flying Knee","Prepared"],"picked":"Dash","floor":14.0},{"not_picked":["Corpse Explosion","A Thousand Cuts"],"picked":"After Image","floor":16.0},{"not_picked":["Prepared+1","Concentrate"],"picked":"Footwork","floor":18},{"not_picked":["Dagger Spray","Dodge and Roll","Setup"],"picked":"SKIP","floor":19},{"not_picked":["Choke","Cloak And Dagger"],"picked":"Caltrops+1","floor":22},{"not_picked":["PiercingWail","Quick Slash","Acrobatics"],"picked":"SKIP","floor":24},{"not_picked":["Footwork","Crippling Poison"],"picked":"Calculated Gamble","floor":25},{"not_picked":["PiercingWail","Acrobatics","Dagger Throw"],"picked":"SKIP","floor":30},{"not_picked":["Distraction+1","Choke"],"picked":"Reflex","floor":35},{"not_picked":["Bane+1","Dodge and Roll","Bouncing Flask+1"],"picked":"SKIP","floor":36},{"not_picked":["PiercingWail","Poisoned Stab","Acrobatics"],"picked":"SKIP","floor":37},{"not_picked":["Wraith Form v2","Choke","Setup"],"picked":"SKIP","floor":38},{"not_picked":["Acrobatics","Cloak And Dagger","Dagger Spray"],"picked":"SKIP","floor":39}],"player_experience":1124227,"relics_obtained":[{"floor":8.0,"key":"Smiling Mask"},{"floor":24,"key":"War Paint"},{"floor":26,"key":"Kunai"},{"floor":31,"key":"Tiny Chest"}],"event_choices":[{"damage_healed":0.0,"max_hp_gain":5.0,"max_hp_loss":0.0,"gold_gain":0.0,"event_name":"Big Fish","player_choice":"Donut","floor":2.0,"gold_loss":0.0,"damage_taken":0.0},{"damage_healed":0.0,"max_hp_gain":0.0,"max_hp_loss":0.0,"gold_gain":0.0,"event_name":"WeMeetAgain","player_choice":"Ignored","floor":3.0,"gold_loss":0.0,"damage_taken":0.0},{"cards_removed":["Strike_G"],"damage_healed":0.0,"max_hp_gain":0.0,"max_hp_loss":0.0,"gold_gain":0.0,"event_name":"Bonfire Elementals","player_choice":"Offered Basic","floor":5.0,"gold_loss":0.0,"damage_taken":0.0},{"cards_removed":["Defend_G"],"damage_healed":0.0,"max_hp_gain":0.0,"max_hp_loss":0.0,"gold_gain":0.0,"event_name":"The Cleric","player_choice":"Card Removal","floor":11.0,"gold_loss":75.0,"damage_taken":0.0},{"damage_healed":0.0,"max_hp_gain":0.0,"max_hp_loss":0.0,"gold_gain":0.0,"event_name":"Dead Adventurer","player_choice":"Searched \u00271\u0027 times","floor":12.0,"gold_loss":0.0,"damage_taken":0.0,"relics_obtained":["Bag of Marbles"]},{"cards_removed":["Strike_G"],"damage_healed":0,"gold_gain":0,"player_choice":"Purged","damage_taken":0,"max_hp_gain":0,"max_hp_loss":0,"event_name":"Purifier","floor":20,"gold_loss":0},{"damage_healed":0,"gold_gain":0,"player_choice":"Ignored","damage_taken":0,"max_hp_gain":0,"max_hp_loss":0,"event_name":"Cursed Tome","floor":27,"gold_loss":0},{"damage_healed":0,"gold_gain":0,"player_choice":"Read","damage_taken":0,"max_hp_gain":0,"max_hp_loss":0,"event_name":"The Library","floor":28,"gold_loss":0,"cards_obtained":["Backstab"]}],"is_beta":false,"boss_relics":[{"not_picked":["Pandora\u0027s Box","Calling Bell"],"picked":"Runic Pyramid"},{"not_picked":["Fusion Hammer","Lizard Tail"],"picked":"Empty Cage"}],"items_purged_floors":[21],"is_endless":false,"potions_floor_spawned":[4,7,13,14,24,25,33,36,37],"killed_by":"Nemesis","ascension_level":15}