{"gold_per_floor":[114,114,134,99,114,114,139,139,139,314,347,365,398,412,412,507,507,520,532,23,23,43,43,56,72,96,24,24,50,60,88,88,186,186,205,205,221,443,460,460,487,513,513,528,528,561,15,15,15,15,15,15,15,49,49],"floor_reached":56,"playtime":3795,"items_purged":["Doubt"],"score":1266,"play_id":"2e05a8d7-70bd-4c25-ba04-72d94c9c9839","local_time":"20190319181930","is_ascension_mode":true,"campfire_choices":[{"data":"Static Discharge","floor":6,"key":"SMITH"},{"floor":8,"key":"REST"},{"data":"Steam","floor":15,"key":"SMITH"},{"floor":23,"key":"REST"},{"floor":32,"key":"REST"},{"floor":40,"key":"RECALL"},{"floor":45,"key":"REST"},{"floor":49,"key":"REST"},{"floor":52,"key":"REST"}],"neow_cost":"NONE","seed_source_timestamp":549598072496733,"circlet_count":0,"master_deck":["Strike_B","Strike_B","Strike_B+1","Defend_B","Defend_B","Defend_B","Defend_B","Zap+1","Dualcast+1","Conserve Battery+1","Static Discharge+1","Rebound+1","Leap","Streamline","Steam+1","Storm","Echo Form","Defragment+1","Self Repair","Lockon+1","Genetic Algorithm","Leap","Capacitor","Heatsinks","Reinforced Body+1","Recycle+1","Thunder Strike","Leap","Glacier","Self Repair+1","Amplify","Tempest+1","Streamline+1","Static Discharge+1","Chaos+1","Loop+1"],"relics":["Cracked Core","Bottled Tornado","Anchor","Strawberry","Fusion Hammer","ClockworkSouvenir","Whetstone","Oddly Smooth Stone","Smiling Mask","Red Mask","Ornamental Fan","Runic Pyramid","Frozen Egg 2","Happy Flower","Toxic Egg 2","War Paint","Lantern","Sundial","Omamori","Shuriken"],"potions_floor_usage":[13,13,14,16,19,29,33,50,55,55],"damage_taken":[{"damage":3,"enemies":"Jaw Worm","floor":1,"turns":3},{"damage":6,"enemies":"Cultist","floor":3,"turns":3},{"damage":0,"enemies":"2 Louse","floor":5,"turns":2},{"damage":36,"enemies":"Gremlin Nob","floor":7,"turns":3},{"damage":21,"enemies":"Lagavulin","floor":11,"turns":6},{"damage":3,"enemies":"Looter","floor":12,"turns":2},{"damage":3,"enemies":"Gremlin Nob","floor":13,"turns":3},{"damage":0,"enemies":"2 Fungi Beasts","floor":14,"turns":2},{"damage":19,"enemies":"Hexaghost","floor":16,"turns":8},{"damage":16,"enemies":"Chosen","floor":18,"turns":4},{"damage":8,"enemies":"3 Byrds","floor":19,"turns":3},{"damage":11,"enemies":"Sentry and Sphere","floor":22,"turns":4},{"damage":2,"enemies":"Shelled Parasite and Fungi","floor":24,"turns":4},{"damage":16,"enemies":"Chosen and Byrds","floor":25,"turns":5},{"damage":13,"enemies":"Masked Bandits","floor":29,"turns":3},{"damage":15,"enemies":"Snake Plant","floor":30,"turns":3},{"damage":40,"enemies":"Slavers","floor":31,"turns":5},{"damage":44,"enemies":"Collector","floor":33,"turns":7},{"damage":15,"enemies":"3 Darklings","floor":35,"turns":6},{"damage":3,"enemies":"Orb Walker","floor":37,"turns":4},{"damage":15,"enemies":"Maw","floor":39,"turns":7},{"damage":42,"enemies":"Reptomancer","floor":41,"turns":6},{"damage":5,"enemies":"Jaw Worm Horde","floor":44,"turns":4},{"damage":40,"enemies":"Giant Head","floor":46,"turns":11},{"damage":62,"enemies":"Awakened One","floor":50,"turns":9},{"damage":43,"enemies":"Shield and Spear","floor":54,"turns":8},{"damage":77,"enemies":"The Heart","floor":55,"turns":8}],"seed_played":"7840972681691749694","potions_obtained":[{"floor":3,"key":"FearPotion"},{"floor":7,"key":"Explosive Potion"},{"floor":12,"key":"Swift Potion"},{"floor":14,"key":"Poison Potion"},{"floor":18,"key":"Weak Potion"},{"floor":19,"key":"FearPotion"},{"floor":24,"key":"FairyPotion"},{"floor":30,"key":"Poison Potion"},{"floor":41,"key":"Dexterity Potion"},{"floor":46,"key":"EssenceOfSteel"},{"floor":54,"key":"LiquidBronze"}],"is_trial":false,"path_per_floor":["M","?","M","?","M","R","E","R","T","?","E","M","E","M","R","B",null,"M","M","$","?","M","R","M","M","T","$","T","?","M","E","R","B",null,"M","?","M","?","M","R","E","T","T","M","R","E","$","T","R","B",null,"R","$","E","B",null],"character_chosen":"DEFECT","items_purchased":["ClockworkSouvenir","Self Repair","Whetstone","Capacitor","Static Discharge+1","Lantern","Sundial","Chaos+1"],"campfire_rested":6,"item_purchase_floors":[20,20,20,27,47,47,47,47],"current_hp_per_floor":[72,72,66,75,75,75,39,61,61,61,40,37,41,41,41,22,82,66,58,58,58,54,78,82,73,73,73,73,67,59,26,50,13,82,74,74,78,78,77,77,69,69,69,64,82,69,69,69,82,20,82,82,82,73,6],"gold":49,"neow_bonus":"UPGRADE_CARD","is_prod":false,"is_daily":false,"chose_seed":false,"campfire_upgraded":2,"win_rate":0,"timestamp":1553044770,"path_taken":["M","?","?","?","M","R","E","R","T","?","E","M","E","M","R","BOSS","M","M","$","?","M","R","M","M","T","$","?","?","M","E","R","BOSS","M","?","M","?","M","R","E","?","T","M","R","E","$","?","R","BOSS","R","$","E","BOSS"],"build_version":"2019-01-23","purchased_purges":1,"victory":true,"max_hp_per_floor":[75,75,75,75,75,75,75,75,75,75,75,75,82,82,82,82,82,82,82,82,82,82,82,82,82,82,82,82,82,82,82,82,82,82,82,82,82,82,82,82,82,82,82,82,82,82,82,82,82,82,82,82,82,82,82],"card_choices":[{"not_picked":["Stack","Leap"],"picked":"Melter","floor":1},{"not_picked":["Gash","Hologram"],"picked":"Conserve Battery","floor":3},{"not_picked":["Redo","Doom and Gloom"],"picked":"Static Discharge","floor":5},{"not_picked":["Stack","BootSequence"],"picked":"Rebound","floor":7},{"not_picked":["Barrage","Coolheaded"],"picked":"Leap","floor":11},{"not_picked":["Glacier","Scrape"],"picked":"Streamline","floor":12},{"not_picked":["Reprogram","Turbo"],"picked":"Steam","floor":13},{"not_picked":["Fusion","Skim"],"picked":"Storm","floor":14},{"not_picked":["Reboot","Creative AI"],"picked":"Echo Form","floor":16},{"not_picked":["Barrage","Go for the Eyes+1"],"picked":"Defragment+1","floor":18},{"not_picked":["Fusion+1","Go for the Eyes","Blizzard"],"picked":"SKIP","floor":19},{"not_picked":["Conserve Battery","Barrage"],"picked":"Lockon+1","floor":22},{"not_picked":["Coolheaded","Steam Power"],"picked":"Genetic Algorithm","floor":24},{"not_picked":["Beam Cell","Rip and Tear"],"picked":"Leap","floor":25},{"not_picked":["Barrage","Streamline"],"picked":"Heatsinks","floor":29},{"not_picked":["Hologram","Barrage"],"picked":"Reinforced Body+1","floor":30},{"not_picked":["Reinforced Body+1","Rainbow"],"picked":"Recycle+1","floor":31},{"not_picked":["Amplify","All For One"],"picked":"Thunder Strike","floor":33},{"not_picked":["Fusion+1","Doom and Gloom+1"],"picked":"Leap","floor":35},{"not_picked":["Compile Driver+1","Steam Power"],"picked":"Glacier","floor":37},{"not_picked":["Steam","Rebound+1"],"picked":"Self Repair+1","floor":39},{"not_picked":["Double Energy+1","Consume"],"picked":"Amplify","floor":41},{"not_picked":["Streamline","Hello World+1"],"picked":"Tempest+1","floor":44},{"not_picked":["Cold Snap","Glacier+1"],"picked":"Streamline+1","floor":46},{"not_picked":["Hologram+1","Redo+1"],"picked":"Loop+1","floor":54}],"player_experience":333502,"relics_obtained":[{"floor":7,"key":"Bottled Tornado"},{"floor":11,"key":"Anchor"},{"floor":13,"key":"Strawberry"},{"floor":26,"key":"Oddly Smooth Stone"},{"floor":28,"key":"Smiling Mask"},{"floor":29,"key":"Red Mask"},{"floor":31,"key":"Ornamental Fan"},{"floor":41,"key":"Frozen Egg 2"},{"floor":42,"key":"Happy Flower"},{"floor":43,"key":"Toxic Egg 2"},{"floor":46,"key":"War Paint"},{"floor":48,"key":"Omamori"},{"floor":54,"key":"Shuriken"}],"event_choices":[{"damage_healed":0,"gold_gain":0,"player_choice":"Bought 0 Potions","damage_taken":0,"max_hp_gain":0,"max_hp_loss":0,"event_name":"The Woman in Blue","floor":2,"gold_loss":0},{"damage_healed":18,"gold_gain":0,"player_choice":"Healed","damage_taken":0,"max_hp_gain":0,"max_hp_loss":0,"event_name":"The Cleric","floor":4,"gold_loss":35},{"damage_healed":0,"gold_gain":175,"player_choice":"AGREE","damage_taken":0,"max_hp_gain":0,"max_hp_loss":0,"event_name":"Liars Game","floor":10,"gold_loss":0,"cards_obtained":["Doubt"]},{"cards_removed":["Strike_B"],"damage_healed":0,"gold_gain":0,"player_choice":"Purged","damage_taken":0,"max_hp_gain":0,"max_hp_loss":0,"event_name":"Purifier","floor":21,"gold_loss":0},{"damage_healed":0,"gold_gain":0,"player_choice":"Fought Bandits","damage_taken":0,"max_hp_gain":0,"max_hp_loss":0,"event_name":"Masked Bandits","floor":29,"gold_loss":0},{"cards_removed":["Melter"],"damage_healed":0,"gold_gain":0,"player_choice":"Removed Attack","damage_taken":0,"max_hp_gain":0,"max_hp_loss":0,"event_name":"Falling","floor":36,"gold_loss":0},{"damage_healed":0,"gold_gain":222,"player_choice":"Wore Mask","damage_taken":0,"max_hp_gain":0,"max_hp_loss":0,"event_name":"Tomb of Lord Red Mask","floor":38,"gold_loss":0}],"is_beta":false,"boss_relics":[{"not_picked":["Lizard Tail","Empty Cage"],"picked":"Fusion Hammer"},{"not_picked":["Velvet Choker","Eternal Feather"],"picked":"Runic Pyramid"}],"items_purged_floors":[20],"is_endless":false,"potions_floor_spawned":[3,7,12,14,18,19,24,30,41,46,54],"ascension_level":1}