{"gold_per_floor":[114,189,189,189,204,204,219,219,219,219,234,249,130,145,145,245,245,260,275,290,290,290,290,320,320,320,335,350,365,365,380,380,380],"floor_reached":33,"playtime":1059,"items_purged":[],"score":261,"play_id":"8caaba98-d370-4fe3-a85d-63541a7bed85","local_time":"20180730151852","daily_mods":["Diverse","Lethality","Terminal"],"is_ascension_mode":false,"campfire_choices":[{"data":"Hologram","floor":6,"key":"SMITH"},{"data":"Combust","floor":10,"key":"SMITH"},{"data":"Cloak And Dagger","floor":15,"key":"SMITH"},{"data":"Heavy Blade","floor":23,"key":"SMITH"},{"data":"Combust","floor":25,"key":"SMITH"},{"floor":32,"key":"REST"}],"neow_cost":"","seed_source_timestamp":0,"circlet_count":0,"master_deck":["Strike_R+1","Strike_R+1","Strike_R+1","Strike_R+1","Strike_R+1","Defend_R+1","Defend_R+1","Defend_R+1","Defend_R+1","Bash+1","Cloak And Dagger+1","Hologram+1","Combust+1","Flex","Flex","Thunderclap","Sword Boomerang","Cloak And Dagger","Exhume","Pummel","Heavy Blade+1","Conserve Battery","Spot Weakness","Combust+1","Shrug It Off","Self Repair"],"special_seed":17742,"relics":["Burning Blood","Singing Bowl","Self Forming Clay","Letter Opener","Orrery","The Courier","Mercury Hourglass"],"potions_floor_usage":[18,18,27,27,28],"damage_taken":[{"damage":0,"enemies":"Cultist","floor":1,"turns":2},{"damage":0,"enemies":"Jaw Worm","floor":5,"turns":3},{"damage":0,"enemies":"2 Louse","floor":7,"turns":2},{"damage":0,"enemies":"Blue Slaver","floor":11,"turns":2},{"damage":1,"enemies":"2 Fungi Beasts","floor":12,"turns":3},{"damage":13,"enemies":"3 Louse","floor":14,"turns":2},{"damage":42,"enemies":"The Guardian","floor":16,"turns":6},{"damage":10,"enemies":"3 Byrds","floor":18,"turns":3},{"damage":20,"enemies":"2 Thieves","floor":19,"turns":4},{"damage":8,"enemies":"Cultist and Chosen","floor":20,"turns":4},{"damage":31,"enemies":"Gremlin Leader","floor":24,"turns":4},{"damage":15,"enemies":"Snake Plant","floor":27,"turns":2},{"damage":7,"enemies":"Chosen and Byrds","floor":28,"turns":3},{"damage":0,"enemies":"Cultist and Chosen","floor":29,"turns":4},{"damage":20,"enemies":"Snake Plant","floor":31,"turns":3},{"damage":53,"enemies":"Automaton","floor":33,"turns":6}],"seed_played":"3676121671515635212","potions_obtained":[{"floor":5,"key":"Ancient Potion"},{"floor":11,"key":"Energy Potion"},{"floor":12,"key":"SpeedPotion"},{"floor":16,"key":"Fruit Juice"},{"floor":18,"key":"LiquidBronze"},{"floor":24,"key":"Energy Potion"}],"is_trial":false,"path_per_floor":["M","?","?","T","M","R","M","?","T","R","M","M","$","M","R","B",null,"M","M","M","?","?","R","E","R","T","M","M","M","?","M","R"],"character_chosen":"IRONCLAD","items_purchased":["Flex","Thunderclap","Sword Boomerang"],"campfire_rested":1,"item_purchase_floors":[13,13,13],"current_hp_per_floor":[78,67,64,64,70,70,72,58,58,58,64,69,68,61,61,25,70,71,59,59,59,59,59,34,34,34,25,26,34,34,20,40,0],"gold":380,"neow_bonus":"","is_prod":false,"is_daily":true,"chose_seed":false,"campfire_upgraded":5,"win_rate":0,"timestamp":1532978332,"path_taken":["M","?","?","?","M","R","M","?","T","R","M","?","$","?","R","BOSS","M","M","M","?","?","R","E","R","T","?","M","?","?","M","R","BOSS"],"build_version":"2018-07-26","purchased_purges":0,"victory":false,"max_hp_per_floor":[78,77,76,75,74,73,72,71,70,69,68,69,68,67,66,65,70,74,75,76,75,74,73,72,71,70,69,70,71,70,69,68,68],"card_choices":[{"not_picked":["True Grit","Havoc"],"picked":"Cloak And Dagger","floor":1},{"not_picked":["Shrug It Off","Body Slam"],"picked":"Hologram","floor":5},{"not_picked":["Steam","Cold Snap"],"picked":"Combust","floor":7},{"not_picked":["Machine Learning","Rebound"],"picked":"Flex","floor":11},{"not_picked":["Redo","Sucker Punch","Backflip"],"picked":"Singing Bowl","floor":12},{"not_picked":["Sweeping Beam","Rampage"],"picked":"Cloak And Dagger","floor":14},{"not_picked":["Machine Learning","Bullet Time"],"picked":"Exhume","floor":16},{"not_picked":["Gash","Warcry","Burning Pact"],"picked":"Singing Bowl","floor":17},{"not_picked":["Caltrops","Sentinel","Warcry"],"picked":"Singing Bowl","floor":17},{"not_picked":["Beam Cell","Cloak And Dagger"],"picked":"Pummel","floor":17},{"not_picked":["Dropkick","Rebound"],"picked":"Heavy Blade","floor":17},{"not_picked":["Poisoned Stab","Metallicize","Sword Boomerang"],"picked":"Singing Bowl","floor":17},{"not_picked":["Wild Strike","Clash+1"],"picked":"Conserve Battery","floor":18},{"not_picked":["Compile Driver","Cold Snap","Dodge and Roll"],"picked":"Singing Bowl","floor":19},{"not_picked":["Beam Cell","Venomology","Sweeping Beam"],"picked":"Singing Bowl","floor":20},{"not_picked":["Malaise","Perfected Strike"],"picked":"Combust","floor":24},{"not_picked":["Quick Slash+1","Sucker Punch"],"picked":"Shrug It Off","floor":27},{"not_picked":["Wild Strike","Defragment+1","Beam Cell"],"picked":"Singing Bowl","floor":28},{"not_picked":["Dodge and Roll","Aggregate+1","Slice"],"picked":"Singing Bowl","floor":29},{"not_picked":["Iron Wave","Blood for Blood"],"picked":"Self Repair","floor":31}],"player_experience":167513,"relics_obtained":[{"floor":4,"key":"Self Forming Clay"},{"floor":9,"key":"Letter Opener"},{"floor":24,"key":"The Courier"},{"floor":26,"key":"Mercury Hourglass"}],"event_choices":[{"event_name":"World of Goop","player_choice":"Gather Gold","floor":2,"damage_taken":0},{"event_name":"Scrap Ooze","player_choice":"success","floor":3,"damage_taken":3},{"event_name":"Shining Light","player_choice":"Entered Light","floor":8,"damage_taken":0},{"event_name":"The Library","player_choice":"Read","floor":21,"damage_taken":0},{"event_name":"Ghosts","player_choice":"Ignored","floor":22,"damage_taken":0},{"event_name":"Back to Basics","player_choice":"Simplicity","floor":30,"damage_taken":0}],"is_beta":true,"boss_relics":[{"not_picked":["Runic Cube","Velvet Choker"],"picked":"Orrery"}],"items_purged_floors":[],"is_endless":false,"potions_floor_spawned":[5,11,12,16,18,24],"killed_by":"Automaton","ascension_level":0}