{"gold_per_floor":[109,127,127,127,202,202,212,230,308,324,324,339,354,370,370,370],"floor_reached":16,"playtime":613,"items_purged":[],"score":192,"play_id":"73affd4d-1cf8-4b7a-9ed1-3990a2e90cf1","local_time":"20190421180915","is_ascension_mode":true,"campfire_choices":[{"floor":6.0,"key":"REST"},{"floor":15.0,"key":"REST"}],"neow_cost":"NONE","seed_source_timestamp":548927990408799,"circlet_count":0,"master_deck":["AscendersBane","Defend_G","Defend_G","Defend_G","Defend_G","Defend_G","Strike_G","Strike_G","Strike_G+1","Strike_G","Strike_G","Survivor","Neutralize","Infinite Blades","Blade Dance+1","Well Laid Plans","Blade Dance","After Image","Dagger Spray","Wraith Form v2"],"special_seed":0,"relics":["Ring of the Snake","Vajra","Matryoshka","Potion Belt"],"potions_floor_usage":[],"damage_taken":[{"damage":2.0,"enemies":"Jaw Worm","floor":1.0,"turns":6.0},{"damage":8.0,"enemies":"Small Slimes","floor":2.0,"turns":4.0},{"damage":1.0,"enemies":"Cultist","floor":7.0,"turns":3.0},{"damage":0.0,"enemies":"Lots of Slimes","floor":8.0,"turns":1.0},{"damage":0.0,"enemies":"Exordium Wildlife","floor":10.0,"turns":3.0},{"damage":12.0,"enemies":"Large Slime","floor":12.0,"turns":5.0},{"damage":6.0,"enemies":"3 Louse","floor":13.0,"turns":3.0},{"damage":0.0,"enemies":"Looter","floor":14.0,"turns":4.0},{"damage":24,"enemies":"Hexaghost","floor":16,"turns":9}],"seed_played":"1830227472387767538","potions_obtained":[{"floor":7.0,"key":"Explosive Potion"},{"floor":8.0,"key":"LiquidBronze"},{"floor":10.0,"key":"Weak Potion"}],"is_trial":false,"path_per_floor":["M","M","$","?","?","R","M","M","T","M","?","M","M","M","R","B"],"character_chosen":"THE_SILENT","items_purchased":[],"campfire_rested":2,"item_purchase_floors":[],"current_hp_per_floor":[57,49,49,29,18,37,36,36,36,36,36,24,18,18,37,13],"gold":370,"neow_bonus":"RANDOM_COMMON_RELIC","is_prod":false,"is_daily":false,"chose_seed":false,"campfire_upgraded":0,"win_rate":0,"timestamp":1555884555,"path_taken":["M","M","$","?","?","R","M","M","T","M","?","M","?","?","R","BOSS"],"build_version":"2019-04-20","purchased_purges":0,"victory":false,"max_hp_per_floor":[66,66,66,66,66,66,66,66,66,66,66,66,66,66,66,66],"card_choices":[{"not_picked":["Underhanded Strike","PiercingWail"],"picked":"Infinite Blades","floor":1.0},{"not_picked":["Heel Hook","Flying Knee"],"picked":"Blade Dance","floor":2.0},{"not_picked":["Heel Hook","Outmaneuver"],"picked":"Well Laid Plans","floor":7.0},{"not_picked":["Setup","Dagger Throw"],"picked":"Blade Dance","floor":8.0},{"not_picked":["Distraction","Riddle With Holes"],"picked":"After Image","floor":10.0},{"not_picked":["Dodge and Roll","Eviscerate"],"picked":"Dagger Spray","floor":12.0},{"not_picked":["Acrobatics","Deflect","Dagger Throw"],"picked":"SKIP","floor":13.0},{"not_picked":["Sucker Punch","Deadly Poison"],"picked":"Wraith Form v2","floor":14.0}],"player_experience":1359227,"relics_obtained":[{"floor":9.0,"key":"Matryoshka"}],"event_choices":[{"damage_healed":0.0,"max_hp_gain":0.0,"max_hp_loss":0.0,"gold_gain":0.0,"event_name":"Shining Light","player_choice":"Entered Light","floor":4.0,"gold_loss":0.0,"damage_taken":20.0,"cards_upgraded":["Blade Dance","Strike_G"]},{"damage_healed":0.0,"max_hp_gain":0.0,"max_hp_loss":0.0,"gold_gain":75.0,"event_name":"World of Goop","player_choice":"Gather Gold","floor":5.0,"gold_loss":0.0,"damage_taken":11.0},{"damage_healed":0.0,"max_hp_gain":0.0,"max_hp_loss":0.0,"gold_gain":0.0,"event_name":"WeMeetAgain","player_choice":"Gave Potion","floor":11.0,"gold_loss":0.0,"damage_taken":0.0,"relics_obtained":["Potion Belt"]}],"is_beta":true,"boss_relics":[],"items_purged_floors":[],"is_endless":false,"potions_floor_spawned":[7,8,10],"killed_by":"Hexaghost","ascension_level":20}