{"gold_per_floor":[110,80,97,247,172,172,447,447,447,476,487,487,519,532,532,606,606,621,621],"floor_reached":19,"playtime":460,"items_purged":["Doubt"],"score":400,"play_id":"50c325f3-d1b6-433c-8075-26b9da85cc25","local_time":"20190418144552","is_ascension_mode":true,"campfire_choices":[{"data":"Zap","floor":6,"key":"SMITH"},{"data":"Dualcast","floor":8,"key":"SMITH"},{"data":"Fusion","floor":12,"key":"SMITH"},{"floor":15,"key":"REST"}],"neow_cost":"NONE","seed_source_timestamp":680654878533181,"circlet_count":0,"master_deck":["AscendersBane","Strike_B","Strike_B","Strike_B","Strike_B","Defend_B","Defend_B","Defend_B","Defend_B","Zap+1","Dualcast+1","Steam","Gash","Regret","Fusion+1","Double Energy","Darkness","Creative AI","Heatsinks"],"relics":["Cracked Core","NeowsBlessing","Pear","Juzu Bracelet","Orichalcum","Cursed Key"],"potions_floor_usage":[10,13,16,16],"damage_taken":[{"damage":0,"enemies":"2 Louse","floor":1,"turns":1},{"damage":0,"enemies":"Cultist","floor":3,"turns":1},{"damage":0,"enemies":"Gremlin Nob","floor":10,"turns":1},{"damage":10,"enemies":"Jaw Worm","floor":11,"turns":4},{"damage":40,"enemies":"3 Sentries","floor":13,"turns":6},{"damage":8,"enemies":"2 Fungi Beasts","floor":14,"turns":4},{"damage":35,"enemies":"Slime Boss","floor":16,"turns":7},{"damage":52,"enemies":"3 Byrds","floor":18,"turns":6},{"damage":7,"enemies":"Spheric Guardian","floor":19,"turns":3}],"seed_played":"-2588782494781158497","potions_obtained":[{"floor":2,"key":"Fruit Juice"},{"floor":2,"key":"PowerPotion"},{"floor":10,"key":"Poison Potion"},{"floor":13,"key":"Regen Potion"},{"floor":14,"key":"Fire Potion"}],"is_trial":false,"path_per_floor":["M","?","M","?","$","R","?","R","T","E","M","R","E","M","R","B",null,"M","M"],"character_chosen":"DEFECT","items_purchased":[],"campfire_rested":1,"item_purchase_floors":[],"current_hp_per_floor":[64,64,64,64,64,64,64,64,74,79,69,69,29,21,46,25,71,19,12],"gold":621,"neow_bonus":"THREE_ENEMY_KILL","is_prod":false,"is_daily":false,"chose_seed":false,"campfire_upgraded":3,"win_rate":0,"timestamp":1555613152,"path_taken":["M","?","?","?","$","R","?","R","T","E","M","R","E","M","R","BOSS","M","M"],"build_version":"2019-01-23","purchased_purges":1,"victory":false,"max_hp_per_floor":[71,71,71,71,71,71,71,71,81,86,86,86,86,86,86,86,86,86,86],"card_choices":[{"not_picked":["Loop","Conserve Battery"],"picked":"Steam","floor":1},{"not_picked":["Rebound","Coolheaded"],"picked":"Gash","floor":3},{"not_picked":["Sweeping Beam","Go for the Eyes"],"picked":"Fusion","floor":10},{"not_picked":["Turbo","Leap","Fusion"],"picked":"SKIP","floor":11},{"not_picked":["Auto Shields","Conserve Battery"],"picked":"Double Energy","floor":13},{"not_picked":["Double Energy","Force Field"],"picked":"Darkness","floor":14},{"not_picked":["Electrodynamics","Machine Learning"],"picked":"Creative AI","floor":16},{"not_picked":["Steam","Fusion"],"picked":"Heatsinks","floor":18}],"player_experience":912423,"relics_obtained":[{"floor":9,"key":"Pear"},{"floor":10,"key":"Juzu Bracelet"},{"floor":13,"key":"Orichalcum"}],"event_choices":[{"damage_healed":0,"gold_gain":0,"player_choice":"Bought 2 Potions","damage_taken":0,"max_hp_gain":0,"max_hp_loss":0,"event_name":"The Woman in Blue","floor":2,"gold_loss":0},{"damage_healed":0,"gold_gain":150,"player_choice":"AGREE","damage_taken":0,"max_hp_gain":0,"max_hp_loss":0,"event_name":"Liars Game","floor":4,"gold_loss":0,"cards_obtained":["Doubt"]},{"damage_healed":0,"gold_gain":275,"player_choice":"Desecrate","damage_taken":0,"max_hp_gain":0,"max_hp_loss":0,"event_name":"Golden Shrine","floor":7,"gold_loss":0,"cards_obtained":["Regret"]}],"is_beta":false,"boss_relics":[{"not_picked":["Sozu","Runic Dome"],"picked":"Cursed Key"}],"items_purged_floors":[5],"is_endless":false,"potions_floor_spawned":[10,13,14],"killed_by":"Spheric Guardian","ascension_level":20}