{"gold_per_floor":[114,127,127,140,140,474,486,520,520,548,548,560,604,634,646,736,748,777,704,728,235,249,280,280,344,344,344,46,60,74,107,107,179,179,191,206,206,106,117,143,23,51,51,78,78,96,125,125,125,125,125,125,125,8,41,41],"floor_reached":57,"playtime":3174,"items_purged":["Outmaneuver","Finisher","Footwork+1","Well Laid Plans"],"score":4166,"play_id":"c80dfe61-4345-4e9e-b30f-adf87a859c1a","local_time":"20190415181802","is_ascension_mode":true,"campfire_choices":[{"data":"Flechettes","floor":12.0,"key":"SMITH"},{"data":"Calculated Gamble","floor":15.0,"key":"SMITH"},{"data":"Reflex","floor":24.0,"key":"SMITH"},{"data":"Acrobatics","floor":32.0,"key":"SMITH"},{"data":"Tactician","floor":45,"key":"SMITH"},{"floor":49,"key":"RECALL"},{"data":"Concentrate","floor":53,"key":"SMITH"}],"neow_cost":"NONE","seed_source_timestamp":0,"circlet_count":0,"master_deck":["AscendersBane","Survivor","Neutralize","Backstab","Acrobatics+1","Backflip","Prepared+1","Reflex+1","Flechettes+1","Concentrate+1","Calculated Gamble+1","Tactician+1","Footwork+1","Well Laid Plans+1","Crippling Poison+1","Purity+1"],"special_seed":0,"relics":["Pandora\u0027s Box","Old Coin","Happy Flower","Bag of Preparation","Pear","MawBank","Frozen Egg 2","Calling Bell","Oddly Smooth Stone","Darkstone Periapt","Prayer Wheel","Mango","Omamori","Paper Crane","Letter Opener","Tiny Chest","The Courier","Kunai","Toxic Egg 2","Astrolabe","Bottled Flame","Singing Bowl","Ninja Scroll","Juzu Bracelet","The Specimen"],"potions_floor_usage":[56,56],"damage_taken":[{"damage":0.0,"enemies":"Cultist","floor":1.0,"turns":3.0},{"damage":0.0,"enemies":"Small Slimes","floor":2.0,"turns":3.0},{"damage":0.0,"enemies":"2 Louse","floor":4.0,"turns":3.0},{"damage":0.0,"enemies":"3 Sentries","floor":6.0,"turns":9.0},{"damage":0.0,"enemies":"Looter","floor":7.0,"turns":2.0},{"damage":0.0,"enemies":"Lagavulin","floor":8.0,"turns":5.0},{"damage":0.0,"enemies":"3 Sentries","floor":10.0,"turns":7.0},{"damage":0.0,"enemies":"Gremlin Nob","floor":13.0,"turns":3.0},{"damage":2.0,"enemies":"Blue Slaver","floor":14.0,"turns":2.0},{"damage":0.0,"enemies":"The Guardian","floor":16.0,"turns":6.0},{"damage":0.0,"enemies":"3 Byrds","floor":18.0,"turns":3.0},{"damage":0.0,"enemies":"2 Thieves","floor":20.0,"turns":3.0},{"damage":0.0,"enemies":"Cultist and Chosen","floor":22.0,"turns":7.0},{"damage":0.0,"enemies":"Gremlin Leader","floor":23.0,"turns":3.0},{"damage":0.0,"enemies":"Slavers","floor":25.0,"turns":1.0},{"damage":0.0,"enemies":"Snake Plant","floor":29.0,"turns":3.0},{"damage":0.0,"enemies":"Snecko","floor":30.0,"turns":1.0},{"damage":0.0,"enemies":"Book of Stabbing","floor":31.0,"turns":2.0},{"damage":0.0,"enemies":"Automaton","floor":33.0,"turns":1.0},{"damage":2.0,"enemies":"Orb Walker","floor":35.0,"turns":2.0},{"damage":0.0,"enemies":"3 Darklings","floor":36.0,"turns":1.0},{"damage":0,"enemies":"Jaw Worm Horde","floor":39,"turns":1},{"damage":0,"enemies":"Giant Head","floor":40,"turns":1},{"damage":0,"enemies":"Reptomancer","floor":42,"turns":1},{"damage":0,"enemies":"Nemesis","floor":44,"turns":1},{"damage":0,"enemies":"Maw","floor":46,"turns":1},{"damage":0,"enemies":"Giant Head","floor":47,"turns":1},{"damage":0,"enemies":"Time Eater","floor":50,"turns":6},{"damage":0,"enemies":"Donu and Deca","floor":51,"turns":1},{"damage":0,"enemies":"Shield and Spear","floor":55,"turns":1},{"damage":0,"enemies":"The Heart","floor":56,"turns":6}],"seed_played":"7608477037166438001","potions_obtained":[{"floor":4.0,"key":"GhostInAJar"},{"floor":6.0,"key":"GamblersBrew"},{"floor":10.0,"key":"GhostInAJar"},{"floor":13.0,"key":"Strength Potion"},{"floor":29.0,"key":"Swift Potion"},{"floor":36.0,"key":"Weak Potion"}],"is_trial":false,"path_per_floor":["M","M","?","M","?","E","M","E","T","E","?","R","E","M","R","B",null,"M","?","M","$","M","E","R","E","T","?","$","M","M","E","R","B",null,"M","M","?","$","M","E","$","E","T","E","R","M","E","?","R","B","B",null,"R","$","E","B",null],"character_chosen":"THE_SILENT","items_purchased":["Omamori","Paper Crane","Kunai","Purity+1","Block Potion"],"campfire_rested":0,"item_purchase_floors":[21,21,28,54,54],"current_hp_per_floor":[59,59,59,59,59,59,59,59,59,69,51,51,51,49,49,49,69,69,83,83,83,83,83,83,83,83,83,83,83,83,83,83,83,88,86,86,90,90,90,90,90,92,92,94,94,98,100,96,96,96,96,104,104,104,106,106],"gold":41,"neow_bonus":"BOSS_RELIC","is_prod":false,"is_daily":false,"chose_seed":true,"campfire_upgraded":6,"win_rate":0,"timestamp":1555323482,"path_taken":["M","?","?","M","?","E","M","E","T","E","?","R","E","M","R","BOSS","M","?","M","$","M","E","R","E","T","?","$","M","M","E","R","BOSS","M","M","?","$","M","E","$","E","T","E","R","M","E","?","R","BOSS","BOSS","R","$","E","BOSS"],"build_version":"2019-01-23","purchased_purges":4,"victory":true,"max_hp_per_floor":[66,66,66,66,66,66,66,66,66,76,76,76,76,76,76,76,76,76,90,90,90,90,90,90,90,90,90,90,90,90,90,90,90,90,90,90,90,90,90,90,90,92,92,94,94,98,100,106,106,106,106,106,106,106,108,108],"card_choices":[{"not_picked":["Sucker Punch","All Out Attack"],"picked":"Reflex","floor":1.0},{"not_picked":["Outmaneuver","Underhanded Strike","Sucker Punch"],"picked":"SKIP","floor":2.0},{"not_picked":["Backflip","Bouncing Flask","Dodge and Roll"],"picked":"SKIP","floor":4.0},{"not_picked":["PiercingWail","Flechettes","Die Die Die"],"picked":"SKIP","floor":6.0},{"not_picked":["PiercingWail","Die Die Die"],"picked":"Flechettes","floor":6.0},{"not_picked":["Masterful Stab","Well Laid Plans"],"picked":"Concentrate","floor":7.0},{"not_picked":["Underhanded Strike","Sucker Punch","Prepared"],"picked":"SKIP","floor":8.0},{"not_picked":["Dagger Throw","Setup","Noxious Fumes"],"picked":"SKIP","floor":10.0},{"not_picked":["Expertise","Footwork"],"picked":"Calculated Gamble","floor":13.0},{"not_picked":["Setup","Catalyst","PiercingWail"],"picked":"SKIP","floor":14.0},{"not_picked":["Poisoned Stab+1","Underhanded Strike","Finisher"],"picked":"SKIP","floor":18.0},{"not_picked":["Envenom+1","Backflip","Underhanded Strike"],"picked":"SKIP","floor":18.0},{"not_picked":["Dagger Throw+1","Flechettes"],"picked":"Tactician","floor":20.0},{"not_picked":["Bane","Crippling Poison","Blade Dance"],"picked":"SKIP","floor":20.0},{"not_picked":["Outmaneuver","Acrobatics","Noxious Fumes+1"],"picked":"SKIP","floor":22.0},{"not_picked":["Choke","PiercingWail+1","Slice"],"picked":"SKIP","floor":22.0},{"not_picked":["Outmaneuver","Dagger Spray"],"picked":"Footwork+1","floor":23.0},{"not_picked":["Bane","Underhanded Strike","Prepared"],"picked":"SKIP","floor":25.0},{"not_picked":["PiercingWail","Dagger Spray","Bane"],"picked":"SKIP","floor":29.0},{"not_picked":["Acrobatics","Deflect","Dagger Spray"],"picked":"SKIP","floor":29.0},{"not_picked":["Dodge and Roll","Outmaneuver","Phantasmal Killer"],"picked":"SKIP","floor":30.0},{"not_picked":["Cloak And Dagger","Underhanded Strike","Dash+1"],"picked":"SKIP","floor":30.0},{"not_picked":["Acrobatics","Bane","Expertise"],"picked":"SKIP","floor":31.0},{"not_picked":["PiercingWail+1","Poisoned Stab+1","Deflect+1"],"picked":"SKIP","floor":35.0},{"not_picked":["Sucker Punch","Poisoned Stab","Eviscerate+1"],"picked":"SKIP","floor":35.0},{"not_picked":["PiercingWail+1","Poisoned Stab+1","Deflect+1"],"picked":"SKIP","floor":35.0},{"not_picked":["Sucker Punch","Poisoned Stab","Eviscerate+1"],"picked":"SKIP","floor":35.0},{"not_picked":["Sucker Punch","Flying Knee","Expertise+1"],"picked":"SKIP","floor":36.0},{"not_picked":["Predator","Skewer","Dagger Spray"],"picked":"SKIP","floor":36.0},{"not_picked":["Concentrate+1","Reflex+1","Escape Plan+1"],"picked":"SKIP","floor":39},{"not_picked":["Acrobatics+1","Poisoned Stab","Dagger Throw"],"picked":"SKIP","floor":39},{"not_picked":["Poisoned Stab","Acrobatics+1","Underhanded Strike"],"picked":"Singing Bowl","floor":42},{"not_picked":["Slice","Poisoned Stab","Envenom+1"],"picked":"Singing Bowl","floor":44},{"not_picked":["Concentrate+1","Riddle With Holes","Dodge and Roll+1"],"picked":"Singing Bowl","floor":46},{"not_picked":["Underhanded Strike","Acrobatics+1","Leg Sweep+1"],"picked":"Singing Bowl","floor":46},{"not_picked":["Bane+1","PiercingWail+1","Escape Plan+1"],"picked":"Singing Bowl","floor":47},{"not_picked":["Impatience+1","Forethought+1","Dramatic Entrance"],"picked":"Singing Bowl","floor":48},{"not_picked":["Flash of Steel","Mind Blast","Deep Breath+1"],"picked":"Singing Bowl","floor":48},{"not_picked":["Secret Weapon+1","Deep Breath+1","HandOfGreed"],"picked":"Singing Bowl","floor":48},{"not_picked":["Dagger Spray","Envenom+1","Outmaneuver+1"],"picked":"Singing Bowl","floor":55}],"player_experience":1396838,"relics_obtained":[{"floor":6.0,"key":"Old Coin"},{"floor":8.0,"key":"Happy Flower"},{"floor":9.0,"key":"Bag of Preparation"},{"floor":10.0,"key":"Pear"},{"floor":13.0,"key":"Frozen Egg 2"},{"floor":17.0,"key":"Oddly Smooth Stone"},{"floor":17.0,"key":"Darkstone Periapt"},{"floor":17.0,"key":"Prayer Wheel"},{"floor":23.0,"key":"Letter Opener"},{"floor":25.0,"key":"Tiny Chest"},{"floor":26.0,"key":"The Courier"},{"floor":31.0,"key":"Toxic Egg 2"},{"floor":40,"key":"Bottled Flame"},{"floor":42,"key":"Singing Bowl"},{"floor":44,"key":"Ninja Scroll"},{"floor":47,"key":"Juzu Bracelet"},{"floor":55,"key":"The Specimen"}],"event_choices":[{"damage_healed":0.0,"max_hp_gain":0.0,"max_hp_loss":0.0,"gold_gain":0.0,"event_name":"Liars Game","player_choice":"Ignored","floor":3.0,"gold_loss":0.0,"damage_taken":0.0},{"damage_healed":0.0,"max_hp_gain":0.0,"max_hp_loss":0.0,"gold_gain":0.0,"event_name":"Living Wall","player_choice":"Grow","floor":5.0,"gold_loss":0.0,"damage_taken":0.0,"cards_upgraded":["Prepared"]},{"damage_healed":0.0,"max_hp_gain":0.0,"max_hp_loss":0.0,"gold_gain":0.0,"event_name":"Scrap Ooze","player_choice":"Success","floor":11.0,"gold_loss":0.0,"damage_taken":18.0,"relics_obtained":["MawBank"]},{"damage_healed":0.0,"max_hp_gain":0.0,"max_hp_loss":0.0,"gold_gain":0.0,"event_name":"Addict","player_choice":"Obtained Relic","floor":19.0,"gold_loss":85.0,"damage_taken":0.0,"relics_obtained":["Mango"]},{"damage_healed":0.0,"max_hp_gain":0.0,"max_hp_loss":0.0,"gold_gain":0.0,"event_name":"Vampires","player_choice":"Ignored","floor":27.0,"gold_loss":0.0,"damage_taken":0.0},{"damage_healed":18,"gold_gain":0,"player_choice":"Writhe","damage_taken":0,"max_hp_gain":0,"max_hp_loss":0,"event_name":"Winding Halls","floor":37,"gold_loss":0,"cards_obtained":["Writhe"]},{"damage_healed":0,"gold_gain":0,"player_choice":"Memory 3","damage_taken":10,"max_hp_gain":0,"max_hp_loss":0,"event_name":"SensoryStone","floor":48,"gold_loss":0}],"is_beta":false,"boss_relics":[{"not_picked":["Fusion Hammer","Lizard Tail"],"picked":"Calling Bell"},{"not_picked":["Cursed Key","Sozu"],"picked":"Astrolabe"}],"items_purged_floors":[21,28,38,41],"is_endless":false,"potions_floor_spawned":[4,6,10,13,14,18,20,22,29,36,39,40,42,55],"ascension_level":20}