{"gold_per_floor":[109,83,83,48,71,102,102,102,102,127,161,161,196,196,196,196],"floor_reached":16,"playtime":616,"items_purged":[],"score":122,"play_id":"19502972-ae68-45c4-9bc3-e8a826be5152","local_time":"20190408160433","is_ascension_mode":true,"campfire_choices":[{"floor":8,"key":"REST"},{"floor":12,"key":"RECALL"},{"floor":15,"key":"REST"}],"neow_cost":"TEN_PERCENT_HP_LOSS","seed_source_timestamp":233359220450662,"circlet_count":0,"master_deck":["Strike_B","Strike_B","Strike_B","Strike_B","Defend_B+1","Defend_B","Defend_B","Defend_B","Zap+1","Dualcast","Mind Blast","Purity","Reinforced Body","Gash","Leap","Stack","Cold Snap","Hologram","Reinforced Body"],"relics":["Cracked Core","Golden Idol","Bottled Flame","Boot","War Paint"],"potions_floor_usage":[11,11,16],"damage_taken":[{"damage":0,"enemies":"Small Slimes","floor":1,"turns":2},{"damage":6,"enemies":"2 Louse","floor":5,"turns":3},{"damage":36,"enemies":"Gremlin Nob","floor":6,"turns":5},{"damage":6,"enemies":"Jaw Worm","floor":10,"turns":3},{"damage":7,"enemies":"3 Sentries","floor":11,"turns":8},{"damage":28,"enemies":"Gremlin Nob","floor":13,"turns":5},{"damage":25,"enemies":"Slime Boss","floor":16,"turns":3}],"seed_played":"7391270309822093491","potions_obtained":[{"floor":1,"key":"Explosive Potion"},{"floor":10,"key":"Fire Potion"},{"floor":13,"key":"SteroidPotion"}],"is_trial":false,"path_per_floor":["M","$","?","?","M","E","?","R","T","M","E","R","E","?","R","B"],"character_chosen":"DEFECT","items_purchased":["Gash"],"campfire_rested":2,"item_purchase_floors":[2],"current_hp_per_floor":[68,68,51,68,62,26,26,46,46,40,33,33,5,5,25,0],"gold":196,"neow_bonus":"RANDOM_COLORLESS_2","is_prod":false,"is_daily":false,"chose_seed":false,"campfire_upgraded":0,"win_rate":0,"timestamp":1554757473,"path_taken":["M","$","?","?","M","E","?","R","T","?","E","R","E","?","R","BOSS"],"build_version":"2019-01-23","purchased_purges":0,"victory":false,"max_hp_per_floor":[68,68,68,68,68,68,68,68,68,68,68,68,68,68,68,68],"card_choices":[{"not_picked":["Turbo","Steam Power"],"picked":"Reinforced Body","floor":1},{"not_picked":["Beam Cell","Redo"],"picked":"Leap","floor":5},{"not_picked":["Chaos","Doom and Gloom"],"picked":"Stack","floor":6},{"not_picked":["Streamline","Steam"],"picked":"Cold Snap","floor":10},{"not_picked":["Coolheaded","Machine Learning"],"picked":"Hologram","floor":11},{"not_picked":["Coolheaded","Reprogram"],"picked":"Reinforced Body","floor":13}],"player_experience":155137,"relics_obtained":[{"floor":6,"key":"Bottled Flame"},{"floor":11,"key":"Boot"},{"floor":13,"key":"War Paint"}],"event_choices":[{"damage_healed":0,"gold_gain":0,"player_choice":"Take Damage","damage_taken":17,"relics_obtained":["Golden Idol"],"max_hp_gain":0,"max_hp_loss":0,"event_name":"Golden Idol","floor":3,"gold_loss":0},{"damage_healed":17,"gold_gain":0,"player_choice":"Healed","damage_taken":0,"max_hp_gain":0,"max_hp_loss":0,"event_name":"The Cleric","floor":4,"gold_loss":35},{"damage_healed":0,"gold_gain":0,"player_choice":"Ignored","damage_taken":0,"max_hp_gain":0,"max_hp_loss":0,"event_name":"Golden Wing","floor":7,"gold_loss":0},{"damage_healed":0,"gold_gain":0,"player_choice":"Ignored","damage_taken":0,"max_hp_gain":0,"max_hp_loss":0,"event_name":"Shining Light","floor":14,"gold_loss":0}],"is_beta":false,"boss_relics":[],"items_purged_floors":[],"is_endless":false,"potions_floor_spawned":[1,10,13],"killed_by":"Slime Boss","ascension_level":1}