{"gold_per_floor":[112,112,37,57,71,97,117,117,196,215,235,263,116,130,130,234,234,247,41,41,41,41,67,81,81,81,93,109,109,127,127],"floor_reached":31,"playtime":1005,"items_purged":["Bash","Defend_R","Defend_R"],"score":269,"play_id":"096bc93e-197c-442d-828d-c5957e33d281","local_time":"20190322104041","is_ascension_mode":false,"campfire_choices":[{"floor":15,"key":"RECALL"},{"data":"Bloodletting","floor":29,"key":"SMITH"}],"neow_cost":"TEN_PERCENT_HP_LOSS","seed_source_timestamp":219016631912900,"circlet_count":0,"master_deck":["Strike_R","Strike_R","Strike_R+1","Strike_R","Defend_R+1","Perfected Strike","Headbutt","Thunderclap","Armaments","Sword Boomerang","Reaper","Clothesline","Dual Wield","Bloodletting+1","Perfected Strike","Blood for Blood","Brutality","Blood for Blood","Trip","Seeing Red","J.A.X.","Necronomicurse"],"relics":["Burning Blood","Ice Cream","Strawberry","Busted Crown","Red Skull","Necronomicon","Bag of Preparation"],"potions_floor_usage":[6,6,12,23,30,31],"damage_taken":[{"damage":10,"enemies":"Small Slimes","floor":1,"turns":2},{"damage":0,"enemies":"2 Louse","floor":4,"turns":2},{"damage":1,"enemies":"Cultist","floor":5,"turns":3},{"damage":9,"enemies":"3 Sentries","floor":6,"turns":4},{"damage":15,"enemies":"Exordium Thugs","floor":7,"turns":4},{"damage":12,"enemies":"Blue Slaver","floor":10,"turns":3},{"damage":7,"enemies":"2 Fungi Beasts","floor":11,"turns":3},{"damage":26,"enemies":"Lagavulin","floor":12,"turns":4},{"damage":5,"enemies":"3 Louse","floor":14,"turns":3},{"damage":28,"enemies":"Slime Boss","floor":16,"turns":9},{"damage":25,"enemies":"3 Byrds","floor":18,"turns":6},{"damage":44,"enemies":"Slavers","floor":23,"turns":3},{"damage":21,"enemies":"2 Thieves","floor":24,"turns":2},{"damage":18,"enemies":"Sentry and Sphere","floor":27,"turns":3},{"damage":1,"enemies":"Snecko","floor":28,"turns":2},{"damage":23,"enemies":"Shelled Parasite and Fungi","floor":30,"turns":3},{"damage":15,"enemies":"Book of Stabbing","floor":31,"turns":2}],"seed_played":"2719907792096229198","potions_obtained":[{"floor":1,"key":"SteroidPotion"},{"floor":5,"key":"SteroidPotion"},{"floor":11,"key":"AttackPotion"},{"floor":18,"key":"Ancient Potion"},{"floor":23,"key":"Swift Potion"},{"floor":28,"key":"Strength Potion"},{"floor":30,"key":"SteroidPotion"}],"is_trial":false,"path_per_floor":["M","?","$","M","M","E","M","?","T","M","M","E","$","M","R","B",null,"M","$","?","$","?","E","M","?","T","M","M","R","M","E"],"character_chosen":"IRONCLAD","items_purchased":["Perfected Strike","Blood for Blood"],"campfire_rested":0,"item_purchase_floors":[13,19],"current_hp_per_floor":[68,54,54,60,65,62,62,72,72,66,69,56,56,57,57,35,79,72,72,72,72,72,34,39,23,23,25,30,30,13,0],"gold":127,"neow_bonus":"TRANSFORM_TWO_CARDS","is_prod":false,"is_daily":false,"chose_seed":false,"campfire_upgraded":1,"win_rate":0,"timestamp":1553222441,"path_taken":["M","?","$","M","M","E","M","?","T","M","?","E","?","M","R","BOSS","M","$","?","?","?","E","M","?","T","M","M","R","M","E"],"build_version":"2019-01-23","purchased_purges":3,"victory":false,"max_hp_per_floor":[72,72,72,72,72,72,72,72,72,72,72,79,79,79,79,79,79,79,79,79,79,79,79,79,79,79,79,79,79,79,79],"card_choices":[{"not_picked":["Pummel","Pommel Strike"],"picked":"Thunderclap","floor":1},{"not_picked":["Clash","Thunderclap"],"picked":"Armaments","floor":4},{"not_picked":["Spot Weakness","Fiend Fire"],"picked":"Sword Boomerang","floor":5},{"not_picked":["Sentinel","True Grit"],"picked":"Reaper","floor":6},{"not_picked":["Armaments","Havoc","Body Slam"],"picked":"SKIP","floor":7},{"not_picked":["Evolve","Power Through"],"picked":"Clothesline","floor":10},{"not_picked":["Clothesline","Cleave"],"picked":"Dual Wield","floor":11},{"not_picked":["Disarm","Evolve"],"picked":"Bloodletting","floor":12},{"not_picked":["True Grit","Flex"],"picked":"Blood for Blood","floor":14},{"not_picked":["Demon Form","Barricade"],"picked":"Brutality","floor":16},{"not_picked":["Iron Wave"],"picked":"SKIP","floor":18},{"not_picked":["True Grit"],"picked":"SKIP","floor":23},{"not_picked":["Havoc"],"picked":"SKIP","floor":24},{"not_picked":["Clash"],"picked":"SKIP","floor":27},{"not_picked":["Havoc"],"picked":"SKIP","floor":28},{"not_picked":["Wild Strike"],"picked":"SKIP","floor":30}],"player_experience":417702,"relics_obtained":[{"floor":6,"key":"Ice Cream"},{"floor":12,"key":"Strawberry"},{"floor":23,"key":"Red Skull"},{"floor":25,"key":"Necronomicon"},{"floor":26,"key":"Bag of Preparation"}],"event_choices":[{"damage_healed":0,"gold_gain":0,"player_choice":"Entered Light","damage_taken":14,"max_hp_gain":0,"max_hp_loss":0,"event_name":"Shining Light","floor":2,"gold_loss":0,"cards_upgraded":["Defend_R","Strike_R"]},{"damage_healed":10,"gold_gain":0,"player_choice":"Full Heal","damage_taken":0,"max_hp_gain":0,"max_hp_loss":0,"event_name":"Wheel of Change","floor":8,"gold_loss":0},{"damage_healed":0,"gold_gain":0,"player_choice":"2 cards matched","damage_taken":0,"max_hp_gain":0,"max_hp_loss":0,"event_name":"Match and Keep!","floor":20,"gold_loss":0,"cards_obtained":["Trip","Seeing Red"]},{"damage_healed":0,"gold_gain":0,"player_choice":"Obtain J.A.X.","damage_taken":0,"max_hp_gain":0,"max_hp_loss":0,"event_name":"Drug Dealer","floor":22,"gold_loss":0,"cards_obtained":["J.A.X."]},{"damage_healed":0,"gold_gain":0,"player_choice":"Obtained Book","damage_taken":16,"max_hp_gain":0,"max_hp_loss":0,"event_name":"Cursed Tome","floor":25,"gold_loss":0}],"is_beta":false,"boss_relics":[{"not_picked":["Mark of Pain","Sozu"],"picked":"Busted Crown"}],"items_purged_floors":[3,13,19],"is_endless":false,"potions_floor_spawned":[1,5,11,18,23,28,30],"killed_by":"Book of Stabbing","ascension_level":0}