{"gold_per_floor":[114,114,129,144,48,78,78,93,118,148,148,110,140,140,140,240,240,255,255,255,270,270,300,300,315,390,450,450,450,100,115,115,215,215,230,230,0,0,15,45,45,75,75,105,120,135,135,135,135,135],"floor_reached":51,"playtime":4554,"items_purged":["Tempest"],"score":889,"play_id":"95cf7c3f-b3db-4793-95c0-2f7c2b31af0a","local_time":"20181229171902","daily_mods":["SealedDeck","Blue Cards","Elite Swarm"],"is_ascension_mode":false,"campfire_choices":[{"data":"Body Slam","floor":7.0,"key":"SMITH"},{"data":"Body Slam","floor":11.0,"key":"SMITH"},{"floor":15.0,"key":"REST"},{"data":"Seek","floor":24,"key":"SMITH"},{"floor":32,"key":"REST"},{"data":"Body Slam","floor":41,"key":"SMITH"},{"data":"Body Slam","floor":49,"key":"SMITH"}],"neow_cost":"","seed_source_timestamp":0,"circlet_count":0,"master_deck":["Hologram","Hologram","Go for the Eyes","Clothesline","Clothesline","Undo","Conserve Battery","Auto Shields","Body Slam+1","Go for the Eyes","Gash","Body Slam+1","Stack","Streamline","Demon Form","Auto Shields","Seek+1","Double Energy","Clumsy","Barricade","Trip","Creative AI","Ghostly Armor","Cleave","Body Slam+1","Shame","Hyperbeam","Body Slam+1","Hyperbeam","BootSequence+1","Body Slam+1","Impervious","Injury","Machine Learning","Parasite"],"special_seed":17894,"relics":["Burning Blood","CultistMask","Kunai","Juzu Bracelet","Mercury Hourglass","StoneCalendar","Cursed Key","Smiling Mask","Gremlin Horn","Tiny Chest","Calipers","Mark of Pain","Red Mask","Lantern","Art of War","Pear","Bag of Preparation","Paper Frog"],"potions_floor_usage":[23,25,27,33,47,50,50],"damage_taken":[{"damage":0.0,"enemies":"2 Louse","floor":1.0,"turns":4.0},{"damage":0.0,"enemies":"Cultist","floor":3.0,"turns":5.0},{"damage":0.0,"enemies":"Small Slimes","floor":4.0,"turns":4.0},{"damage":34.0,"enemies":"Gremlin Nob","floor":6.0,"turns":6.0},{"damage":0.0,"enemies":"Looter","floor":8.0,"turns":3.0},{"damage":14.0,"enemies":"Lagavulin","floor":10.0,"turns":6.0},{"damage":8.0,"enemies":"Gremlin Nob","floor":13.0,"turns":3.0},{"damage":0.0,"enemies":"Slime Boss","floor":16.0,"turns":7.0},{"damage":7.0,"enemies":"Shell Parasite","floor":18.0,"turns":4.0},{"damage":14,"enemies":"2 Thieves","floor":21,"turns":4},{"damage":8,"enemies":"Book of Stabbing","floor":23,"turns":5},{"damage":20,"enemies":"Sentry and Sphere","floor":25,"turns":6},{"damage":23,"enemies":"Slavers","floor":27,"turns":6},{"damage":0,"enemies":"Chosen and Byrds","floor":31,"turns":5},{"damage":1,"enemies":"Collector","floor":33,"turns":9},{"damage":3,"enemies":"Orb Walker","floor":35,"turns":2},{"damage":0,"enemies":"3 Darklings","floor":39,"turns":4},{"damage":0,"enemies":"Giant Head","floor":40,"turns":7},{"damage":21,"enemies":"Nemesis","floor":42,"turns":11},{"damage":8,"enemies":"Reptomancer","floor":44,"turns":5},{"damage":0,"enemies":"Jaw Worm Horde","floor":45,"turns":2},{"damage":0,"enemies":"Spire Growth","floor":46,"turns":4},{"damage":32,"enemies":"Awakened One","floor":50,"turns":9}],"seed_played":"-4967362321938783181","potions_obtained":[{"floor":1.0,"key":"FearPotion"},{"floor":6.0,"key":"Fire Potion"},{"floor":10.0,"key":"GamblersBrew"},{"floor":21,"key":"Block Potion"},{"floor":23,"key":"Weak Potion"},{"floor":39,"key":"SpeedPotion"},{"floor":40,"key":"Swift Potion"},{"floor":45,"key":"Fruit Juice"}],"is_trial":false,"path_per_floor":["M","?","M","M","$","E","R","M","T","E","R","$","E","?","R","B",null,"M","?","?","M","?","E","R","M","T","E","?","?","$","M","R","B",null,"M","?","?","?","M","E","R","E","T","E","M","M","T","?","R","B",null],"character_chosen":"IRONCLAD","items_purchased":["Body Slam","Stack","Auto Shields","Calipers"],"campfire_rested":2,"item_purchase_floors":[5,5,12,30],"current_hp_per_floor":[80,80,80,80,80,52,52,58,58,50,50,50,48,48,72,78,80,79,79,79,71,71,69,69,55,55,38,38,38,38,44,68,73,80,80,80,80,80,80,80,80,65,75,73,79,85,90,90,90,64],"gold":135,"neow_bonus":"","is_prod":false,"is_daily":true,"chose_seed":false,"campfire_upgraded":5,"win_rate":0,"timestamp":1546121942,"path_taken":["M","?","M","?","?","E","R","M","T","E","R","$","E","?","R","BOSS","M","?","?","M","?","E","R","M","T","E","?","?","$","M","R","BOSS","M","?","?","?","M","E","R","E","T","E","M","M","?","?","R","BOSS"],"build_version":"2018-12-20","purchased_purges":1,"victory":true,"max_hp_per_floor":[80,80,80,80,80,80,80,80,80,80,80,80,80,80,80,80,80,80,80,80,80,80,80,80,80,80,80,80,80,80,80,80,80,80,80,80,80,80,80,80,80,80,90,90,90,90,95,90,90,90],"card_choices":[{"not_picked":["Storm","Scrape"],"picked":"Go for the Eyes","floor":1.0},{"not_picked":["True Grit","Go for the Eyes"],"picked":"Evolve","floor":3.0},{"not_picked":["Cleave","Beam Cell"],"picked":"Gash","floor":4.0},{"not_picked":["Offering","Berserk","Juggernaut"],"picked":"SKIP","floor":6.0},{"not_picked":["Steam","Disarm"],"picked":"Streamline","floor":8.0},{"not_picked":["Buffer","All For One"],"picked":"Demon Form","floor":10.0},{"not_picked":["Dark Embrace","Fission"],"picked":"Seek","floor":13.0},{"not_picked":["Thunder Strike","Core Surge"],"picked":"Creative AI","floor":16.0},{"not_picked":["Doom and Gloom","Steam Power+1","Barrage+1"],"picked":"SKIP","floor":18.0},{"not_picked":["Infernal Blade","Headbutt+1"],"picked":"Body Slam+1","floor":21},{"not_picked":["Berserk","Core Surge","Biased Cognition"],"picked":"SKIP","floor":23},{"not_picked":["Clash","Cleave","Bloodletting"],"picked":"SKIP","floor":25},{"not_picked":["Seek","Juggernaut"],"picked":"Hyperbeam","floor":27},{"not_picked":["Streamline+1","Static Discharge"],"picked":"Body Slam","floor":31},{"not_picked":["Feed","Fiend Fire"],"picked":"Hyperbeam","floor":33},{"not_picked":["Fusion+1","Sword Boomerang+1"],"picked":"BootSequence+1","floor":35},{"not_picked":["Swift Strike","Trip"],"picked":"Master of Strategy","floor":36},{"not_picked":["Disarm+1","Battle Trance+1"],"picked":"Body Slam","floor":39},{"not_picked":["Electrodynamics","Meteor Strike"],"picked":"Impervious","floor":40},{"not_picked":["Fission","Demon Form","Berserk"],"picked":"SKIP","floor":42},{"not_picked":["Reaper","Dark Embrace"],"picked":"Machine Learning","floor":44},{"not_picked":["Fusion+1","Havoc+1","Iron Wave+1"],"picked":"SKIP","floor":45},{"not_picked":["Static Discharge","Flex","Havoc"],"picked":"SKIP","floor":46}],"player_experience":73248,"relics_obtained":[{"floor":6.0,"key":"Kunai"},{"floor":9.0,"key":"Juzu Bracelet"},{"floor":10.0,"key":"Mercury Hourglass"},{"floor":13.0,"key":"StoneCalendar"},{"floor":23,"key":"Smiling Mask"},{"floor":26,"key":"Gremlin Horn"},{"floor":27,"key":"Tiny Chest"},{"floor":40,"key":"Lantern"},{"floor":42,"key":"Art of War"},{"floor":43,"key":"Pear"},{"floor":44,"key":"Bag of Preparation"},{"floor":47,"key":"Paper Frog"}],"event_choices":[{"damage_healed":0.0,"max_hp_gain":0.0,"max_hp_loss":0.0,"gold_gain":0.0,"event_name":"FaceTrader","player_choice":"Trade","floor":2.0,"gold_loss":0.0,"damage_taken":0.0,"relics_obtained":["CultistMask"]},{"damage_healed":0.0,"max_hp_gain":0.0,"max_hp_loss":0.0,"gold_gain":0.0,"event_name":"Match and Keep!","player_choice":"4 cards matched","floor":14.0,"gold_loss":0.0,"damage_taken":0.0,"cards_obtained":["Double Energy","Clumsy","Barricade","Trip"]},{"damage_healed":0,"gold_gain":0,"player_choice":"Read","damage_taken":0,"max_hp_gain":0,"max_hp_loss":0,"event_name":"The Library","floor":19,"gold_loss":0,"cards_obtained":["Ghostly Armor"]},{"damage_healed":0,"gold_gain":0,"cards_transformed":["Evolve"],"player_choice":"Transformed","damage_taken":0,"max_hp_gain":0,"max_hp_loss":0,"event_name":"Transmorgrifier","floor":20,"gold_loss":0,"cards_obtained":["Cleave"]},{"damage_healed":0,"gold_gain":0,"player_choice":"Bought 0 Potions","damage_taken":0,"max_hp_gain":0,"max_hp_loss":0,"event_name":"The Woman in Blue","floor":22,"gold_loss":0},{"damage_healed":0,"gold_gain":0,"player_choice":"Ignored","damage_taken":0,"max_hp_gain":0,"max_hp_loss":0,"event_name":"Vampires","floor":28,"gold_loss":0},{"damage_healed":0,"gold_gain":0,"player_choice":"Ignored","damage_taken":0,"max_hp_gain":0,"max_hp_loss":0,"event_name":"Ghosts","floor":29,"gold_loss":0},{"damage_healed":0,"gold_gain":0,"player_choice":"Memory 1","damage_taken":0,"max_hp_gain":0,"max_hp_loss":0,"event_name":"SensoryStone","floor":36,"gold_loss":0},{"damage_healed":0,"gold_gain":0,"player_choice":"Paid","damage_taken":0,"relics_obtained":["Red Mask"],"max_hp_gain":0,"max_hp_loss":0,"event_name":"Tomb of Lord Red Mask","floor":37,"gold_loss":230},{"cards_removed":["Master of Strategy"],"damage_healed":0,"gold_gain":0,"player_choice":"Removed Skill","damage_taken":0,"max_hp_gain":0,"max_hp_loss":0,"event_name":"Falling","floor":38,"gold_loss":0},{"damage_healed":0,"gold_gain":0,"player_choice":"Max HP","damage_taken":0,"max_hp_gain":0,"max_hp_loss":5,"event_name":"Winding Halls","floor":48,"gold_loss":0}],"is_beta":false,"boss_relics":[{"not_picked":["Busted Crown","Calling Bell"],"picked":"Cursed Key"},{"not_picked":["Fusion Hammer","Snecko Eye"],"picked":"Mark of Pain"}],"items_purged_floors":[30],"is_endless":false,"potions_floor_spawned":[1,6,10,21,23,39,40,45,46],"ascension_level":0}