{"gold_per_floor":[117,137,48,48,123,151,151,151,175,175,185,199,199,199],"floor_reached":14,"playtime":297,"items_purged":[],"score":226,"play_id":"abb5fe36-230d-4d4b-b567-df70f2e45a62","local_time":"20190415142055","is_ascension_mode":true,"campfire_choices":[{"data":"Neutralize","floor":10,"key":"SMITH"},{"data":"Predator","floor":13,"key":"SMITH"}],"neow_cost":"NONE","seed_source_timestamp":420117529590244,"circlet_count":0,"master_deck":["AscendersBane","Defend_G","Defend_G","Defend_G","Defend_G","Defend_G","Strike_G","Strike_G","Strike_G","Strike_G","Strike_G","Survivor","Neutralize+1","Predator+1","Poisoned Stab","Malaise+1","Choke","Deadly Poison"],"relics":["Ring of the Snake","NeowsBlessing","Dodecahedron","Kunai","PreservedInsect"],"potions_floor_usage":[],"damage_taken":[{"damage":0,"enemies":"Cultist","floor":1,"turns":1},{"damage":0,"enemies":"2 Louse","floor":2,"turns":1},{"damage":0,"enemies":"Gremlin Nob","floor":6,"turns":1},{"damage":10,"enemies":"Small Slimes","floor":11,"turns":4},{"damage":8,"enemies":"2 Fungi Beasts","floor":12,"turns":4},{"damage":0,"enemies":"Exordium Wildlife","floor":14,"turns":1}],"seed_played":"-2004308752822073112","potions_obtained":[{"floor":2,"key":"FearPotion"}],"is_trial":false,"path_per_floor":["M","M","$","?","?","E","$","?","T","R","M","M","R","M"],"character_chosen":"THE_SILENT","items_purchased":["Malaise"],"campfire_rested":0,"item_purchase_floors":[3],"current_hp_per_floor":[59,59,59,59,48,48,48,48,48,48,38,30,30,30],"gold":199,"neow_bonus":"THREE_ENEMY_KILL","is_prod":false,"is_daily":false,"chose_seed":false,"campfire_upgraded":2,"win_rate":0,"timestamp":1555352455,"path_taken":["M","M","$","?","?","E","$","?","T","R","M","M","R","M"],"build_version":"2019-01-23","purchased_purges":0,"victory":false,"max_hp_per_floor":[66,66,66,66,66,66,66,66,66,66,66,66,66,66],"card_choices":[{"not_picked":["Bane","Slice"],"picked":"Predator","floor":1},{"not_picked":["Backflip","Prepared"],"picked":"Poisoned Stab","floor":2},{"not_picked":["Poisoned Stab","Accuracy","Predator"],"picked":"SKIP","floor":6},{"not_picked":["Outmaneuver","Tactician"],"picked":"Choke","floor":11},{"not_picked":["Dagger Throw","Backflip"],"picked":"Deadly Poison","floor":12}],"player_experience":895820,"relics_obtained":[{"floor":6,"key":"Dodecahedron"},{"floor":9,"key":"PreservedInsect"}],"event_choices":[{"damage_healed":0,"gold_gain":0,"player_choice":"Grow","damage_taken":0,"max_hp_gain":0,"max_hp_loss":0,"event_name":"Living Wall","floor":4,"gold_loss":0,"cards_upgraded":["Malaise"]},{"damage_healed":0,"gold_gain":75,"player_choice":"Gather Gold","damage_taken":11,"max_hp_gain":0,"max_hp_loss":0,"event_name":"World of Goop","floor":5,"gold_loss":0},{"damage_healed":0,"gold_gain":0,"player_choice":"Searched \u00271\u0027 times","damage_taken":0,"relics_obtained":["Kunai"],"max_hp_gain":0,"max_hp_loss":0,"event_name":"Dead Adventurer","floor":8,"gold_loss":0}],"is_beta":false,"boss_relics":[],"items_purged_floors":[],"is_endless":false,"potions_floor_spawned":[2],"killed_by":"Exordium Wildlife","ascension_level":20}