{"gold_per_floor":[109,84,84,84,104,29,56,56,110,110,124,124,124,136,136,213,213,229,62,80,80,90,90,102,159,182,182,198,198,217,128,128,199,199,212,122,140,60,71,71,84,84,159,159,159,0,12,12,12,12],"floor_reached":51,"playtime":1227,"items_purged":["Regret"],"score":1210,"play_id":"ce22d50d-069b-4ff3-b46e-171054f4b9c8","local_time":"20181122101204","is_ascension_mode":true,"campfire_choices":[{"data":"Anger","floor":8.0,"key":"SMITH"},{"data":"Flex","floor":10.0,"key":"SMITH"},{"data":"Shockwave","floor":12.0,"key":"SMITH"},{"data":"Spot Weakness","floor":15.0,"key":"SMITH"},{"data":"Whirlwind","floor":23.0,"key":"SMITH"},{"data":"RitualDagger","floor":27.0,"key":"SMITH"},{"data":"Pummel","floor":29.0,"key":"SMITH"},{"floor":32.0,"key":"REST"},{"data":"Double Tap","floor":40.0,"key":"SMITH"},{"data":"Offering","floor":42.0,"key":"SMITH"},{"data":"Spot Weakness","floor":44.0,"key":"SMITH"},{"floor":49.0,"key":"REST"}],"neow_cost":"NONE","seed_source_timestamp":0,"circlet_count":0,"master_deck":["AscendersBane","Strike_R","Defend_R","Defend_R+1","Defend_R+1","Defend_R","Bash","Impatience","Anger+1","Cleave","Flex+1","Shockwave+1","Spot Weakness+1","Offering+1","Flex+1","Immolate+1","Flame Barrier+1","Flex+1","RitualDagger+1","Whirlwind+1","Warcry+1","Pummel+1","Dual Wield","Spot Weakness+1","Double Tap+1","Sword Boomerang+1","Pummel","Corruption"],"special_seed":0,"relics":["Burning Blood","Champion Belt","Letter Opener","War Paint","Lantern","Astrolabe","Vajra","Tiny Chest","Ancient Tea Set","Busted Crown","Kunai","Red Mask"],"potions_floor_usage":[50,50],"damage_taken":[{"damage":12.0,"enemies":"Cultist","floor":1.0,"turns":4.0},{"damage":9.0,"enemies":"Small Slimes","floor":5.0,"turns":3.0},{"damage":30.0,"enemies":"Lagavulin","floor":7.0,"turns":7.0},{"damage":6.0,"enemies":"2 Louse","floor":11.0,"turns":3.0},{"damage":1.0,"enemies":"Blue Slaver","floor":14.0,"turns":2.0},{"damage":34.0,"enemies":"Hexaghost","floor":16.0,"turns":9.0},{"damage":13.0,"enemies":"Shell Parasite","floor":18.0,"turns":2.0},{"damage":0.0,"enemies":"3 Byrds","floor":20.0,"turns":2.0},{"damage":8.0,"enemies":"Centurion and Healer","floor":22.0,"turns":3.0},{"damage":6.0,"enemies":"Snake Plant","floor":24.0,"turns":2.0},{"damage":6.0,"enemies":"Sentry and Sphere","floor":28.0,"turns":3.0},{"damage":6.0,"enemies":"Cultist and Chosen","floor":30.0,"turns":1.0},{"damage":28.0,"enemies":"Automaton","floor":33.0,"turns":4.0},{"damage":6.0,"enemies":"Orb Walker","floor":35.0,"turns":1.0},{"damage":0.0,"enemies":"3 Darklings","floor":37.0,"turns":1.0},{"damage":18.0,"enemies":"Sphere and 2 Shapes","floor":39.0,"turns":4.0},{"damage":15.0,"enemies":"Transient","floor":41.0,"turns":6.0},{"damage":6.0,"enemies":"3 Darklings","floor":47.0,"turns":2.0},{"damage":43,"enemies":"Donu and Deca","floor":50,"turns":3}],"seed_played":"-715970732614508557","potions_obtained":[{"floor":7.0,"key":"SpeedPotion"},{"floor":16.0,"key":"Strength Potion"},{"floor":22.0,"key":"BloodPotion"},{"floor":35.0,"key":"SteroidPotion"},{"floor":39.0,"key":"Ancient Potion"},{"floor":41.0,"key":"Poison Potion"},{"floor":47.0,"key":"GamblersBrew"}],"is_trial":false,"path_per_floor":["M","$","?","?","M","$","E","R","T","R","M","R","?","M","R","B",null,"M","$","M","?","M","R","M","T","T","R","M","R","M","$","R","B",null,"M","$","M","$","M","R","M","R","T","R","?","?","M","?","R","B",null],"character_chosen":"IRONCLAD","items_purchased":["Cleave","Vajra","Spot Weakness","Pummel","Corruption"],"campfire_rested":2,"item_purchase_floors":[2,19,31,36,38],"current_hp_per_floor":[62,62,62,62,59,59,35,35,35,35,35,35,35,40,40,12,59,52,52,58,52,50,50,50,50,50,50,50,50,50,50,72,50,69,69,69,75,75,70,70,61,61,61,61,61,61,61,61,71,34],"gold":12,"neow_bonus":"RANDOM_COLORLESS","is_prod":false,"is_daily":false,"chose_seed":false,"campfire_upgraded":10,"win_rate":0,"timestamp":1542899524,"path_taken":["M","$","?","?","M","$","E","R","T","R","M","R","?","M","R","BOSS","M","$","M","?","M","R","M","?","T","R","M","R","M","$","R","BOSS","M","$","M","$","M","R","M","R","T","R","?","?","M","?","R","BOSS"],"build_version":"2018-11-15","purchased_purges":1,"victory":true,"max_hp_per_floor":[75,75,75,75,75,75,75,75,75,75,75,75,75,75,75,75,75,75,75,75,75,75,75,75,75,75,75,75,75,75,75,75,75,75,75,75,75,75,75,75,75,75,75,75,71,71,71,71,71,71],"card_choices":[{"not_picked":["Shrug It Off","Headbutt"],"picked":"Anger","floor":1.0},{"not_picked":["Hemokinesis","Seeing Red"],"picked":"Flex","floor":5.0},{"not_picked":["Cleave","Warcry","Entrench"],"picked":"SKIP","floor":7.0},{"not_picked":["Perfected Strike","Berserk"],"picked":"Shockwave","floor":11.0},{"not_picked":["Havoc","Entrench"],"picked":"Spot Weakness","floor":14.0},{"not_picked":["Immolate","Impervious"],"picked":"Offering","floor":16.0},{"not_picked":["Rampage","Sever Soul+1"],"picked":"Flex+1","floor":18.0},{"not_picked":["Disarm","Pommel Strike","Clothesline"],"picked":"SKIP","floor":20.0},{"not_picked":["Battle Trance","Iron Wave"],"picked":"Whirlwind","floor":22.0},{"not_picked":["Shrug It Off","Ghostly Armor"],"picked":"Warcry+1","floor":24.0},{"not_picked":["Rupture","Second Wind"],"picked":"Pummel","floor":28.0},{"not_picked":["Cleave","Carnage"],"picked":"Dual Wield","floor":30.0},{"not_picked":["Juggernaut","Fiend Fire"],"picked":"Double Tap","floor":33.0},{"not_picked":[],"picked":"Sword Boomerang+1","floor":35.0},{"not_picked":["Intimidate+1"],"picked":"SKIP","floor":37.0},{"not_picked":["Wild Strike"],"picked":"SKIP","floor":39.0},{"not_picked":["Body Slam"],"picked":"SKIP","floor":41.0},{"not_picked":["Sword Boomerang+1"],"picked":"SKIP","floor":47.0}],"player_experience":764976,"relics_obtained":[{"floor":7.0,"key":"Letter Opener"},{"floor":9.0,"key":"War Paint"},{"floor":25.0,"key":"Tiny Chest"},{"floor":26.0,"key":"Ancient Tea Set"},{"floor":43.0,"key":"Kunai"}],"event_choices":[{"damage_healed":0.0,"max_hp_gain":0.0,"max_hp_loss":0.0,"gold_gain":0.0,"event_name":"Scrap Ooze","player_choice":"Fled","floor":3.0,"gold_loss":0.0,"damage_taken":0.0},{"damage_healed":0.0,"max_hp_gain":0.0,"max_hp_loss":0.0,"gold_gain":0.0,"event_name":"Big Fish","player_choice":"Box","floor":4.0,"gold_loss":0.0,"damage_taken":0.0,"relics_obtained":["Champion Belt"],"cards_obtained":["Regret"]},{"damage_healed":0.0,"max_hp_gain":0.0,"max_hp_loss":0.0,"gold_gain":0.0,"event_name":"Dead Adventurer","player_choice":"Searched \u00271\u0027 times","floor":13.0,"gold_loss":0.0,"damage_taken":0.0,"relics_obtained":["Lantern"]},{"damage_healed":0.0,"max_hp_gain":0.0,"max_hp_loss":0.0,"gold_gain":0.0,"event_name":"Nest","player_choice":"Joined the Cult","floor":21.0,"gold_loss":0.0,"damage_taken":6.0,"cards_obtained":["RitualDagger"]},{"damage_healed":0.0,"max_hp_gain":0.0,"max_hp_loss":4.0,"gold_gain":0.0,"event_name":"Winding Halls","player_choice":"Max HP","floor":45.0,"gold_loss":0.0,"damage_taken":0.0},{"damage_healed":0.0,"max_hp_gain":0.0,"max_hp_loss":0.0,"gold_gain":0.0,"event_name":"Tomb of Lord Red Mask","player_choice":"Paid","floor":46.0,"gold_loss":159.0,"damage_taken":0.0,"relics_obtained":["Red Mask"]},{"cards_removed":["Strike_R"],"damage_healed":0.0,"max_hp_gain":0.0,"max_hp_loss":0.0,"gold_gain":0.0,"event_name":"Falling","player_choice":"Removed Attack","floor":48.0,"gold_loss":0.0,"damage_taken":0.0}],"is_beta":false,"boss_relics":[{"not_picked":["Mark of Pain","Coffee Dripper"],"picked":"Astrolabe"},{"not_picked":["Lizard Tail","Snecko Eye"],"picked":"Busted Crown"}],"items_purged_floors":[6],"is_endless":false,"potions_floor_spawned":[7,16,20,22,24,35,39,41,47],"ascension_level":19}