{"path_per_floor":["M","$","M","$","?","R","E","R","T","M","M","?","M","M","R","B",null,"M","?","M","M"],"character_chosen":"DEFECT","items_purchased":["Symbiotic Virus","Capacitor"],"gold_per_floor":[367,40,55,29,29,29,62,62,109,128,140,140,158,172,172,270,270,280,305,323,336,336],"floor_reached":22,"campfire_rested":1,"playtime":966,"current_hp_per_floor":[71,71,70,70,70,70,54,54,54,48,35,35,23,11,33,9,75,53,44,17,8,0],"items_purged":["Decay"],"gold":336,"score":188,"play_id":"b2a75b12-9688-40cf-a392-28d75c0cd125","local_time":"20180502190251","is_prod":false,"is_daily":false,"chose_seed":false,"is_ascension_mode":false,"campfire_upgraded":2,"timestamp":1525302171,"path_taken":["M","$","M","$","?","R","E","R","T","?","M","?","M","M","R","BOSS","M","?","M","M","M"],"build_version":"2018-05-01v2","seed_source_timestamp":0,"purchased_purges":1,"victory":false,"master_deck":["Strike_B","Strike_B","Strike_B","Defend_B","Defend_B","Defend_B+1","Defend_B+1","Zap+1","Dualcast+1","Streamline","Doom and Gloom","Capacitor","Machine Learning+1","Rebound","Rebound","Chaos","Stack","Rainbow","Axe Kick+1","Steam Power+1","Impulse","Beam Cell+1"],"max_hp_per_floor":[75,75,75,75,75,75,75,75,75,75,75,75,75,75,75,75,75,75,75,75,75,75],"relics":["Cracked Core","Symbiotic Virus","Question Card","War Paint","Inserter","Red Mask"],"card_choices":[{"not_picked":["Loop","Storm"],"picked":"Streamline","floor":1.0},{"not_picked":["Sweeping Beam","Buffer"],"picked":"Doom and Gloom","floor":3.0},{"not_picked":["Impulse","Lockon"],"picked":"Machine Learning","floor":7.0},{"not_picked":["Undo","Beam Cell","Hello World"],"picked":"Rebound","floor":10.0},{"not_picked":["Auto Shields","Impulse","Consume"],"picked":"Rebound","floor":11.0},{"not_picked":["Cold Snap","Force Field","Leap"],"picked":"Chaos","floor":13.0},{"not_picked":["Axe Kick","Impulse","Lockon"],"picked":"Stack","floor":14.0},{"not_picked":["Echo Form","Machine Learning","All For One"],"picked":"Rainbow","floor":16.0},{"not_picked":["Ball Lightning","Cold Snap","Capacitor"],"picked":"Axe Kick","floor":18.0},{"not_picked":["Blizzard","Tempest","Stack"],"picked":"Steam Power","floor":19.0},{"not_picked":["Reprogram","Sweeping Beam","Streamline"],"picked":"Impulse","floor":20},{"not_picked":["Streamline","Turbo","Double Energy"],"picked":"Beam Cell","floor":21}],"player_experience":36666,"potions_floor_usage":[21,22,22],"damage_taken":[{"damage":4.0,"enemies":"2 Louse","floor":1.0,"turns":3.0},{"damage":1.0,"enemies":"Cultist","floor":3.0,"turns":3.0},{"damage":16.0,"enemies":"Lagavulin","floor":7.0,"turns":4.0},{"damage":6.0,"enemies":"Jaw Worm","floor":10.0,"turns":4.0},{"damage":13.0,"enemies":"Red Slaver","floor":11.0,"turns":3.0},{"damage":12.0,"enemies":"Exordium Wildlife","floor":13.0,"turns":3.0},{"damage":12.0,"enemies":"Exordium Thugs","floor":14.0,"turns":4.0},{"damage":24.0,"enemies":"The Guardian","floor":16.0,"turns":10.0},{"damage":22.0,"enemies":"3 Byrds","floor":18.0,"turns":6.0},{"damage":9.0,"enemies":"Masked Bandits","floor":19.0,"turns":3.0},{"damage":27.0,"enemies":"Chosen","floor":20.0,"turns":5.0},{"damage":9,"enemies":"3 Cultists","floor":21,"turns":5},{"damage":20,"enemies":"Slaver and Parasite","floor":22,"turns":3}],"event_choices":[{"event_name":"Bonfire Elementals","player_choice":"BASIC","floor":5.0,"damage_taken":0.0},{"event_name":"Upgrade Shrine","player_choice":"Upgraded","floor":12.0,"damage_taken":0.0},{"event_name":"Masked Bandits","player_choice":"Fought over 280 gold","floor":19.0,"damage_taken":0.0}],"boss_relics":[],"potions_floor_spawned":[3,7,10,14,16,18,20,21],"seed_played":"-8342241388942946651","killed_by":"Slaver and Parasite","ascension_level":0,"is_trial":false}