{"gold_per_floor":[118,118,137,147,72,72,97,77,77,88,88,102,135,148,148,226,226,240,240,240,254,269,269,297,118,118,68,87,20,20,30,30,109,109,129,142,197,34,54,54,84,84,84,84,94,316,316,416,416,416,416,416,127,156,156],"floor_reached":56,"playtime":1958,"items_purged":["Strike_R","Pain","Strike_R"],"score":2105,"play_id":"e6c1f566-ef91-4c7e-ada4-aaea99c51842","local_time":"20190306153852","is_ascension_mode":true,"campfire_choices":[{"data":"Pommel Strike","floor":6.0,"key":"SMITH"},{"data":"Carnage","floor":11.0,"key":"SMITH"},{"data":"True Grit","floor":15.0,"key":"SMITH"},{"data":"Barricade","floor":23,"key":"SMITH"},{"floor":30,"key":"REST"},{"data":"Entrench","floor":32,"key":"SMITH"},{"data":"Offering","floor":40,"key":"SMITH"},{"floor":47,"key":"RECALL"},{"data":"Burning Pact","floor":49,"key":"SMITH"},{"data":"Feel No Pain","floor":52,"key":"SMITH"}],"neow_cost":"NONE","seed_source_timestamp":332594554547134,"circlet_count":0,"master_deck":["AscendersBane","Strike_R","Strike_R","Strike_R","Defend_R","Defend_R","Defend_R","Bash","Pommel Strike+1","Impervious","Carnage+1","Second Wind","True Grit+1","Barricade+1","Body Slam","Entrench+1","Power Through","Evolve","Offering+1","Burning Pact+1","Feel No Pain+1"],"special_seed":0,"relics":["Burning Blood","NeowsBlessing","Bottled Flame","Oddly Smooth Stone","Strawberry","Philosopher\u0027s Stone","WarpedTongs","Red Mask","Matryoshka","Runic Pyramid","Unceasing Top","Charon\u0027s Ashes","Bronze Scales","Du-Vu Doll","Pantograph","Pocketwatch"],"potions_floor_usage":[24,55,55],"damage_taken":[{"damage":0.0,"enemies":"Jaw Worm","floor":1.0,"turns":1.0},{"damage":0.0,"enemies":"Cultist","floor":3.0,"turns":1.0},{"damage":0.0,"enemies":"2 Louse","floor":4.0,"turns":1.0},{"damage":36.0,"enemies":"Lagavulin","floor":7.0,"turns":4.0},{"damage":0.0,"enemies":"Large Slime","floor":10.0,"turns":4.0},{"damage":22.0,"enemies":"Lots of Slimes","floor":12.0,"turns":5.0},{"damage":22.0,"enemies":"3 Sentries","floor":13.0,"turns":7.0},{"damage":9.0,"enemies":"2 Fungi Beasts","floor":14.0,"turns":4.0},{"damage":24.0,"enemies":"Hexaghost","floor":16.0,"turns":10.0},{"damage":6,"enemies":"Spheric Guardian","floor":18,"turns":3},{"damage":10,"enemies":"2 Thieves","floor":21,"turns":3},{"damage":4,"enemies":"Cultist and Chosen","floor":22,"turns":7},{"damage":55,"enemies":"Masked Bandits","floor":24,"turns":6},{"damage":6,"enemies":"Chosen and Byrds","floor":28,"turns":8},{"damage":9,"enemies":"Centurion and Healer","floor":31,"turns":6},{"damage":8,"enemies":"Champ","floor":33,"turns":9},{"damage":6,"enemies":"3 Darklings","floor":35,"turns":8},{"damage":6,"enemies":"3 Shapes","floor":36,"turns":4},{"damage":12,"enemies":"2 Orb Walkers","floor":37,"turns":6},{"damage":6,"enemies":"3 Darklings","floor":39,"turns":8},{"damage":16,"enemies":"Reptomancer","floor":41,"turns":6},{"damage":0,"enemies":"Writhing Mass","floor":45,"turns":6},{"damage":0,"enemies":"Mind Bloom Boss Battle","floor":48,"turns":3},{"damage":7,"enemies":"Awakened One","floor":50,"turns":7},{"damage":6,"enemies":"Shield and Spear","floor":54,"turns":5},{"damage":6,"enemies":"The Heart","floor":55,"turns":6}],"seed_played":"-2088217388121360095","potions_obtained":[{"floor":2.0,"key":"Fruit Juice"},{"floor":2.0,"key":"Energy Potion"},{"floor":3.0,"key":"SkillPotion"},{"floor":7.0,"key":"Block Potion"},{"floor":8.0,"key":"EssenceOfSteel"},{"floor":16.0,"key":"SpeedPotion"},{"floor":18,"key":"Strength Potion"},{"floor":31,"key":"FearPotion"},{"floor":48,"key":"Dexterity Potion"}],"is_trial":false,"path_per_floor":["M","?","M","M","$","R","E","?","T","M","R","M","E","M","R","B",null,"M","?","?","M","M","R","?","$","T","?","M","$","R","M","R","B",null,"M","M","?","$","M","R","E","?","T","?","M","?","R","?","R","B",null,"R","$","E","B",null],"character_chosen":"IRONCLAD","items_purchased":["Entrench","Evolve","Feel No Pain","Swift Potion","Pantograph"],"campfire_rested":1,"item_purchase_floors":[25,29,38,53,53],"current_hp_per_floor":[74,79,80,80,80,80,50,50,50,56,56,40,31,28,28,10,68,68,68,68,64,66,66,17,17,17,17,17,17,43,40,40,38,75,75,75,69,69,69,69,59,59,59,59,65,65,65,71,71,70,83,83,83,83,87],"gold":156,"neow_bonus":"THREE_ENEMY_KILL","is_prod":false,"is_daily":false,"chose_seed":false,"campfire_upgraded":8,"win_rate":0,"timestamp":1551857932,"path_taken":["M","?","?","M","$","R","E","?","T","?","R","M","E","M","R","BOSS","M","?","?","M","?","R","?","$","T","?","M","$","R","M","R","BOSS","M","M","?","$","M","R","E","?","T","?","?","?","R","?","R","BOSS","R","$","E","BOSS"],"build_version":"2019-01-23","purchased_purges":3,"victory":true,"max_hp_per_floor":[75,80,80,80,80,80,80,80,80,80,80,80,87,87,87,87,87,87,87,87,87,87,87,87,87,87,87,87,87,87,87,87,87,87,87,87,87,87,87,87,87,87,87,87,87,87,87,87,87,87,87,87,87,87,87],"card_choices":[{"not_picked":["Twin Strike","Clash","Pommel Strike"],"picked":"SKIP","floor":1.0},{"not_picked":["Cleave","Warcry","Pummel"],"picked":"SKIP","floor":3.0},{"not_picked":["Corruption","Clothesline"],"picked":"Pommel Strike","floor":4.0},{"not_picked":["Clothesline","Clash"],"picked":"Impervious","floor":7.0},{"not_picked":["Bloodletting","Armaments"],"picked":"Carnage","floor":10.0},{"not_picked":["Sword Boomerang","Shrug It Off"],"picked":"Second Wind","floor":12.0},{"not_picked":["Perfected Strike","Havoc","Clash"],"picked":"SKIP","floor":13.0},{"not_picked":["Whirlwind","Ghostly Armor"],"picked":"True Grit","floor":14.0},{"not_picked":["Double Tap","Offering"],"picked":"Barricade","floor":16.0},{"not_picked":["Twin Strike","Infernal Blade"],"picked":"Body Slam","floor":18},{"not_picked":["Cleave","Uppercut","Body Slam"],"picked":"SKIP","floor":21},{"not_picked":["Iron Wave","Flame Barrier","Shockwave"],"picked":"SKIP","floor":22},{"not_picked":["Body Slam","Havoc"],"picked":"Power Through","floor":28},{"not_picked":["Headbutt","Rampage+1","Flame Barrier"],"picked":"SKIP","floor":31},{"not_picked":["Reaper","Berserk"],"picked":"Offering","floor":33},{"not_picked":["Thunderclap+1","Twin Strike","Headbutt+1"],"picked":"SKIP","floor":35},{"not_picked":["Ghostly Armor","Pommel Strike"],"picked":"Burning Pact","floor":36},{"not_picked":["Dropkick","Sentinel","Seeing Red"],"picked":"SKIP","floor":39},{"not_picked":["Iron Wave","Seeing Red","Body Slam"],"picked":"SKIP","floor":41},{"not_picked":["Armaments+1","Flex","Combust+1"],"picked":"SKIP","floor":45},{"not_picked":["Armaments","Berserk","Burning Pact"],"picked":"SKIP","floor":54}],"player_experience":1131987,"relics_obtained":[{"floor":7.0,"key":"Bottled Flame"},{"floor":9.0,"key":"Oddly Smooth Stone"},{"floor":13.0,"key":"Strawberry"},{"floor":24,"key":"Red Mask"},{"floor":26,"key":"Matryoshka"},{"floor":37,"key":"Unceasing Top"},{"floor":41,"key":"Charon\u0027s Ashes"},{"floor":43,"key":"Bronze Scales"},{"floor":48,"key":"Du-Vu Doll"},{"floor":54,"key":"Pocketwatch"}],"event_choices":[{"damage_healed":0.0,"max_hp_gain":0.0,"max_hp_loss":0.0,"gold_gain":0.0,"event_name":"Lab","player_choice":"Got Potions","floor":2.0,"gold_loss":0.0,"damage_taken":0.0},{"damage_healed":0.0,"max_hp_gain":0.0,"max_hp_loss":0.0,"gold_gain":0.0,"event_name":"The Woman in Blue","player_choice":"Bought 1 Potion","floor":8.0,"gold_loss":0.0,"damage_taken":0.0},{"damage_healed":0,"gold_gain":0,"player_choice":"Ignored","damage_taken":0,"max_hp_gain":0,"max_hp_loss":0,"event_name":"The Mausoleum","floor":19,"gold_loss":0},{"damage_healed":0,"gold_gain":0,"player_choice":"Rummage","damage_taken":0,"relics_obtained":["WarpedTongs"],"max_hp_gain":0,"max_hp_loss":0,"event_name":"Accursed Blacksmith","floor":20,"gold_loss":0,"cards_obtained":["Pain"]},{"damage_healed":0,"gold_gain":0,"player_choice":"Fought Bandits","damage_taken":0,"max_hp_gain":0,"max_hp_loss":0,"event_name":"Masked Bandits","floor":24,"gold_loss":0},{"damage_healed":0,"gold_gain":0,"player_choice":"Bet on Owner","damage_taken":0,"max_hp_gain":0,"max_hp_loss":0,"event_name":"The Joust","floor":27,"gold_loss":50},{"damage_healed":0,"gold_gain":0,"player_choice":"Fight","damage_taken":0,"max_hp_gain":0,"max_hp_loss":0,"event_name":"Mysterious Sphere","floor":37,"gold_loss":0},{"damage_healed":0,"gold_gain":0,"player_choice":"Memory 1","damage_taken":0,"max_hp_gain":0,"max_hp_loss":0,"event_name":"SensoryStone","floor":42,"gold_loss":0},{"cards_removed":["Defend_R"],"damage_healed":0,"gold_gain":0,"player_choice":"Removed Skill","damage_taken":0,"max_hp_gain":0,"max_hp_loss":0,"event_name":"Falling","floor":44,"gold_loss":0},{"damage_healed":0,"gold_gain":222,"player_choice":"Wore Mask","damage_taken":0,"max_hp_gain":0,"max_hp_loss":0,"event_name":"Tomb of Lord Red Mask","floor":46,"gold_loss":0},{"damage_healed":0,"gold_gain":0,"player_choice":"Fight","damage_taken":0,"max_hp_gain":0,"max_hp_loss":0,"event_name":"MindBloom","floor":48,"gold_loss":0}],"is_beta":false,"boss_relics":[{"not_picked":["Calling Bell","Pandora\u0027s Box"],"picked":"Philosopher\u0027s Stone"},{"not_picked":["Busted Crown","Runic Dome"],"picked":"Runic Pyramid"}],"items_purged_floors":[5,25,38],"is_endless":false,"potions_floor_spawned":[3,7,16,18,21,31,37,48,54],"ascension_level":15}