{"path_per_floor":["M","?","?","M","M","R","E","R","T","M","M","T","M","$","R","B",null,"M","?","?","M","?","R","E","M","T"],"character_chosen":"IRONCLAD","items_purchased":["Thinking Ahead","Fire Breathing"],"gold_per_floor":[118,118,193,205,220,220,246,246,270,287,304,331,343,1,1,97,97,111,111,26,44,44,44,74,86,109],"floor_reached":27,"campfire_rested":0,"playtime":2164,"current_hp_per_floor":[80,80,69,66,74,74,44,44,44,36,25,25,22,22,22,8,83,64,64,64,54,54,62,35,35,35],"items_purged":["Strike_R"],"gold":109,"play_id":"fbad122b-7d15-4e3b-8d18-b588e9f23e4c","is_prod":false,"is_daily":false,"campfire_rituals":0,"campfire_upgraded":4,"is_hardmode":false,"path_taken":["M","?","?","M","M","R","E","R","T","M","M","?","M","$","R","BOSS","M","?","?","M","?","R","E","M","T","E"],"build_version":"2018-01-11-PROD2","purchased_purges":1,"victory":false,"master_deck":["Strike_R","Strike_R","Strike_R","Strike_R","Defend_R","Defend_R","Defend_R","Defend_R","Bash","Feel No Pain","Infernal Blade","Whirlwind","Pummel","Headbutt","Flame Barrier","Double Tap","Dropkick","Thinking Ahead","Fire Breathing","Offering","Body Slam","Clash","Thunderclap","Perfected Strike","Cleave"],"max_hp_per_floor":[80,80,80,80,83,83,83,83,83,83,83,83,83,83,83,83,83,83,83,83,83,83,83,83,83,83],"relics":["Burning Blood","Bronze Scales","Bag of Marbles","Juzu Bracelet","Eternal Feather","Orichalcum","Happy Flower","Lantern"],"campfire_meditates":0,"card_choices":[{"not_picked":["Rupture","Perfected Strike"],"picked":"Feel No Pain"},{"not_picked":["Heavy Blade","Shockwave"],"picked":"Infernal Blade"},{"not_picked":["Cleave","Iron Wave"],"picked":"Whirlwind"},{"not_picked":["Armaments","Sever Soul"],"picked":"Pummel"},{"not_picked":["Anger","Clothesline"],"picked":"Headbutt"},{"not_picked":["Dropkick","Heavy Blade"],"picked":"Flame Barrier"},{"not_picked":["Headbutt","Shrug It Off"],"picked":"Double Tap"},{"not_picked":["Perfected Strike","Power Through"],"picked":"Dropkick"},{"not_picked":["Bludgeon","Dark Embrace"],"picked":"Offering"},{"not_picked":["Flex","Anger"],"picked":"Body Slam"},{"not_picked":["Power Through","Clothesline"],"picked":"Thunderclap"},{"not_picked":["Combust","Rupture"],"picked":"Perfected Strike"},{"not_picked":["Feel No Pain","Sword Boomerang"],"picked":"Cleave"}],"player_experience":4699,"potions_floor_usage":[7],"damage_taken":[{"damage":0,"enemies":"2 Louse","floor":1,"turns":3},{"damage":9,"enemies":"Jaw Worm","floor":4,"turns":3},{"damage":1,"enemies":"Cultist","floor":5,"turns":3},{"damage":36,"enemies":"Gremlin Nob","floor":7,"turns":5},{"damage":14,"enemies":"Large Slime","floor":10,"turns":6},{"damage":17,"enemies":"Exordium Wildlife","floor":11,"turns":4},{"damage":9,"enemies":"Red Slaver","floor":13,"turns":4},{"damage":20,"enemies":"Hexaghost","floor":16,"turns":8},{"damage":25,"enemies":"2 Thieves","floor":18,"turns":4},{"damage":16,"enemies":"Shell Parasite","floor":21,"turns":4},{"damage":33,"enemies":"Book of Stabbing","floor":24,"turns":4},{"damage":6,"enemies":"3 Cultists","floor":25,"turns":3},{"damage":35,"enemies":"Gremlin Leader","floor":27,"turns":4}],"event_choices":[{"event_name":"Liars Game","player_choice":"disagreed","floor":2,"damage_taken":0},{"event_name":"World of Goop","player_choice":"Gather Gold","floor":3,"damage_taken":0},{"event_name":"The Library","player_choice":"Read","floor":19,"damage_taken":0},{"event_name":"Addict","player_choice":"Obtained Relic","floor":20,"damage_taken":0},{"event_name":"Drug Dealer","player_choice":"Ignored","floor":22,"damage_taken":0}],"boss_relics":[{"not_picked":["Runic Pyramid","Runic Dome"],"picked":"Eternal Feather"}],"potions_floor_spawned":[4,5,11,24],"seed_played":"-4551350138003852015","killed_by":"Gremlin Leader","is_trial":false}