{"gold_per_floor":[113,113,130,130,144,179,198,198,198,232,96,96,11,25,25,101,101,111,122,392,402,84,84,99,131,131,131,141,8,8,8,8,84,84,98,398,417,417,105,105,136,136,161,189,207,217,217],"floor_reached":47,"playtime":2120,"items_purged":["Strike_G","Strike_G","Strike_G","Footwork+1"],"score":1201,"play_id":"b085c86c-1d42-4140-8b1b-abcf737163bc","local_time":"20190503230404","is_ascension_mode":true,"campfire_choices":[{"floor":8.0,"key":"REST"},{"data":"Flechettes","floor":15.0,"key":"SMITH"},{"data":"Tactician","floor":23.0,"key":"SMITH"},{"floor":30.0,"key":"REST"},{"data":"Acrobatics","floor":32.0,"key":"SMITH"},{"data":"Neutralize","floor":40.0,"key":"SMITH"},{"data":"Malaise","floor":42.0,"key":"SMITH"}],"neow_cost":"NONE","seed_source_timestamp":775400612195419,"circlet_count":0,"master_deck":["AscendersBane","Defend_G","Defend_G","Defend_G","Survivor","Neutralize+1","Infinite Blades+1","Noxious Fumes+1","Flechettes+1","Tactician+1","Backflip","Malaise+1","PiercingWail","Caltrops+1","Acrobatics+1","Footwork+1"],"special_seed":0,"relics":["Ring of the Snake","NeowsBlessing","Frozen Egg 2","FossilizedHelix","Shuriken","Smiling Mask","Eternal Feather","Medical Kit","Pen Nib","Bottled Flame","Empty Cage","Mummified Hand","Ornamental Fan"],"potions_floor_usage":[47],"damage_taken":[{"damage":0.0,"enemies":"2 Louse","floor":1.0,"turns":1.0},{"damage":0.0,"enemies":"Cultist","floor":3.0,"turns":1.0},{"damage":0.0,"enemies":"Jaw Worm","floor":5.0,"turns":1.0},{"damage":51.0,"enemies":"3 Sentries","floor":6.0,"turns":13.0},{"damage":6.0,"enemies":"Lots of Slimes","floor":7.0,"turns":4.0},{"damage":0.0,"enemies":"Lagavulin","floor":10.0,"turns":9.0},{"damage":7.0,"enemies":"2 Fungi Beasts","floor":14.0,"turns":4.0},{"damage":2.0,"enemies":"Slime Boss","floor":16.0,"turns":10.0},{"damage":0.0,"enemies":"Spheric Guardian","floor":18.0,"turns":7.0},{"damage":0.0,"enemies":"Shell Parasite","floor":19.0,"turns":8.0},{"damage":6.0,"enemies":"Centurion and Healer","floor":21.0,"turns":9.0},{"damage":0.0,"enemies":"Snake Plant","floor":24.0,"turns":6.0},{"damage":9.0,"enemies":"Book of Stabbing","floor":25.0,"turns":8.0},{"damage":16.0,"enemies":"Colosseum Slavers","floor":27.0,"turns":6.0},{"damage":6.0,"enemies":"Chosen and Byrds","floor":28.0,"turns":9.0},{"damage":12.0,"enemies":"Collector","floor":33.0,"turns":11.0},{"damage":1.0,"enemies":"3 Darklings","floor":35.0,"turns":5.0},{"damage":32.0,"enemies":"3 Shapes","floor":37.0,"turns":8.0},{"damage":10.0,"enemies":"Reptomancer","floor":41.0,"turns":5.0},{"damage":0.0,"enemies":"Giant Head","floor":44.0,"turns":5.0},{"damage":9.0,"enemies":"3 Darklings","floor":45.0,"turns":3.0},{"damage":12.0,"enemies":"Spire Growth","floor":46.0,"turns":3.0},{"damage":0,"enemies":"Jaw Worm Horde","floor":47,"turns":2}],"seed_played":"-7361016848038405192","potions_obtained":[{"floor":3.0,"key":"Energy Potion"},{"floor":7.0,"key":"Energy Potion"},{"floor":16.0,"key":"EntropicBrew"},{"floor":24.0,"key":"PowerPotion"},{"floor":28.0,"key":"Energy Potion"},{"floor":41.0,"key":"PowerPotion"},{"floor":46.0,"key":"FearPotion"}],"is_trial":false,"path_per_floor":["M","?","M","?","M","E","M","R","T","E","$","?","$","M","R","B",null,"M","M","?","M","$","R","M","E","T","?","M","$","R","?","R","B",null,"M","?","M","?","$","R","E","R","T","E","M","M","M"],"character_chosen":"THE_SILENT","items_purchased":["GhostInAJar","Tactician","Medical Kit","PiercingWail","Footwork+1","Mummified Hand"],"campfire_rested":2,"item_purchase_floors":[11,13,22,22,29,39],"current_hp_per_floor":[59,59,59,59,59,8,2,21,21,21,21,21,21,14,14,12,53,53,53,29,23,23,32,32,23,23,7,1,1,29,29,38,26,56,55,55,23,23,23,32,22,31,31,31,22,10,10],"gold":217,"neow_bonus":"THREE_ENEMY_KILL","is_prod":false,"is_daily":false,"chose_seed":false,"campfire_upgraded":5,"win_rate":0,"timestamp":1556895844,"path_taken":["M","?","M","?","?","E","M","R","T","E","$","?","?","M","R","BOSS","M","M","?","?","$","R","M","E","T","?","M","$","R","?","R","BOSS","M","?","?","?","?","R","E","R","T","E","M","?","M"],"build_version":"2019-01-23","purchased_purges":4,"victory":false,"max_hp_per_floor":[66,66,66,66,66,66,66,66,66,66,66,66,66,66,66,66,66,66,66,66,66,66,66,66,66,66,66,66,66,66,66,66,66,66,66,66,66,66,66,66,66,66,66,66,66,66,66],"card_choices":[{"not_picked":["Dagger Spray","Riddle With Holes","Slice"],"picked":"SKIP","floor":1.0},{"not_picked":["Slice","Masterful Stab","Dagger Spray"],"picked":"SKIP","floor":3.0},{"not_picked":["Heel Hook","Blade Dance"],"picked":"Infinite Blades+1","floor":5.0},{"not_picked":["Acrobatics","Eviscerate"],"picked":"Noxious Fumes+1","floor":6.0},{"not_picked":["Backflip","Cloak And Dagger"],"picked":"Footwork+1","floor":7.0},{"not_picked":["Unload","Slice","Sucker Punch"],"picked":"SKIP","floor":10.0},{"not_picked":["Bouncing Flask","Infinite Blades+1"],"picked":"Backflip","floor":14.0},{"not_picked":["A Thousand Cuts+1","Glass Knife"],"picked":"Malaise","floor":16.0},{"not_picked":["Dodge and Roll","Flying Knee","Deflect"],"picked":"SKIP","floor":18.0},{"not_picked":["Dagger Spray","Leg Sweep","Noxious Fumes+1"],"picked":"SKIP","floor":19.0},{"not_picked":["Infinite Blades+1","Dodge and Roll","Sucker Punch"],"picked":"SKIP","floor":21.0},{"not_picked":["Slice","A Thousand Cuts+1"],"picked":"Caltrops+1","floor":24.0},{"not_picked":["Choke","Crippling Poison"],"picked":"Acrobatics","floor":25.0},{"not_picked":["Dagger Throw","Quick Slash","Blade Dance"],"picked":"SKIP","floor":28.0},{"not_picked":["Flying Knee","Acrobatics+1","Bane"],"picked":"SKIP","floor":35.0},{"not_picked":["Poisoned Stab+1","Slice","Riddle With Holes"],"picked":"SKIP","floor":37.0},{"not_picked":["Night Terror","Cloak And Dagger","Slice"],"picked":"SKIP","floor":41.0},{"not_picked":["Deflect+1","Acrobatics","Accuracy+1"],"picked":"SKIP","floor":45.0},{"not_picked":["Finisher","Flying Knee","Dagger Spray"],"picked":"SKIP","floor":46.0}],"player_experience":1543822,"relics_obtained":[{"floor":6.0,"key":"FossilizedHelix"},{"floor":9.0,"key":"Shuriken"},{"floor":10.0,"key":"Smiling Mask"},{"floor":25.0,"key":"Pen Nib"},{"floor":26.0,"key":"Bottled Flame"},{"floor":41.0,"key":"Ornamental Fan"}],"event_choices":[{"cards_removed":["Strike_G"],"damage_healed":0.0,"max_hp_gain":0.0,"max_hp_loss":0.0,"gold_gain":0.0,"event_name":"Living Wall","player_choice":"Forget","floor":2.0,"gold_loss":0.0,"damage_taken":0.0},{"damage_healed":0.0,"max_hp_gain":0.0,"max_hp_loss":0.0,"gold_gain":0.0,"event_name":"WeMeetAgain","player_choice":"Gave Potion","floor":4.0,"gold_loss":0.0,"damage_taken":0.0,"relics_obtained":["Frozen Egg 2"]},{"damage_healed":0.0,"max_hp_gain":0.0,"max_hp_loss":0.0,"gold_gain":0.0,"cards_transformed":["Strike_G"],"event_name":"Transmorgrifier","player_choice":"Transformed","floor":12.0,"gold_loss":0.0,"damage_taken":0.0,"cards_obtained":["Flechettes"]},{"damage_healed":0.0,"max_hp_gain":0.0,"max_hp_loss":0.0,"gold_gain":270.0,"event_name":"Knowing Skull","player_choice":"GOLD GOLD GOLD ","floor":20.0,"potions_obtained":[],"gold_loss":0.0,"damage_taken":24.0,"cards_obtained":[]},{"damage_healed":0.0,"max_hp_gain":0.0,"max_hp_loss":0.0,"gold_gain":0.0,"event_name":"Colosseum","player_choice":"Fight","floor":27.0,"gold_loss":0.0,"damage_taken":0.0},{"damage_healed":0.0,"max_hp_gain":0.0,"max_hp_loss":0.0,"gold_gain":0.0,"event_name":"Colosseum","player_choice":"Fled From Nobs","floor":27.0,"gold_loss":0.0,"damage_taken":0.0},{"damage_healed":0.0,"max_hp_gain":0.0,"max_hp_loss":0.0,"gold_gain":0.0,"event_name":"The Mausoleum","player_choice":"Ignored","floor":31.0,"gold_loss":0.0,"damage_taken":0.0},{"damage_healed":0.0,"max_hp_gain":0.0,"max_hp_loss":0.0,"gold_gain":300.0,"event_name":"Wheel of Change","player_choice":"Gold","floor":36.0,"gold_loss":0.0,"damage_taken":0.0},{"damage_healed":0.0,"max_hp_gain":0.0,"max_hp_loss":0.0,"gold_gain":0.0,"event_name":"Mysterious Sphere","player_choice":"Ignored","floor":38.0,"gold_loss":0.0,"damage_taken":0.0}],"is_beta":false,"boss_relics":[{"not_picked":["Cursed Key","Fusion Hammer"],"picked":"Eternal Feather"},{"not_picked":["Calling Bell","Philosopher\u0027s Stone"],"picked":"Empty Cage"}],"items_purged_floors":[11,22,29,39],"is_endless":false,"potions_floor_spawned":[3,7,14,16,19,24,27,28,41,46],"killed_by":"Jaw Worm Horde","ascension_level":20}