{"gold_per_floor":[16,32,182,199,218,218,37,97,97,97,97,18,18,18,18,18],"floor_reached":16,"playtime":491,"items_purged":["Doubt"],"score":196,"play_id":"efdc92bd-9aad-4819-8a32-69a2685c8862","local_time":"20190415154011","is_ascension_mode":true,"campfire_choices":[{"data":"Phantasmal Killer","floor":6.0,"key":"SMITH"},{"floor":15.0,"key":"REST"}],"neow_cost":"NO_GOLD","seed_source_timestamp":0,"circlet_count":0,"master_deck":["AscendersBane","Defend_G","Defend_G","Defend_G","Defend_G","Defend_G","Strike_G","Strike_G","Strike_G","Strike_G","Strike_G","Survivor","Neutralize+1","Phantasmal Killer+1","Flechettes","PiercingWail","Deflect","Dash","Trip","A Thousand Cuts","Riddle With Holes"],"special_seed":0,"relics":["Ring of the Snake","Tiny Chest","Anchor"],"potions_floor_usage":[16,16],"damage_taken":[{"damage":2.0,"enemies":"Cultist","floor":1.0,"turns":4.0},{"damage":4.0,"enemies":"Small Slimes","floor":2.0,"turns":4.0},{"damage":0.0,"enemies":"2 Louse","floor":4.0,"turns":3.0},{"damage":11.0,"enemies":"2 Fungi Beasts","floor":5.0,"turns":4.0},{"damage":21.0,"enemies":"3 Sentries","floor":8.0,"turns":7.0},{"damage":42,"enemies":"Hexaghost","floor":16,"turns":11}],"seed_played":"2712026164281453085","potions_obtained":[{"floor":1.0,"key":"SpeedPotion"},{"floor":4.0,"key":"PowerPotion"},{"floor":5.0,"key":"EntropicBrew"}],"is_trial":false,"path_per_floor":["M","M","?","M","M","R","$","E","T","?","?","$","?","$","R","B"],"character_chosen":"THE_SILENT","items_purchased":["Trip","Riddle With Holes"],"campfire_rested":1,"item_purchase_floors":[7,12],"current_hp_per_floor":[57,53,53,53,42,42,42,21,21,21,21,21,21,21,40,0],"gold":18,"neow_bonus":"THREE_RARE_CARDS","is_prod":false,"is_daily":false,"chose_seed":false,"campfire_upgraded":1,"win_rate":0,"timestamp":1555357211,"path_taken":["M","?","?","M","M","R","$","E","T","?","?","$","?","$","R","BOSS"],"build_version":"2019-01-23","purchased_purges":1,"victory":false,"max_hp_per_floor":[66,66,66,66,66,66,66,66,66,66,66,66,66,66,66,66],"card_choices":[{"not_picked":["A Thousand Cuts","Burst"],"picked":"Phantasmal Killer","floor":0.0},{"not_picked":["Outmaneuver","Underhanded Strike"],"picked":"Flechettes","floor":1.0},{"not_picked":["Deflect","Flying Knee"],"picked":"PiercingWail","floor":2.0},{"not_picked":["Endless Agony","Poisoned Stab"],"picked":"Deflect","floor":4.0},{"not_picked":["Crippling Poison","Distraction"],"picked":"Dash","floor":5.0},{"not_picked":["Backstab","Backflip"],"picked":"A Thousand Cuts","floor":8.0}],"player_experience":897690,"relics_obtained":[{"floor":8.0,"key":"Tiny Chest"},{"floor":9.0,"key":"Anchor"}],"event_choices":[{"damage_healed":0.0,"max_hp_gain":0.0,"max_hp_loss":0.0,"gold_gain":150.0,"event_name":"Liars Game","player_choice":"AGREE","floor":3.0,"gold_loss":0.0,"damage_taken":0.0,"cards_obtained":["Doubt"]},{"damage_healed":0.0,"max_hp_gain":0.0,"max_hp_loss":0.0,"gold_gain":0.0,"event_name":"Dead Adventurer","player_choice":"Searched \u00270\u0027 times","floor":10.0,"gold_loss":0.0,"damage_taken":0.0},{"damage_healed":0.0,"max_hp_gain":0.0,"max_hp_loss":0.0,"gold_gain":0.0,"event_name":"Living Wall","player_choice":"Grow","floor":11.0,"gold_loss":0.0,"damage_taken":0.0,"cards_upgraded":["Neutralize"]},{"damage_healed":0.0,"max_hp_gain":0.0,"max_hp_loss":0.0,"gold_gain":0.0,"event_name":"Shining Light","player_choice":"Ignored","floor":13.0,"gold_loss":0.0,"damage_taken":0.0}],"is_beta":false,"boss_relics":[],"items_purged_floors":[7],"is_endless":false,"potions_floor_spawned":[1,4,5],"killed_by":"Hexaghost","ascension_level":20}