{"gold_per_floor":[113,113,130,142,156,156,186,186,186,13,13,88,105,139,139,139],"floor_reached":16,"playtime":1065,"items_purged":[],"score":116,"play_id":"0bcb8556-60a1-4422-85a0-1acd277544ed","local_time":"20190410164250","is_ascension_mode":true,"campfire_choices":[{"floor":6,"key":"RECALL"},{"data":"Bash","floor":8,"key":"SMITH"},{"data":"Armaments","floor":15,"key":"SMITH"}],"neow_cost":"NONE","seed_source_timestamp":408010315416162,"circlet_count":0,"master_deck":["Strike_R","Strike_R","Strike_R","Strike_R","Strike_R","Defend_R","Defend_R","Defend_R","Defend_R","Bash+1","Finesse+1","Iron Wave","Battle Trance","Thunderclap","Perfected Strike","Sword Boomerang","Twin Strike","Clash","Armaments+1"],"relics":["Burning Blood","Ice Cream","Shuriken","Vajra","Dodecahedron"],"potions_floor_usage":[16],"damage_taken":[{"damage":11,"enemies":"Jaw Worm","floor":1,"turns":2},{"damage":1,"enemies":"Cultist","floor":3,"turns":3},{"damage":0,"enemies":"Small Slimes","floor":4,"turns":3},{"damage":12,"enemies":"Exordium Thugs","floor":5,"turns":6},{"damage":55,"enemies":"Lagavulin","floor":7,"turns":7},{"damage":3,"enemies":"Blue Slaver","floor":13,"turns":2},{"damage":13,"enemies":"Gremlin Nob","floor":14,"turns":3},{"damage":10,"enemies":"Slime Boss","floor":16,"turns":5}],"seed_played":"-5515498952493719130","potions_obtained":[{"floor":1,"key":"EssenceOfSteel"},{"floor":3,"key":"Explosive Potion"},{"floor":13,"key":"Poison Potion"}],"is_trial":false,"path_per_floor":["M","?","M","M","M","R","E","R","T","$","$","?","M","E","R","B"],"character_chosen":"IRONCLAD","items_purchased":["Vajra","Twin Strike"],"campfire_rested":0,"item_purchase_floors":[10,10],"current_hp_per_floor":[75,75,80,80,74,74,25,25,25,25,25,14,17,10,10,0],"gold":139,"neow_bonus":"RANDOM_COLORLESS","is_prod":false,"is_daily":false,"chose_seed":false,"campfire_upgraded":2,"win_rate":0,"timestamp":1554932570,"path_taken":["M","?","M","M","M","R","E","R","T","?","$","?","?","E","R","BOSS"],"build_version":"2019-01-23","purchased_purges":0,"victory":false,"max_hp_per_floor":[80,80,80,80,80,80,80,80,80,80,80,80,80,80,80,80],"card_choices":[{"not_picked":["Evolve","Perfected Strike"],"picked":"Iron Wave","floor":1},{"not_picked":["Flex","Perfected Strike"],"picked":"Battle Trance","floor":3},{"not_picked":["Clothesline","Disarm"],"picked":"Thunderclap","floor":4},{"not_picked":["Barricade","Uppercut"],"picked":"Perfected Strike","floor":5},{"not_picked":["Armaments","Havoc"],"picked":"Sword Boomerang","floor":7},{"not_picked":["Flex","Perfected Strike"],"picked":"Clash","floor":13},{"not_picked":["Sentinel","Perfected Strike"],"picked":"Armaments","floor":14}],"player_experience":170302,"relics_obtained":[{"floor":7,"key":"Ice Cream"},{"floor":9,"key":"Shuriken"},{"floor":14,"key":"Dodecahedron"}],"event_choices":[{"damage_healed":0,"gold_gain":0,"player_choice":"Upgraded","damage_taken":0,"max_hp_gain":0,"max_hp_loss":0,"event_name":"Upgrade Shrine","floor":2,"gold_loss":0,"cards_upgraded":["Finesse"]},{"damage_healed":0,"gold_gain":75,"player_choice":"Gather Gold","damage_taken":11,"max_hp_gain":0,"max_hp_loss":0,"event_name":"World of Goop","floor":12,"gold_loss":0}],"is_beta":false,"boss_relics":[],"items_purged_floors":[],"is_endless":false,"potions_floor_spawned":[1,3,13],"killed_by":"Slime Boss","ascension_level":1}