{"path_per_floor":["M","$","M","M","M","R","$","?","T","$","?","M","M","T","R","B",null,"M","$","M","M","M","R","?","M","T","?","M","R","E","M","R"],"character_chosen":"IRONCLAD","items_purchased":["Battle Trance","BloodPotion","Dual Wield","Clash","Bag of Preparation"],"gold_per_floor":[361,286,302,314,325,325,112,169,196,91,91,104,122,148,148,277,277,297,27,43,57,82,82,82,102,102,102,118,118,162,180,180,180],"floor_reached":33,"campfire_rested":3,"playtime":1446,"current_hp_per_floor":[69,69,55,55,23,23,23,29,29,29,29,35,21,21,43,21,61,63,63,65,63,38,38,38,22,22,22,24,46,36,35,57,0],"items_purged":["Strike_R","Pain","Defend_R"],"gold":180,"score":326,"play_id":"e0ff42ea-fd0f-4f76-b761-6b924779c7a5","local_time":"20180517163322","is_prod":false,"is_daily":false,"chose_seed":false,"is_ascension_mode":true,"campfire_upgraded":2,"timestamp":1526546002,"path_taken":["M","$","M","M","M","R","$","?","T","$","?","M","?","?","R","BOSS","M","$","M","M","M","R","?","M","T","?","M","R","E","?","R","BOSS"],"build_version":"2018-05-10","seed_source_timestamp":197084937835102,"purchased_purges":3,"victory":false,"master_deck":["Strike_R","Strike_R","Strike_R","Strike_R","Defend_R","Defend_R+1","Defend_R","Bash","Hemokinesis+1","Inflame","Blood for Blood+1","Battle Trance+1","Headbutt","Dual Wield+1","Clash","Offering","Blood for Blood+1"],"max_hp_per_floor":[80,80,80,80,80,80,80,80,80,80,74,74,74,74,74,74,74,74,74,74,74,74,74,74,74,74,74,74,74,74,74,74,74],"relics":["Burning Blood","Omamori","War Paint","Golden Idol","Anchor","Black Star","Bag of Preparation","Girya","Bottled Tornado","Gremlin Horn"],"card_choices":[{"not_picked":["Rage","Clothesline"],"picked":"Hemokinesis","floor":1},{"not_picked":["Clothesline","Cleave"],"picked":"Inflame","floor":3},{"not_picked":["Clash","Clothesline"],"picked":"Blood for Blood","floor":5},{"not_picked":["Armaments","Twin Strike"],"picked":"Headbutt","floor":8},{"not_picked":["Reaper","Immolate"],"picked":"Offering","floor":16},{"not_picked":["Shrug It Off","Metallicize"],"picked":"Blood for Blood","floor":22}],"player_experience":180658,"potions_floor_usage":[4,8,8,16,30,33],"damage_taken":[{"damage":17,"enemies":"Jaw Worm","floor":1,"turns":3},{"damage":20,"enemies":"Small Slimes","floor":3,"turns":3},{"damage":6,"enemies":"Cultist","floor":4,"turns":2},{"damage":38,"enemies":"Exordium Thugs","floor":5,"turns":5},{"damage":8,"enemies":"Gremlin Nob","floor":8,"turns":3},{"damage":0,"enemies":"2 Fungi Beasts","floor":12,"turns":3},{"damage":20,"enemies":"Exordium Wildlife","floor":13,"turns":3},{"damage":28,"enemies":"The Guardian","floor":16,"turns":9},{"damage":4,"enemies":"Spheric Guardian","floor":18,"turns":3},{"damage":4,"enemies":"Shell Parasite","floor":20,"turns":3},{"damage":8,"enemies":"Snake Plant","floor":21,"turns":3},{"damage":31,"enemies":"Snecko","floor":22,"turns":4},{"damage":22,"enemies":"3 Cultists","floor":25,"turns":3},{"damage":4,"enemies":"Centurion and Healer","floor":28,"turns":3},{"damage":16,"enemies":"Gremlin Leader","floor":30,"turns":3},{"damage":7,"enemies":"Cultist and Chosen","floor":31,"turns":3},{"damage":82,"enemies":"Automaton","floor":33,"turns":6}],"event_choices":[{"event_name":"Dead Adventurer","player_choice":"Searched \u00271\u0027 times","floor":8,"damage_taken":0},{"event_name":"Golden Idol","player_choice":"Lose Max HP","floor":11,"damage_taken":0},{"event_name":"Drug Dealer","player_choice":"Ignored","floor":24,"damage_taken":0},{"event_name":"Upgrade Shrine","player_choice":"Upgraded","floor":27,"damage_taken":0}],"boss_relics":[{"not_picked":["Orrery","Philosopher\u0027s Stone"],"picked":"Black Star"}],"potions_floor_spawned":[3,5,12,21,25,31],"seed_played":"8591054878653461230","killed_by":"Automaton","ascension_level":5,"is_trial":false}