{"gold_per_floor":[114,124,224,238,238,271,271,304,304,304,323,323,334,354,354,451,451,468,468,428,444,463,463,488,521,521,541,541,541],"floor_reached":29,"playtime":2633,"items_purged":[],"score":281,"play_id":"5d30fa77-cca0-41d9-a7ab-3d1d3ee2e3e1","local_time":"20181227202837","is_ascension_mode":true,"campfire_choices":[{"floor":10,"key":"REST"},{"floor":12,"key":"REST"},{"floor":15,"key":"REST"},{"floor":23,"key":"REST"}],"neow_cost":"NONE","seed_source_timestamp":106698618437,"circlet_count":0,"master_deck":["Defend_G+1","Defend_G+1","Defend_G+1","Defend_G+1","Defend_G+1","Strike_G+1","Strike_G+1","Strike_G+1","Strike_G+1","Strike_G+1","Survivor","Neutralize","Dagger Throw","Sucker Punch+1","Cloak And Dagger+1","Eviscerate+1","Choke","Quick Slash","Reflex","Predator+1","Doppelganger+1","Sucker Punch","Night Terror","Footwork+1","Blade Dance","Acrobatics","Infinite Blades+1","Decay"],"relics":["HoveringKite","Potion Belt","Ice Cream","Frozen Egg 2","WristBlade","War Paint","Red Mask"],"potions_floor_usage":[6,8,16,24,29],"damage_taken":[{"damage":2,"enemies":"Jaw Worm","floor":1,"turns":5},{"damage":2,"enemies":"Cultist","floor":2,"turns":4},{"damage":4,"enemies":"Small Slimes","floor":4,"turns":6},{"damage":55,"enemies":"Lagavulin","floor":6,"turns":12},{"damage":12,"enemies":"3 Sentries","floor":8,"turns":10},{"damage":1,"enemies":"Blue Slaver","floor":11,"turns":4},{"damage":0,"enemies":"Large Slime","floor":13,"turns":4},{"damage":5,"enemies":"Looter","floor":14,"turns":3},{"damage":15,"enemies":"Slime Boss","floor":16,"turns":11},{"damage":10,"enemies":"3 Byrds","floor":18,"turns":5},{"damage":3,"enemies":"Spheric Guardian","floor":21,"turns":3},{"damage":20,"enemies":"Snake Plant","floor":22,"turns":5},{"damage":23,"enemies":"Book of Stabbing","floor":24,"turns":5},{"damage":17,"enemies":"Masked Bandits","floor":25,"turns":4},{"damage":9,"enemies":"Snecko","floor":27,"turns":4},{"damage":12,"enemies":"Chosen and Byrds","floor":29,"turns":4}],"seed_played":"57993905421966443","potions_obtained":[{"floor":2,"key":"Weak Potion"},{"floor":6,"key":"Regen Potion"},{"floor":8,"key":"SpeedPotion"},{"floor":22,"key":"AttackPotion"},{"floor":25,"key":"Strength Potion"}],"is_trial":false,"path_per_floor":["M","M","?","M","?","E","?","E","T","R","M","R","M","M","R","B",null,"M","?","?","M","M","R","E","?","T","M","?","M"],"character_chosen":"THE_SILENT","items_purchased":[],"campfire_rested":4,"item_purchase_floors":[],"current_hp_per_floor":[68,66,66,62,62,7,7,10,10,31,30,51,51,46,67,52,70,60,60,60,57,37,58,35,18,18,9,9,0],"gold":541,"neow_bonus":"BOSS_RELIC","is_prod":false,"is_daily":false,"chose_seed":false,"campfire_upgraded":0,"win_rate":0,"timestamp":1545960517,"path_taken":["M","M","?","?","?","E","?","E","T","R","M","R","M","M","R","BOSS","M","?","?","?","M","R","E","?","T","M","?","M"],"build_version":"2018-12-20","purchased_purges":0,"victory":false,"max_hp_per_floor":[70,70,70,70,70,70,70,70,70,70,70,70,70,70,70,70,70,70,70,70,70,70,70,70,70,70,70,70,70],"card_choices":[{"not_picked":["Sucker Punch","Deadly Poison"],"picked":"Dagger Throw","floor":1},{"not_picked":["Deflect","Dodge and Roll"],"picked":"Sucker Punch","floor":2},{"not_picked":["Deflect","Bane"],"picked":"Cloak And Dagger","floor":4},{"not_picked":["Deflect","Poisoned Stab"],"picked":"Eviscerate","floor":6},{"not_picked":["Finisher","Wraith Form v2"],"picked":"Choke","floor":8},{"not_picked":["Flying Knee","Poisoned Stab"],"picked":"Quick Slash","floor":11},{"not_picked":["Dodge and Roll","Noxious Fumes+1"],"picked":"Reflex","floor":13},{"not_picked":["Footwork+1","Flying Knee"],"picked":"Predator","floor":14},{"not_picked":["Wraith Form v2+1","Tools of the Trade+1"],"picked":"Doppelganger","floor":16},{"not_picked":["Cloak And Dagger","Outmaneuver"],"picked":"Sucker Punch","floor":18},{"not_picked":["Dagger Throw","Dodge and Roll"],"picked":"Night Terror","floor":21},{"not_picked":["Prepared","PiercingWail+1"],"picked":"Footwork+1","floor":22},{"not_picked":["Accuracy+1","Poisoned Stab+1"],"picked":"Blade Dance","floor":24},{"not_picked":["Deflect","Slice"],"picked":"Acrobatics","floor":25},{"not_picked":["Deadly Poison+1","Envenom+1"],"picked":"Infinite Blades+1","floor":27}],"player_experience":59779,"relics_obtained":[{"floor":6,"key":"Potion Belt"},{"floor":8,"key":"Ice Cream"},{"floor":9,"key":"Frozen Egg 2"},{"floor":24,"key":"War Paint"},{"floor":25,"key":"Red Mask"}],"event_choices":[{"damage_healed":0,"gold_gain":100,"player_choice":"Pray","damage_taken":0,"max_hp_gain":0,"max_hp_loss":0,"event_name":"Golden Shrine","floor":3,"gold_loss":0},{"damage_healed":0,"gold_gain":0,"player_choice":"Grow","damage_taken":0,"max_hp_gain":0,"max_hp_loss":0,"event_name":"Living Wall","floor":5,"gold_loss":0,"cards_upgraded":["Sucker Punch"]},{"damage_healed":0,"gold_gain":0,"player_choice":"Ignored","damage_taken":0,"max_hp_gain":0,"max_hp_loss":0,"event_name":"Golden Wing","floor":7,"gold_loss":0},{"damage_healed":0,"gold_gain":0,"player_choice":"Simplicity","damage_taken":0,"max_hp_gain":0,"max_hp_loss":0,"event_name":"Back to Basics","floor":19,"gold_loss":0,"cards_upgraded":["Defend_G","Defend_G","Defend_G","Defend_G","Defend_G","Strike_G","Strike_G","Strike_G","Strike_G","Strike_G"]},{"damage_healed":0,"gold_gain":0,"player_choice":"Upgraded Two","damage_taken":0,"max_hp_gain":0,"max_hp_loss":0,"event_name":"Designer","floor":20,"gold_loss":40,"cards_upgraded":["Predator","Eviscerate"]},{"damage_healed":0,"gold_gain":0,"player_choice":"Fought Bandits","damage_taken":0,"max_hp_gain":0,"max_hp_loss":0,"event_name":"Masked Bandits","floor":25,"gold_loss":0},{"damage_healed":0,"gold_gain":0,"player_choice":"Cursed","damage_taken":0,"max_hp_gain":0,"max_hp_loss":0,"event_name":"Wheel of Change","floor":28,"gold_loss":0,"cards_obtained":["Decay"]}],"is_beta":false,"boss_relics":[{"not_picked":["Sozu","Tiny House"],"picked":"WristBlade"}],"items_purged_floors":[],"is_endless":false,"potions_floor_spawned":[2,6,8,22,25],"killed_by":"Chosen and Byrds","ascension_level":2}