{"gold_per_floor":[19,19,29,49,49,49,75,75,98,125,125,135,135,155,155,260,310,323,5,21,21,33,59,59,84,84,94,110,120,100,113,113,209,209,226,136,156,174,17,17],"floor_reached":40,"playtime":2972,"items_purged":["Strike_B"],"score":465,"play_id":"f12d0afe-0950-40e4-97ce-2cfe4fde4990","local_time":"20190412124904","is_ascension_mode":false,"campfire_choices":[{"data":"Zap","floor":6,"key":"SMITH"},{"data":"Coolheaded","floor":11,"key":"SMITH"},{"data":"Dualcast","floor":13,"key":"SMITH"},{"floor":15,"key":"RECALL"},{"data":"Redo","floor":24,"key":"SMITH"},{"data":"Coolheaded","floor":32,"key":"SMITH"}],"neow_cost":"NO_GOLD","seed_source_timestamp":99872380049300,"circlet_count":0,"master_deck":["Defend_B+1","Zap+1","Dualcast+1","Tempest+1","Reinforced Body","Coolheaded+1","Self Repair","Double Energy","Biased Cognition","Redo+1","Defragment","Electrodynamics","Coolheaded+1","Defragment+1","Defragment","Thunder Strike","Defragment"],"relics":["Cracked Core","Anchor","Torii","Tiny House","TheAbacus","Orichalcum","PreservedInsect","Prayer Wheel","Empty Cage","Art of War"],"potions_floor_usage":[7,16,16,23,25,29,33,33,33,33,35,40],"damage_taken":[{"damage":6,"enemies":"Jaw Worm","floor":1,"turns":3},{"damage":6,"enemies":"2 Louse","floor":3,"turns":2},{"damage":1,"enemies":"Cultist","floor":4,"turns":3},{"damage":17,"enemies":"Gremlin Nob","floor":7,"turns":4},{"damage":16,"enemies":"Lagavulin","floor":10,"turns":6},{"damage":9,"enemies":"Large Slime","floor":12,"turns":5},{"damage":0,"enemies":"Red Slaver","floor":14,"turns":4},{"damage":14,"enemies":"The Guardian","floor":16,"turns":15},{"damage":1,"enemies":"3 Byrds","floor":18,"turns":3},{"damage":8,"enemies":"Spheric Guardian","floor":20,"turns":5},{"damage":15,"enemies":"Snake Plant","floor":22,"turns":4},{"damage":24,"enemies":"Slavers","floor":23,"turns":4},{"damage":19,"enemies":"Book of Stabbing","floor":25,"turns":6},{"damage":0,"enemies":"Sentry and Sphere","floor":27,"turns":6},{"damage":1,"enemies":"Cultist and Chosen","floor":28,"turns":4},{"damage":8,"enemies":"Snake Plant","floor":29,"turns":3},{"damage":0,"enemies":"Centurion and Healer","floor":31,"turns":3},{"damage":17,"enemies":"Collector","floor":33,"turns":11},{"damage":3,"enemies":"3 Shapes","floor":35,"turns":4},{"damage":38,"enemies":"3 Darklings","floor":37,"turns":3},{"damage":40,"enemies":"Jaw Worm Horde","floor":38,"turns":3},{"damage":8,"enemies":"Nemesis","floor":40,"turns":2}],"seed_played":"1105499059309865271","potions_obtained":[{"floor":4,"key":"PowerPotion"},{"floor":10,"key":"Swift Potion"},{"floor":14,"key":"Energy Potion"},{"floor":16,"key":"FearPotion"},{"floor":17,"key":"Dexterity Potion"},{"floor":18,"key":"Regen Potion"},{"floor":22,"key":"AttackPotion"},{"floor":23,"key":"PowerPotion"},{"floor":29,"key":"Fire Potion"},{"floor":30,"key":"EntropicBrew"},{"floor":31,"key":"Dexterity Potion"},{"floor":37,"key":"SteroidPotion"},{"floor":38,"key":"Energy Potion"}],"is_trial":false,"path_per_floor":["M","?","M","M","$","R","E","?","T","E","R","M","R","M","R","B",null,"M","$","M","?","M","E","R","E","T","M","M","M","?","M","R","B",null,"M","?","M","M","$","E"],"character_chosen":"DEFECT","items_purchased":["Defragment","TheAbacus","Art of War"],"campfire_rested":0,"item_purchase_floors":[19,19,39],"current_hp_per_floor":[69,69,63,62,62,62,45,50,50,34,34,32,32,39,39,32,85,84,84,83,83,75,58,58,46,46,53,59,63,63,63,63,53,85,85,85,47,7,7,0],"gold":17,"neow_bonus":"REMOVE_TWO","is_prod":false,"is_daily":false,"chose_seed":false,"campfire_upgraded":5,"win_rate":0,"timestamp":1555044544,"path_taken":["M","?","M","M","$","R","E","?","T","E","R","M","R","M","R","BOSS","M","$","M","?","?","E","R","E","T","M","M","M","?","M","R","BOSS","M","?","M","M","$","E"],"build_version":"2019-01-23","purchased_purges":1,"victory":false,"max_hp_per_floor":[75,75,75,75,75,75,75,80,80,80,80,80,80,80,80,80,85,85,85,85,85,85,85,85,85,85,85,85,85,85,85,85,85,85,85,85,85,85,85,85],"card_choices":[{"not_picked":["Hologram","Force Field"],"picked":"Tempest","floor":1},{"not_picked":["Compile Driver","FTL","Auto Shields"],"picked":"SKIP","floor":3},{"not_picked":["Capacitor","Compile Driver"],"picked":"Reinforced Body","floor":4},{"not_picked":["Stack","Streamline"],"picked":"Coolheaded","floor":7},{"not_picked":["Skim","Leap"],"picked":"Self Repair","floor":10},{"not_picked":["Turbo","Rebound","Compile Driver"],"picked":"SKIP","floor":12},{"not_picked":["Undo","Streamline"],"picked":"Double Energy","floor":14},{"not_picked":["All For One","Multi-Cast"],"picked":"Biased Cognition","floor":16},{"not_picked":["Tempest","Cold Snap"],"picked":"Redo","floor":17},{"not_picked":["Compile Driver","Leap","Stack"],"picked":"SKIP","floor":18},{"not_picked":["Genetic Algorithm+1","Leap+1","Sunder+1"],"picked":"SKIP","floor":20},{"not_picked":["Genetic Algorithm+1","Leap+1","Sunder+1"],"picked":"SKIP","floor":20},{"not_picked":["Consume","Sweeping Beam+1","Lockon"],"picked":"SKIP","floor":22},{"not_picked":["Steam","Blizzard","Sweeping Beam"],"picked":"SKIP","floor":23},{"not_picked":["Cold Snap","Steam","FTL"],"picked":"SKIP","floor":25},{"not_picked":["Darkness","Rebound+1"],"picked":"Electrodynamics","floor":27},{"not_picked":["Tempest","Reprogram"],"picked":"Coolheaded","floor":27},{"not_picked":["Fusion","Hologram+1","Reinforced Body"],"picked":"SKIP","floor":28},{"not_picked":["Compile Driver","Barrage+1","Redo"],"picked":"SKIP","floor":28},{"not_picked":["Stack+1","Capacitor","FTL+1"],"picked":"SKIP","floor":29},{"not_picked":["Gash+1","Go for the Eyes","Conserve Battery"],"picked":"SKIP","floor":29},{"not_picked":["Tempest","Steam"],"picked":"Defragment+1","floor":31},{"not_picked":["Leap+1","Compile Driver"],"picked":"Defragment","floor":31},{"not_picked":["Meteor Strike","Core Surge"],"picked":"Thunder Strike","floor":33},{"not_picked":["Turbo","Beam Cell"],"picked":"Defragment","floor":35},{"not_picked":["Hologram+1","Rebound","Ball Lightning+1"],"picked":"SKIP","floor":35},{"not_picked":["Hello World+1","Fusion","Leap+1"],"picked":"SKIP","floor":37},{"not_picked":["Turbo+1","Rebound","Coolheaded"],"picked":"SKIP","floor":37},{"not_picked":["Conserve Battery+1","Rainbow","Storm"],"picked":"SKIP","floor":38},{"not_picked":["Stack","Reinforced Body","Cold Snap+1"],"picked":"SKIP","floor":38}],"player_experience":471235,"relics_obtained":[{"floor":7,"key":"Anchor"},{"floor":10,"key":"Torii"},{"floor":23,"key":"Orichalcum"},{"floor":25,"key":"PreservedInsect"},{"floor":26,"key":"Prayer Wheel"}],"event_choices":[{"damage_healed":0,"gold_gain":0,"player_choice":"Ignored","damage_taken":0,"max_hp_gain":0,"max_hp_loss":0,"event_name":"Liars Game","floor":2,"gold_loss":0},{"damage_healed":0,"gold_gain":0,"player_choice":"Donut","damage_taken":0,"max_hp_gain":5,"max_hp_loss":0,"event_name":"Big Fish","floor":8,"gold_loss":0},{"cards_removed":["Strike_B"],"damage_healed":0,"gold_gain":0,"player_choice":"Offered Basic","damage_taken":0,"max_hp_gain":0,"max_hp_loss":0,"event_name":"Bonfire Elementals","floor":21,"gold_loss":0},{"damage_healed":0,"gold_gain":0,"player_choice":"Bought 1 Potion","damage_taken":0,"max_hp_gain":0,"max_hp_loss":0,"event_name":"The Woman in Blue","floor":30,"gold_loss":0},{"cards_removed":["Defend_B"],"damage_healed":0,"gold_gain":0,"player_choice":"Upgrade and Remove","damage_taken":0,"max_hp_gain":0,"max_hp_loss":0,"event_name":"Designer","floor":36,"gold_loss":90,"cards_upgraded":["Tempest"]}],"is_beta":false,"boss_relics":[{"not_picked":["Runic Dome","Nuclear Battery"],"picked":"Tiny House"},{"not_picked":["Astrolabe","Runic Pyramid"],"picked":"Empty Cage"}],"items_purged_floors":[19],"is_endless":false,"potions_floor_spawned":[4,10,14,16,18,22,23,29,31,37,38],"killed_by":"Nemesis","ascension_level":0}