{"gold_per_floor":[119,132,142,154,154,154,154,154,154,154,165,198,211,230,230,334,334,353,353,7,25,125,125,157,173,173,473,498,498,498,413,413,510,510,520,520,533,493,504,524,524,535,560,577,7,33,67,87,87,87,87,87,14,44,44],"floor_reached":55,"playtime":3475,"items_purged":["Strike_G"],"score":1003,"play_id":"d5368965-c3a2-4b85-9d8b-1e7536c12043","local_time":"20190323140300","is_ascension_mode":true,"campfire_choices":[{"data":"Adrenaline","floor":6,"key":"SMITH"},{"floor":8,"key":"REST"},{"data":"Leg Sweep","floor":15,"key":"SMITH"},{"floor":23,"key":"DIG"},{"floor":27,"key":"DIG"},{"data":"Accuracy","floor":32,"key":"SMITH"},{"floor":41,"key":"DIG"},{"floor":49,"key":"RECALL"},{"floor":52,"key":"DIG"}],"neow_cost":"NONE","seed_source_timestamp":0,"circlet_count":0,"master_deck":["Defend_G","Defend_G","Defend_G","Defend_G","Defend_G","Strike_G+1","Strike_G","Strike_G","Strike_G","Survivor","Neutralize","Adrenaline+1","Cloak And Dagger+1","Dagger Spray","Backstab","Underhanded Strike","Leg Sweep+1","Escape Plan","Backflip","Storm of Steel+1","Reflex+1","Bandage Up","Backstab","Infinite Blades","Cloak And Dagger","Acrobatics","Slice","Underhanded Strike","Flechettes+1","Footwork","Deflect","Accuracy+1","Doppelganger","Reflex+1","Blur+1","Poisoned Stab+1","Infinite Blades","Prepared+1","Adrenaline","Thinking Ahead","Predator+1","Accuracy"],"special_seed":0,"relics":["Ring of the Serpent","Bronze Scales","Ornamental Fan","Orichalcum","Busted Crown","Shovel","Ninja Scroll","Molten Egg 2","Bag of Marbles","Letter Opener","Old Coin","Pen Nib","Bag of Preparation","Shuriken","Singing Bowl","Smiling Mask","Pantograph","Boot","Happy Flower","Sundial","The Specimen"],"potions_floor_usage":[12,12,16,21,24,28,33,37,50,54],"damage_taken":[{"damage":0.0,"enemies":"Cultist","floor":1.0,"turns":3.0},{"damage":0.0,"enemies":"2 Louse","floor":2.0,"turns":2.0},{"damage":0.0,"enemies":"Small Slimes","floor":3.0,"turns":3.0},{"damage":0.0,"enemies":"Gremlin Gang","floor":4.0,"turns":3.0},{"damage":0,"enemies":"3 Louse","floor":11,"turns":2},{"damage":24,"enemies":"Gremlin Nob","floor":12,"turns":5},{"damage":0,"enemies":"Red Slaver","floor":13,"turns":2},{"damage":0,"enemies":"Looter","floor":14,"turns":2},{"damage":10,"enemies":"The Guardian","floor":16,"turns":12},{"damage":3,"enemies":"Chosen","floor":18,"turns":5},{"damage":1,"enemies":"Spheric Guardian","floor":21,"turns":4},{"damage":4,"enemies":"Colosseum Slavers","floor":22,"turns":4},{"damage":15,"enemies":"Colosseum Nobs","floor":22,"turns":5},{"damage":0,"enemies":"Book of Stabbing","floor":24,"turns":4},{"damage":0,"enemies":"Shelled Parasite and Fungi","floor":25,"turns":2},{"damage":10,"enemies":"Gremlin Leader","floor":28,"turns":4},{"damage":15,"enemies":"Champ","floor":33,"turns":7},{"damage":0,"enemies":"Orb Walker","floor":35,"turns":1},{"damage":0,"enemies":"3 Darklings","floor":37,"turns":3},{"damage":3,"enemies":"Maw","floor":39,"turns":5},{"damage":0,"enemies":"Jaw Worm Horde","floor":40,"turns":3},{"damage":4,"enemies":"4 Shapes","floor":42,"turns":5},{"damage":1,"enemies":"Sphere and 2 Shapes","floor":44,"turns":4},{"damage":15,"enemies":"Nemesis","floor":47,"turns":3},{"damage":8,"enemies":"Spire Growth","floor":48,"turns":3},{"damage":36,"enemies":"Donu and Deca","floor":50,"turns":6},{"damage":44,"enemies":"Shield and Spear","floor":54,"turns":4},{"damage":57,"enemies":"The Heart","floor":55,"turns":3}],"seed_played":"-6999146390821656896","potions_obtained":[{"floor":3.0,"key":"Block Potion"},{"floor":11,"key":"Ancient Potion"},{"floor":12,"key":"LiquidBronze"},{"floor":13,"key":"Block Potion"},{"floor":22,"key":"Strength Potion"},{"floor":24,"key":"Swift Potion"},{"floor":28,"key":"Weak Potion"},{"floor":33,"key":"SkillPotion"},{"floor":35,"key":"Explosive Potion"},{"floor":40,"key":"GamblersBrew"},{"floor":42,"key":"EssenceOfSteel"}],"is_trial":false,"path_per_floor":["M","M","M","M","T","R","?","R","T","?","M","E","M","M","R","B",null,"M","?","$","M","?","R","E","M","T","R","E","?","?","?","R","B",null,"M","?","M","?","M","M","R","M","T","M","$","T","E","M","R","B",null,"R","$","E","B"],"character_chosen":"THE_SILENT","items_purchased":["Bandage Up","Backstab","Infinite Blades","Cloak And Dagger","Acrobatics","Slice","Adrenaline","Pantograph","Thinking Ahead","Accuracy"],"campfire_rested":1,"item_purchase_floors":[20,20,20,20,20,20,45,45,45,53],"current_hp_per_floor":[63,63,63,63,63,63,49,70,70,70,70,46,46,46,46,36,62,59,70,70,70,55,55,59,59,59,59,53,53,53,53,53,42,63,67,67,70,70,70,70,70,67,67,71,71,71,57,55,55,42,66,66,66,28,0],"gold":44,"neow_bonus":"ONE_RANDOM_RARE_CARD","is_prod":false,"is_daily":false,"chose_seed":false,"campfire_upgraded":3,"win_rate":0,"timestamp":1553374980,"path_taken":["M","M","M","?","?","R","?","R","T","?","M","E","M","?","R","BOSS","M","?","$","?","?","R","E","M","T","R","E","?","?","?","R","BOSS","M","?","M","?","M","M","R","M","T","?","$","?","E","?","R","BOSS","R","$","E","BOSS"],"build_version":"2019-01-23","purchased_purges":1,"victory":false,"max_hp_per_floor":[70,70,70,70,70,70,70,70,70,70,70,70,70,70,70,70,70,70,70,70,70,70,70,70,70,70,70,70,70,70,70,70,70,70,70,70,70,70,70,70,70,70,70,72,72,72,72,74,74,74,74,74,74,76,76],"card_choices":[{"not_picked":["Catalyst","Outmaneuver"],"picked":"Cloak And Dagger","floor":1.0},{"not_picked":["Bane","All Out Attack"],"picked":"Dagger Spray","floor":2.0},{"not_picked":["Crippling Poison","Deadly Poison"],"picked":"Backstab","floor":3.0},{"not_picked":["Dagger Throw","Catalyst"],"picked":"Underhanded Strike","floor":4.0},{"not_picked":["Slice","Riddle With Holes"],"picked":"Outmaneuver","floor":11},{"not_picked":["Dagger Spray","Sucker Punch"],"picked":"Leg Sweep","floor":12},{"not_picked":["Dagger Throw","Masterful Stab"],"picked":"Escape Plan","floor":13},{"not_picked":["Slice","Deadly Poison"],"picked":"Backflip","floor":14},{"not_picked":["Unload","Bullet Time"],"picked":"Storm of Steel","floor":16},{"not_picked":[],"picked":"Reflex+1","floor":18},{"not_picked":[],"picked":"Underhanded Strike","floor":21},{"not_picked":[],"picked":"Flechettes+1","floor":24},{"not_picked":[],"picked":"Footwork","floor":25},{"not_picked":[],"picked":"Deflect","floor":28},{"not_picked":[],"picked":"Doppelganger","floor":33},{"not_picked":[],"picked":"Reflex+1","floor":35},{"not_picked":[],"picked":"Blur+1","floor":37},{"not_picked":[],"picked":"Poisoned Stab+1","floor":39},{"not_picked":[],"picked":"Infinite Blades","floor":40},{"not_picked":[],"picked":"Prepared+1","floor":42},{"not_picked":["Reflex+1"],"picked":"Singing Bowl","floor":44},{"not_picked":[],"picked":"Predator+1","floor":47},{"not_picked":["Catalyst"],"picked":"Singing Bowl","floor":48},{"not_picked":["Calculated Gamble"],"picked":"Singing Bowl","floor":54}],"player_experience":392829,"relics_obtained":[{"floor":9,"key":"Bronze Scales"},{"floor":10,"key":"Ornamental Fan"},{"floor":12,"key":"Orichalcum"},{"floor":22,"key":"Shovel"},{"floor":22,"key":"Ninja Scroll"},{"floor":23,"key":"Molten Egg 2"},{"floor":24,"key":"Bag of Marbles"},{"floor":26,"key":"Letter Opener"},{"floor":27,"key":"Old Coin"},{"floor":28,"key":"Pen Nib"},{"floor":41,"key":"Singing Bowl"},{"floor":43,"key":"Smiling Mask"},{"floor":46,"key":"Boot"},{"floor":47,"key":"Happy Flower"},{"floor":52,"key":"Sundial"},{"floor":54,"key":"The Specimen"}],"event_choices":[{"damage_healed":0,"gold_gain":0,"player_choice":"Entered Light","damage_taken":14,"max_hp_gain":0,"max_hp_loss":0,"event_name":"Shining Light","floor":7,"gold_loss":0,"cards_upgraded":["Cloak And Dagger","Strike_G"]},{"damage_healed":0,"gold_gain":0,"player_choice":"Relic","damage_taken":0,"max_hp_gain":0,"max_hp_loss":0,"event_name":"Wheel of Change","floor":10,"gold_loss":0},{"damage_healed":11,"gold_gain":0,"player_choice":"Full Heal","damage_taken":0,"max_hp_gain":0,"max_hp_loss":0,"event_name":"Wheel of Change","floor":19,"gold_loss":0},{"damage_healed":0,"gold_gain":0,"player_choice":"Fight","damage_taken":0,"max_hp_gain":0,"max_hp_loss":0,"event_name":"Colosseum","floor":22,"gold_loss":0},{"damage_healed":0,"gold_gain":0,"player_choice":"Fought Nobs","damage_taken":0,"max_hp_gain":0,"max_hp_loss":0,"event_name":"Colosseum","floor":22,"gold_loss":0},{"damage_healed":0,"gold_gain":0,"player_choice":"Read","damage_taken":0,"max_hp_gain":0,"max_hp_loss":0,"event_name":"The Library","floor":29,"gold_loss":0,"cards_obtained":["Accuracy"]},{"damage_healed":0,"gold_gain":0,"player_choice":"Opened","damage_taken":0,"relics_obtained":["Bag of Preparation"],"max_hp_gain":0,"max_hp_loss":0,"event_name":"The Mausoleum","floor":30,"gold_loss":0},{"damage_healed":0,"gold_gain":0,"player_choice":"Obtained Relic","damage_taken":0,"relics_obtained":["Shuriken"],"max_hp_gain":0,"max_hp_loss":0,"event_name":"Addict","floor":31,"gold_loss":85},{"cards_removed":["Outmaneuver"],"damage_healed":0,"gold_gain":0,"player_choice":"Removed Skill","damage_taken":0,"max_hp_gain":0,"max_hp_loss":0,"event_name":"Falling","floor":36,"gold_loss":0},{"damage_healed":0,"gold_gain":0,"player_choice":"Upgrade","damage_taken":0,"max_hp_gain":0,"max_hp_loss":0,"event_name":"Designer","floor":38,"gold_loss":40,"cards_upgraded":["Storm of Steel"]}],"is_beta":false,"boss_relics":[{"not_picked":["Coffee Dripper","Runic Pyramid"],"picked":"Busted Crown"},{"not_picked":["Velvet Choker","Sozu"],"picked":"Ring of the Serpent"}],"items_purged_floors":[45],"is_endless":false,"potions_floor_spawned":[3,11,12,13,22,24,28,33,35,40,42],"killed_by":"The Heart","ascension_level":6}