{"gold_per_floor":[117,117,117,130,8,39,58,58,58,58,58,74,105,135,135,240,240,255,267,267,278,210,210,226,238,238,256,256,286,211,234,234,234],"floor_reached":33,"playtime":1389,"items_purged":[],"score":430,"play_id":"6e86ff31-6b2d-432f-b4d3-5149bd1cd0af","local_time":"20190323181744","is_ascension_mode":true,"campfire_choices":[{"data":"Footwork","floor":8,"key":"SMITH"},{"data":"Deflect","floor":10,"key":"SMITH"},{"data":"Dagger Spray","floor":15,"key":"SMITH"},{"floor":23,"key":"REST"},{"floor":28,"key":"REST"},{"floor":32,"key":"REST"}],"neow_cost":"NONE","seed_source_timestamp":897519078885741,"circlet_count":0,"master_deck":["Defend_G","Defend_G","Defend_G","Defend_G","Strike_G","Strike_G","Strike_G","Strike_G","Survivor","Neutralize","Dagger Spray+1","Flying Knee+1","Sucker Punch+1","Footwork+1","Deflect+1","Riddle With Holes+1","Backstab+1","Quick Slash+1","Leg Sweep+1","After Image","Footwork","Envenom","Acrobatics+1","Eviscerate+1","Outmaneuver+1","Dash+1","Concentrate+1","Heel Hook+1","Deflect+1","Bouncing Flask+1","A Thousand Cuts","Poisoned Stab+1","Caltrops+1","Dagger Throw+1","Backstab+1"],"relics":["Ring of the Snake","NeowsBlessing","Molten Egg 2","Torii","Toxic Egg 2","Calipers","Prayer Wheel","Odd Mushroom","Fusion Hammer","Dream Catcher","Anchor"],"potions_floor_usage":[12,13,21,29,33],"damage_taken":[{"damage":0,"enemies":"2 Louse","floor":1,"turns":1},{"damage":0,"enemies":"Cultist","floor":4,"turns":1},{"damage":0,"enemies":"Gremlin Nob","floor":6,"turns":1},{"damage":1,"enemies":"Jaw Worm","floor":7,"turns":3},{"damage":0,"enemies":"3 Louse","floor":12,"turns":1},{"damage":2,"enemies":"3 Sentries","floor":13,"turns":6},{"damage":1,"enemies":"The Mushroom Lair","floor":14,"turns":3},{"damage":23,"enemies":"Slime Boss","floor":16,"turns":14},{"damage":1,"enemies":"Chosen","floor":18,"turns":5},{"damage":11,"enemies":"Spheric Guardian","floor":19,"turns":3},{"damage":10,"enemies":"Snecko","floor":21,"turns":3},{"damage":0,"enemies":"3 Cultists","floor":24,"turns":5},{"damage":21,"enemies":"Snake Plant","floor":25,"turns":5},{"damage":22,"enemies":"Chosen and Byrds","floor":27,"turns":6},{"damage":14,"enemies":"Book of Stabbing","floor":29,"turns":5},{"damage":54,"enemies":"Collector","floor":33,"turns":5}],"seed_played":"-912150993508539846","potions_obtained":[{"floor":1,"key":"Strength Potion"},{"floor":4,"key":"FearPotion"},{"floor":7,"key":"Explosive Potion"},{"floor":21,"key":"SteroidPotion"},{"floor":27,"key":"EssenceOfSteel"},{"floor":29,"key":"SpeedPotion"}],"is_trial":false,"path_per_floor":["M","?","?","M","$","E","M","R","T","R","T","M","E","?","R","B",null,"M","M","?","M","$","R","M","M","T","M","R","E","?","T","R","B"],"character_chosen":"THE_SILENT","items_purchased":["Sucker Punch+1","Footwork","Concentrate+1"],"campfire_rested":3,"item_purchase_floors":[5,5,22],"current_hp_per_floor":[63,60,70,70,70,70,69,69,69,69,69,69,67,66,66,43,63,62,51,51,41,41,62,62,41,41,19,40,26,26,26,47,0],"gold":234,"neow_bonus":"THREE_ENEMY_KILL","is_prod":false,"is_daily":false,"chose_seed":false,"campfire_upgraded":3,"win_rate":0,"timestamp":1553390264,"path_taken":["M","?","?","?","?","E","M","R","T","R","?","M","E","?","R","BOSS","M","M","?","?","?","R","M","?","T","M","R","E","?","?","R","BOSS"],"build_version":"2019-01-23","purchased_purges":0,"victory":false,"max_hp_per_floor":[70,70,70,70,70,70,70,70,70,70,70,70,70,70,70,70,70,70,70,70,70,70,70,70,70,70,70,70,70,70,70,70,70],"card_choices":[{"not_picked":["Finisher","Quick Slash"],"picked":"Dagger Spray","floor":1},{"not_picked":["Backflip","Quick Slash+1"],"picked":"Flying Knee+1","floor":4},{"not_picked":["Deadly Poison","Expertise"],"picked":"Deflect","floor":6},{"not_picked":["Bane+1","Quick Slash+1"],"picked":"Riddle With Holes+1","floor":7},{"not_picked":["Outmaneuver+1","Underhanded Strike+1"],"picked":"Backstab+1","floor":12},{"not_picked":["Expertise+1","Bane+1"],"picked":"Quick Slash+1","floor":13},{"not_picked":["Dodge and Roll+1","Bouncing Flask+1"],"picked":"Leg Sweep+1","floor":14},{"not_picked":["Bullet Time+1","Malaise+1"],"picked":"After Image","floor":16},{"not_picked":["Setup+1","Deflect+1"],"picked":"Footwork","floor":18},{"not_picked":["Acrobatics+1","Blade Dance+1"],"picked":"Envenom","floor":18},{"not_picked":["Deadly Poison+1","Dagger Spray+1"],"picked":"Acrobatics+1","floor":19},{"not_picked":["Flying Knee+1","Poisoned Stab+1"],"picked":"Eviscerate+1","floor":19},{"not_picked":["Underhanded Strike+1","Flying Knee+1"],"picked":"Outmaneuver+1","floor":21},{"not_picked":["Sucker Punch+1","Calculated Gamble+1"],"picked":"Dash+1","floor":21},{"not_picked":["Outmaneuver+1","Finisher+1"],"picked":"Heel Hook+1","floor":24},{"not_picked":["Blade Dance+1","Well Laid Plans"],"picked":"Deflect+1","floor":24},{"not_picked":["Sucker Punch+1","Deflect+1"],"picked":"Bouncing Flask+1","floor":25},{"not_picked":["Acrobatics+1","Outmaneuver+1"],"picked":"A Thousand Cuts","floor":25},{"not_picked":["Deflect+1","Flying Knee+1"],"picked":"Poisoned Stab+1","floor":27},{"not_picked":["Underhanded Strike+1","Bane+1"],"picked":"Caltrops+1","floor":27},{"not_picked":["Flechettes+1","Finisher+1"],"picked":"Dagger Throw+1","floor":29},{"not_picked":["PiercingWail+1","Unload+1"],"picked":"Backstab+1","floor":32}],"player_experience":396690,"relics_obtained":[{"floor":6,"key":"Torii"},{"floor":9,"key":"Toxic Egg 2"},{"floor":11,"key":"Calipers"},{"floor":13,"key":"Prayer Wheel"},{"floor":14,"key":"Odd Mushroom"},{"floor":29,"key":"Dream Catcher"},{"floor":31,"key":"Anchor"}],"event_choices":[{"damage_healed":0,"gold_gain":0,"player_choice":"Success","damage_taken":3,"relics_obtained":["Molten Egg 2"],"max_hp_gain":0,"max_hp_loss":0,"event_name":"Scrap Ooze","floor":2,"gold_loss":0},{"damage_healed":10,"gold_gain":0,"player_choice":"Full Heal","damage_taken":0,"max_hp_gain":0,"max_hp_loss":0,"event_name":"Wheel of Change","floor":3,"gold_loss":0},{"damage_healed":0,"gold_gain":0,"player_choice":"Fought Mushrooms","damage_taken":0,"max_hp_gain":0,"max_hp_loss":0,"event_name":"Mushrooms","floor":14,"gold_loss":0},{"cards_removed":["Defend_G"],"damage_healed":0,"gold_gain":0,"player_choice":"Purged","damage_taken":0,"max_hp_gain":0,"max_hp_loss":0,"event_name":"Purifier","floor":20,"gold_loss":0},{"cards_removed":["Strike_G"],"damage_healed":0,"gold_gain":0,"player_choice":"Gave Gold","damage_taken":0,"max_hp_gain":0,"max_hp_loss":0,"event_name":"Beggar","floor":30,"gold_loss":75}],"is_beta":false,"boss_relics":[{"not_picked":["Coffee Dripper","Empty Cage"],"picked":"Fusion Hammer"}],"items_purged_floors":[],"is_endless":false,"potions_floor_spawned":[1,4,7,21,27,29],"killed_by":"Collector","ascension_level":7}