{"path_per_floor":["M","T","M","$","?","E","M","R","T","R","M","M","M","M","R","B",null,"M","?","$","M","?","R","M","R","T","?","R","E","?","T","R","B",null,"M","$","M","?","?","E","R","?","T","M","R","E","R","M","R","B"],"character_chosen":"DEFECT","items_purchased":["Purity","Loop","Coolheaded","Whetstone"],"gold_per_floor":[113,188,200,34,34,59,79,79,79,79,95,111,123,140,140,244,244,254,254,49,65,65,65,81,81,81,81,81,111,111,138,138,242,272,289,21,39,39,39,70,70,117,117,137,137,164,164,183,183,183],"floor_reached":51,"campfire_rested":1,"playtime":2908,"item_purchase_floors":[],"current_hp_per_floor":[74,74,72,72,65,40,40,40,40,40,40,49,49,49,49,47,75,75,61,61,61,61,61,47,47,47,31,31,38,38,38,38,38,85,71,71,64,64,53,53,53,51,51,51,51,29,56,47,47,37],"items_purged":["Strike_B","Strike_B","Strike_B"],"gold":183,"score":748,"play_id":"bde7f6c9-70f1-4daa-aec1-74be281d5c90","local_time":"20180603111547","is_prod":false,"is_daily":false,"chose_seed":false,"is_ascension_mode":false,"campfire_upgraded":8,"win_rate":0.0,"timestamp":1527995747,"campfire_choices":[{"data":"Zap","floor":8.0,"key":"SMITH"},{"data":"Dualcast","floor":10.0,"key":"SMITH"},{"data":"Defragment","floor":15.0,"key":"SMITH"},{"data":"Loop","floor":23.0,"key":"SMITH"},{"data":"Defragment","floor":25.0,"key":"SMITH"},{"data":"Coolheaded","floor":28.0,"key":"SMITH"},{"data":"Machine Learning","floor":32.0,"key":"SMITH"},{"data":"Thunder Strike","floor":41.0,"key":"SMITH"},{"floor":45,"key":"DIG"},{"floor":47,"key":"REST"},{"floor":49,"key":"DIG"}],"path_taken":["M","?","M","$","?","E","M","R","T","R","M","M","?","M","R","BOSS","M","?","$","M","?","R","M","R","T","?","R","E","?","?","R","BOSS","M","$","M","?","?","E","R","?","T","?","R","E","R","M","R","BOSS"],"build_version":"2018-05-31","seed_source_timestamp":0,"purchased_purges":3,"victory":true,"master_deck":["Defend_B","Defend_B","Defend_B","Zap+1","Dualcast+1","Compile Driver+1","Scrape+1","Steam","Purity","Defragment+1","Defragment+1","Hello World","Go for the Eyes+1","Rebound","Amplify","Redo","Loop+1","Coolheaded+1","Force Field","Scrape+1","Machine Learning+1","Thunder Strike+1","Capacitor","Mind Blast","Madness","Madness","Darkness+1","Hologram+1","Force Field+1","Ball Lightning+1"],"max_hp_per_floor":[75,75,75,75,75,75,75,75,75,75,75,75,75,75,75,75,75,75,80,80,80,80,80,80,80,80,80,80,80,80,80,80,80,85,87,87,89,89,89,89,89,89,89,91,91,91,91,91,91,91],"relics":["Cracked Core","Meat on the Bone","Anchor","Toolbox","Sozu","Blue Candle","Enchiridion","Singing Bowl","Ancient Tea Set","Tiny House","Whetstone","Shovel","Calipers","Mummified Hand","Gremlin Horn","The Courier","Ornamental Fan"],"card_choices":[{"not_picked":["Cold Snap","Glacier"],"picked":"Scrape","floor":1.0},{"not_picked":["Conserve Battery","Go for the Eyes"],"picked":"Steam","floor":3.0},{"not_picked":["Coolheaded","Melter","Double Energy"],"picked":"SKIP","floor":6.0},{"not_picked":["Beam Cell","Compile Driver"],"picked":"Defragment","floor":7.0},{"not_picked":["Chill","Compile Driver"],"picked":"Defragment","floor":11.0},{"not_picked":["Consume","Rip and Tear"],"picked":"Hello World","floor":12.0},{"not_picked":["Creative AI","Heatsinks"],"picked":"Go for the Eyes","floor":13.0},{"not_picked":["Aggregate","Stack"],"picked":"Rebound","floor":14.0},{"not_picked":["Buffer","Rainbow"],"picked":"Amplify","floor":16.0},{"not_picked":["Stack+1","Sweeping Beam"],"picked":"Redo","floor":18.0},{"not_picked":["Cold Snap","Stack"],"picked":"Force Field","floor":21.0},{"not_picked":["Undo","Double Energy"],"picked":"Scrape+1","floor":24.0},{"not_picked":["BootSequence+1","Cold Snap"],"picked":"Machine Learning","floor":29.0},{"not_picked":["Echo Form","Buffer"],"picked":"Thunder Strike","floor":33.0},{"not_picked":["Gash","Chill"],"picked":"Capacitor","floor":34.0},{"not_picked":["Barrage","Redo","Coolheaded+1"],"picked":"Singing Bowl","floor":35.0},{"not_picked":["Barrage+1","Melter","Beam Cell+1"],"picked":"Singing Bowl","floor":37.0},{"not_picked":["Swift Strike","Secret Weapon"],"picked":"Mind Blast","floor":38.0},{"not_picked":["Conserve Battery","Sweeping Beam"],"picked":"Darkness+1","floor":40.0},{"not_picked":["Conserve Battery","Coolheaded+1"],"picked":"Hologram+1","floor":42.0},{"not_picked":["Reinforced Body+1","Melter+1","Skim"],"picked":"Singing Bowl","floor":44},{"not_picked":["Amplify","Rebound+1"],"picked":"Force Field+1","floor":46},{"not_picked":["Blizzard+1","Barrage+1"],"picked":"Ball Lightning+1","floor":48}],"player_experience":212151,"potions_floor_usage":[],"damage_taken":[{"damage":1.0,"enemies":"Cultist","floor":1.0,"turns":4.0},{"damage":2.0,"enemies":"Jaw Worm","floor":3.0,"turns":4.0},{"damage":25.0,"enemies":"3 Sentries","floor":6.0,"turns":7.0},{"damage":0.0,"enemies":"Small Slimes","floor":7.0,"turns":2.0},{"damage":0.0,"enemies":"Blue Slaver","floor":11.0,"turns":3.0},{"damage":3.0,"enemies":"Exordium Thugs","floor":12.0,"turns":3.0},{"damage":0.0,"enemies":"3 Louse","floor":13.0,"turns":3.0},{"damage":0.0,"enemies":"Blue Slaver","floor":14.0,"turns":2.0},{"damage":6.0,"enemies":"Slime Boss","floor":16.0,"turns":9.0},{"damage":0.0,"enemies":"Shell Parasite","floor":18.0,"turns":3.0},{"damage":0.0,"enemies":"Spheric Guardian","floor":21.0,"turns":4.0},{"damage":14.0,"enemies":"Chosen and Byrds","floor":24.0,"turns":6.0},{"damage":12.0,"enemies":"Slavers","floor":29.0,"turns":5.0},{"damage":12.0,"enemies":"Automaton","floor":33.0,"turns":6.0},{"damage":16.0,"enemies":"3 Darklings","floor":35.0,"turns":4.0},{"damage":9.0,"enemies":"Orb Walker","floor":37.0,"turns":3.0},{"damage":0.0,"enemies":"Giant Head","floor":40.0,"turns":6.0},{"damage":2.0,"enemies":"Mysterious Sphere","floor":42.0,"turns":5.0},{"damage":14,"enemies":"3 Darklings","floor":44,"turns":4},{"damage":34,"enemies":"2 Orb Walkers","floor":46,"turns":5},{"damage":9,"enemies":"Maw","floor":48,"turns":4},{"damage":22,"enemies":"Donu and Deca","floor":50,"turns":7}],"relics_obtained":[{"floor":2.0,"key":"Meat on the Bone"},{"floor":6.0,"key":"Anchor"},{"floor":9.0,"key":"Toolbox"},{"floor":26.0,"key":"Blue Candle"},{"floor":27.0,"key":"Enchiridion"},{"floor":29.0,"key":"Singing Bowl"},{"floor":31.0,"key":"Ancient Tea Set"},{"floor":40.0,"key":"Shovel"},{"floor":42.0,"key":"Calipers"},{"floor":43.0,"key":"Mummified Hand"},{"floor":45,"key":"Gremlin Horn"},{"floor":46,"key":"The Courier"},{"floor":49,"key":"Ornamental Fan"}],"event_choices":[{"event_name":"Golden Wing","player_choice":"Card Removal","floor":5.0,"damage_taken":0.0},{"event_name":"Forgotten Altar","player_choice":"Shed Blood","floor":19.0,"damage_taken":0.0},{"event_name":"Ghosts","player_choice":"Ignored","floor":22.0,"damage_taken":0.0},{"event_name":"Cursed Tome","player_choice":"Obtained Book","floor":27.0,"damage_taken":0.0},{"event_name":"Drug Dealer","player_choice":"Ignored","floor":30.0,"damage_taken":0.0},{"event_name":"SensoryStone","player_choice":"Memory 1","floor":38.0,"damage_taken":0.0},{"event_name":"Winding Halls","player_choice":"Embrace Madness","floor":39.0,"damage_taken":0.0},{"event_name":"Mysterious Sphere","player_choice":"Fight","floor":42.0,"damage_taken":0.0}],"boss_relics":[],"items_purged_floors":[],"potions_floor_spawned":[7,12,13,21,33,40,42,44],"seed_played":"3103761264359873713","ascension_level":0,"potions_obtained":[{"floor":7.0,"key":"SpeedPotion"},{"floor":12.0,"key":"Weak Potion"},{"floor":13.0,"key":"Energy Potion"}],"is_trial":false}