{"gold_per_floor":[114,79,354,366,366,378,378,411,436,436],"floor_reached":10,"playtime":3009,"items_purged":[],"score":83,"play_id":"a7627d0c-c6f9-4e9b-b82e-0210f1a51fc5","local_time":"20190402192531","is_ascension_mode":true,"campfire_choices":[{"data":"Double Energy","floor":7,"key":"SMITH"}],"neow_cost":"NONE","seed_source_timestamp":1763955139418446,"circlet_count":0,"master_deck":["Strike_B","Strike_B","Strike_B","Strike_B","Defend_B","Defend_B","Defend_B","Zap","Dualcast","Double Energy+1","Regret","Darkness","Echo Form","Storm"],"relics":["Black Star","Happy Flower","Omamori","Boot"],"potions_floor_usage":[10,10],"damage_taken":[{"damage":13,"enemies":"Small Slimes","floor":1,"turns":4},{"damage":4,"enemies":"2 Louse","floor":4,"turns":2},{"damage":3,"enemies":"Cultist","floor":6,"turns":3},{"damage":38,"enemies":"Lagavulin","floor":8,"turns":7},{"damage":26,"enemies":"The Mushroom Lair","floor":10,"turns":2}],"seed_played":"-4704743139373989975","potions_obtained":[{"floor":1,"key":"LiquidBronze"},{"floor":4,"key":"Explosive Potion"}],"is_trial":false,"path_per_floor":["M","?","?","M","?","M","R","E","T","?"],"character_chosen":"DEFECT","items_purchased":[],"campfire_rested":0,"item_purchase_floors":[],"current_hp_per_floor":[62,75,75,71,64,61,61,23,23,0],"gold":436,"neow_bonus":"BOSS_RELIC","is_prod":false,"is_daily":false,"chose_seed":false,"campfire_upgraded":1,"win_rate":0,"timestamp":1554258331,"path_taken":["M","?","?","?","?","M","R","E","T","?"],"build_version":"2019-01-23","purchased_purges":0,"victory":false,"max_hp_per_floor":[75,75,75,75,75,75,75,75,75,75],"card_choices":[{"not_picked":["Hologram","Recycle"],"picked":"Double Energy","floor":1},{"not_picked":["Coolheaded","Steam"],"picked":"Darkness","floor":4},{"not_picked":["Sweeping Beam","Leap"],"picked":"Echo Form","floor":6},{"not_picked":["Ball Lightning","Turbo"],"picked":"Storm","floor":8}],"player_experience":488629,"relics_obtained":[{"floor":8,"key":"Happy Flower"},{"floor":8,"key":"Omamori"},{"floor":9,"key":"Boot"}],"event_choices":[{"damage_healed":18,"gold_gain":0,"player_choice":"Healed","damage_taken":0,"max_hp_gain":0,"max_hp_loss":0,"event_name":"The Cleric","floor":2,"gold_loss":35},{"damage_healed":0,"gold_gain":275,"player_choice":"Desecrate","damage_taken":0,"max_hp_gain":0,"max_hp_loss":0,"event_name":"Golden Shrine","floor":3,"gold_loss":0,"cards_obtained":["Regret"]},{"cards_removed":["Defend_B"],"damage_healed":0,"gold_gain":0,"player_choice":"Card Removal","damage_taken":7,"max_hp_gain":0,"max_hp_loss":0,"event_name":"Golden Wing","floor":5,"gold_loss":0},{"damage_healed":0,"gold_gain":0,"player_choice":"Fought Mushrooms","damage_taken":0,"max_hp_gain":0,"max_hp_loss":0,"event_name":"Mushrooms","floor":10,"gold_loss":0}],"is_beta":false,"boss_relics":[],"items_purged_floors":[],"is_endless":false,"potions_floor_spawned":[1,4],"killed_by":"The Mushroom Lair","ascension_level":5}