{"gold_per_floor":[116,131,131,81,92,92,167,45,45,61,81,112,130,146,146,146],"floor_reached":16,"playtime":427,"items_purged":["Defend_R","Defend_R"],"score":146,"play_id":"7d7fa655-ad01-4f63-9441-c0a069f9fd68","local_time":"20190416202501","is_ascension_mode":true,"campfire_choices":[{"data":"Rage","floor":6,"key":"SMITH"},{"data":"Limit Break","floor":15,"key":"SMITH"}],"neow_cost":"NONE","seed_source_timestamp":475429178838000,"circlet_count":0,"master_deck":["Strike_R","Strike_R","Strike_R","Strike_R","Defend_R","Defend_R","Bash","Sword Boomerang","Rage+1","Spot Weakness","Flex","Limit Break+1","Iron Wave"],"relics":["Burning Blood","Smiling Mask","Frozen Egg 2","Prayer Wheel"],"potions_floor_usage":[12,16,16],"damage_taken":[{"damage":6,"enemies":"Cultist","floor":1,"turns":4},{"damage":7,"enemies":"Small Slimes","floor":2,"turns":3},{"damage":3,"enemies":"2 Louse","floor":5,"turns":2},{"damage":10,"enemies":"Exordium Thugs","floor":10,"turns":4},{"damage":7,"enemies":"Looter","floor":11,"turns":3},{"damage":15,"enemies":"3 Sentries","floor":12,"turns":5},{"damage":19,"enemies":"Large Slime","floor":13,"turns":4},{"damage":11,"enemies":"2 Fungi Beasts","floor":14,"turns":3},{"damage":36,"enemies":"Slime Boss","floor":16,"turns":5}],"seed_played":"5320784055780587075","potions_obtained":[{"floor":5,"key":"Explosive Potion"},{"floor":11,"key":"Energy Potion"},{"floor":13,"key":"Swift Potion"},{"floor":14,"key":"Weak Potion"}],"is_trial":false,"path_per_floor":["M","M","?","$","M","R","?","$","T","M","M","E","M","M","R","B"],"character_chosen":"IRONCLAD","items_purchased":["Spot Weakness"],"campfire_rested":0,"item_purchase_floors":[8],"current_hp_per_floor":[72,71,64,64,67,67,59,59,59,55,54,45,32,27,27,0],"gold":146,"neow_bonus":"RANDOM_COMMON_RELIC","is_prod":false,"is_daily":false,"chose_seed":false,"campfire_upgraded":2,"win_rate":0,"timestamp":1555417501,"path_taken":["M","?","?","$","M","R","?","$","T","?","M","E","M","M","R","BOSS"],"build_version":"2019-01-23","purchased_purges":2,"victory":false,"max_hp_per_floor":[80,80,80,80,80,80,80,80,80,80,80,80,80,80,80,80],"card_choices":[{"not_picked":["Wild Strike","Thunderclap"],"picked":"Sword Boomerang","floor":1},{"not_picked":["Headbutt","Thunderclap"],"picked":"Rage","floor":2},{"not_picked":["Sever Soul","Twin Strike","Carnage"],"picked":"SKIP","floor":5},{"not_picked":["Sever Soul","Twin Strike","Carnage"],"picked":"SKIP","floor":5},{"not_picked":["Shrug It Off","Clothesline","Heavy Blade"],"picked":"SKIP","floor":10},{"not_picked":["Havoc","Feel No Pain+1","Combust+1"],"picked":"SKIP","floor":11},{"not_picked":["Body Slam","Rage","Cleave"],"picked":"SKIP","floor":12},{"not_picked":["Body Slam","Rage","Cleave"],"picked":"SKIP","floor":12},{"not_picked":["Infernal Blade","Anger"],"picked":"Flex","floor":13},{"not_picked":["Shockwave","Warcry"],"picked":"Limit Break","floor":13},{"not_picked":["Sentinel","Clothesline"],"picked":"Iron Wave","floor":14},{"not_picked":["Clothesline","Havoc","Thunderclap"],"picked":"SKIP","floor":14}],"player_experience":496586,"relics_obtained":[{"floor":9,"key":"Frozen Egg 2"},{"floor":12,"key":"Prayer Wheel"}],"event_choices":[{"cards_removed":["Strike_R"],"damage_healed":0,"gold_gain":0,"player_choice":"Card Removal","damage_taken":7,"max_hp_gain":0,"max_hp_loss":0,"event_name":"Golden Wing","floor":3,"gold_loss":0},{"damage_healed":0,"gold_gain":75,"player_choice":"Touch","damage_taken":8,"max_hp_gain":0,"max_hp_loss":0,"event_name":"FaceTrader","floor":7,"gold_loss":0}],"is_beta":false,"boss_relics":[],"items_purged_floors":[4,8],"is_endless":false,"potions_floor_spawned":[5,11,13,14],"killed_by":"Slime Boss","ascension_level":8}