{"gold_per_floor":[19,19,32,32,32,6,6,6,6,49,72,93,93,168,168,266,266,290,290,215,230,280,280],"floor_reached":23,"playtime":549,"items_purged":[],"score":415,"play_id":"0d955943-6489-4cdd-a9e2-3b85dc243d88","local_time":"20190330213242","is_ascension_mode":true,"campfire_choices":[{"data":"Darkness","floor":8.0,"key":"SMITH"},{"data":"Redo","floor":13.0,"key":"SMITH"},{"floor":15.0,"key":"REST"}],"neow_cost":"NO_GOLD","seed_source_timestamp":0,"circlet_count":0,"master_deck":["AscendersBane","Defend_B","Defend_B+1","Defend_B","Zap","Dualcast","Melter","Cold Snap","Darkness+1","Redo+1","Conserve Battery","Undo","Meteor Strike","Reboot","Tempest","Machine Learning","Multi-Cast","Hologram"],"special_seed":0,"relics":["Cracked Core","Golden Idol","Letter Opener","White Beast Statue"],"potions_floor_usage":[],"damage_taken":[{"damage":0.0,"enemies":"Small Slimes","floor":1.0,"turns":2.0},{"damage":5.0,"enemies":"Jaw Worm","floor":3.0,"turns":2.0},{"damage":16.0,"enemies":"Gremlin Nob","floor":10.0,"turns":4.0},{"damage":0.0,"enemies":"2 Louse","floor":11.0,"turns":2.0},{"damage":0.0,"enemies":"Exordium Wildlife","floor":12.0,"turns":3.0},{"damage":0.0,"enemies":"The Guardian","floor":16.0,"turns":9.0},{"damage":22.0,"enemies":"3 Byrds","floor":18.0,"turns":6.0},{"damage":19.0,"enemies":"Chosen","floor":21.0,"turns":5.0},{"damage":5,"enemies":"Gremlin Leader","floor":23,"turns":5}],"seed_played":"-6173934458395488400","potions_obtained":[{"floor":3.0,"key":"PowerPotion"},{"floor":10.0,"key":"SkillPotion"},{"floor":18.0,"key":"Regen Potion"},{"floor":21.0,"key":"FearPotion"}],"is_trial":false,"path_per_floor":["M","?","M","?","?","$","?","R","T","E","M","M","R","?","R","B",null,"M","?","?","M","?","E"],"character_chosen":"DEFECT","items_purchased":["Redo"],"campfire_rested":1,"item_purchase_floors":[6],"current_hp_per_floor":[64,64,59,52,52,52,33,33,33,17,17,17,17,6,25,25,54,32,32,32,25,25,20],"gold":280,"neow_bonus":"TRANSFORM_TWO_CARDS","is_prod":false,"is_daily":false,"chose_seed":true,"campfire_upgraded":2,"win_rate":0,"timestamp":1553952762,"path_taken":["M","?","M","?","?","$","?","R","T","E","?","M","R","?","R","BOSS","M","?","?","M","?","E"],"build_version":"2019-01-23","purchased_purges":0,"victory":false,"max_hp_per_floor":[71,64,64,64,64,64,64,64,64,64,64,64,64,64,64,64,64,64,64,64,64,64,64],"card_choices":[{"not_picked":["Steam","Ball Lightning"],"picked":"Cold Snap","floor":1.0},{"not_picked":["Barrage","Rip and Tear"],"picked":"Darkness","floor":3.0},{"not_picked":["Sweeping Beam","Undo"],"picked":"Conserve Battery","floor":10.0},{"not_picked":["Beam Cell","Chill"],"picked":"Undo","floor":11.0},{"not_picked":["Stack","Aggregate"],"picked":"Meteor Strike","floor":12.0},{"not_picked":["Creative AI","Machine Learning"],"picked":"Reboot","floor":16.0},{"not_picked":["Cold Snap","Rebound"],"picked":"Tempest","floor":18.0},{"not_picked":["Tempest+1","Darkness"],"picked":"Hologram","floor":21.0}],"player_experience":1298387,"relics_obtained":[{"floor":10.0,"key":"Letter Opener"}],"event_choices":[{"damage_healed":0.0,"max_hp_gain":0.0,"max_hp_loss":7.0,"gold_gain":0.0,"event_name":"Golden Idol","player_choice":"Lose Max HP","floor":2.0,"gold_loss":0.0,"damage_taken":0.0,"relics_obtained":["Golden Idol"]},{"cards_removed":["Strike_B"],"damage_healed":0.0,"max_hp_gain":0.0,"max_hp_loss":0.0,"gold_gain":0.0,"event_name":"Golden Wing","player_choice":"Card Removal","floor":4.0,"gold_loss":0.0,"damage_taken":7.0},{"damage_healed":0.0,"max_hp_gain":0.0,"max_hp_loss":0.0,"gold_gain":0.0,"event_name":"The Cleric","player_choice":"Leave","floor":5.0,"gold_loss":0.0,"damage_taken":0.0},{"damage_healed":0.0,"max_hp_gain":0.0,"max_hp_loss":0.0,"gold_gain":0.0,"event_name":"Shining Light","player_choice":"Entered Light","floor":7.0,"gold_loss":0.0,"damage_taken":19.0,"cards_upgraded":["Defend_B","Streamline"]},{"damage_healed":0.0,"max_hp_gain":0.0,"max_hp_loss":0.0,"gold_gain":75.0,"event_name":"World of Goop","player_choice":"Gather Gold","floor":14.0,"gold_loss":0.0,"damage_taken":11.0},{"damage_healed":0.0,"max_hp_gain":0.0,"max_hp_loss":0.0,"gold_gain":0.0,"cards_transformed":["Strike_B","Defend_B"],"event_name":"Drug Dealer","player_choice":"Became Test Subject","floor":19.0,"gold_loss":0.0,"damage_taken":0.0,"cards_obtained":["Machine Learning","Multi-Cast"]},{"cards_removed":["Streamline"],"damage_healed":0.0,"max_hp_gain":0.0,"max_hp_loss":0.0,"gold_gain":0.0,"event_name":"Beggar","player_choice":"Gave Gold","floor":20.0,"gold_loss":75.0,"damage_taken":0.0},{"damage_healed":0.0,"max_hp_gain":0.0,"max_hp_loss":0.0,"gold_gain":50.0,"event_name":"Nest","player_choice":"Stole From Cult","floor":22.0,"gold_loss":0.0,"damage_taken":0.0}],"is_beta":false,"boss_relics":[{"not_picked":["Fusion Hammer","Calling Bell"],"picked":"White Beast Statue"}],"items_purged_floors":[],"is_endless":false,"potions_floor_spawned":[3,10,11,18,21],"killed_by":"Gremlin Leader","ascension_level":15}