{"gold_per_floor":[114,129,144,159,61,61,76,76,76,91,91,56,86,101,101,201,201,216,216,216,231,246,276,276,291,291,291,306,321,169,184,184,184],"floor_reached":33,"playtime":3166,"items_purged":["Regret"],"score":323,"play_id":"b6194426-5b86-43e8-8575-92a8f665afeb","local_time":"20181225145031","daily_mods":["Cursed Run","Uncertain Future","Binary"],"is_ascension_mode":false,"campfire_choices":[{"data":"Static Discharge","floor":6,"key":"SMITH"},{"data":"Auto Shields","floor":8,"key":"SMITH"},{"data":"Zap","floor":15,"key":"SMITH"},{"floor":24,"key":"REST"},{"floor":27,"key":"REST"},{"floor":32,"key":"REST"}],"neow_cost":"","seed_source_timestamp":0,"circlet_count":0,"master_deck":["Strike_B","Strike_B","Strike_B","Defend_B","Defend_B","Defend_B","Defend_B","Zap+1","Dualcast","Compile Driver","Rebound","Conserve Battery","Sweeping Beam","Gash","Static Discharge+1","Auto Shields+1","Gash","White Noise","Ball Lightning","Rainbow","Steam Power+1","Writhe","Rebound","Stack","Defragment","Static Discharge+1","Redo","Undo","Decay","Genetic Algorithm","Compile Driver","Static Discharge","Beam Cell"],"special_seed":17890,"relics":["Cursed Key","Darkstone Periapt","Unceasing Top","Dodecahedron","Astrolabe","Nloth\u0027s Gift","Shuriken","Bottled Flame"],"potions_floor_usage":[],"damage_taken":[{"damage":1,"enemies":"Cultist","floor":1,"turns":3},{"damage":7,"enemies":"2 Louse","floor":2,"turns":2},{"damage":3,"enemies":"Small Slimes","floor":3,"turns":2},{"damage":5,"enemies":"Looter","floor":4,"turns":3},{"damage":3,"enemies":"Gremlin Gang","floor":7,"turns":3},{"damage":0,"enemies":"3 Louse","floor":10,"turns":3},{"damage":14,"enemies":"Gremlin Nob","floor":13,"turns":3},{"damage":0,"enemies":"Large Slime","floor":14,"turns":4},{"damage":19,"enemies":"The Guardian","floor":16,"turns":8},{"damage":9,"enemies":"Spheric Guardian","floor":18,"turns":4},{"damage":5,"enemies":"3 Byrds","floor":21,"turns":4},{"damage":16,"enemies":"Centurion and Healer","floor":22,"turns":6},{"damage":42,"enemies":"Gremlin Leader","floor":23,"turns":6},{"damage":5,"enemies":"Snake Plant","floor":25,"turns":2},{"damage":26,"enemies":"Shelled Parasite and Fungi","floor":28,"turns":5},{"damage":7,"enemies":"Snecko","floor":29,"turns":6},{"damage":25,"enemies":"3 Cultists","floor":31,"turns":6},{"damage":76,"enemies":"Champ","floor":33,"turns":8}],"seed_played":"-1417837412704543464","potions_obtained":[{"floor":4,"key":"Poison Potion"},{"floor":7,"key":"Weak Potion"},{"floor":10,"key":"SpeedPotion"},{"floor":14,"key":"FearPotion"},{"floor":25,"key":"Fire Potion"}],"is_trial":false,"path_per_floor":["M","M","M","M","$","R","M","R","T","M","?","?","E","M","R","B",null,"M","?","?","M","M","E","R","M","T","R","M","M","$","M","R","B"],"character_chosen":"DEFECT","items_purchased":["Gash","Static Discharge","Static Discharge"],"campfire_rested":3,"item_purchase_floors":[5,5,30],"current_hp_per_floor":[74,67,64,59,59,59,56,56,62,62,62,81,67,67,67,54,99,90,90,90,85,69,27,56,51,57,88,62,55,55,30,61,0],"gold":184,"neow_bonus":"","is_prod":false,"is_daily":true,"chose_seed":false,"campfire_upgraded":3,"win_rate":0.0,"timestamp":1545767431,"path_taken":["M","?","M","M","$","R","M","R","T","M","?","?","E","M","R","BOSS","M","?","?","?","M","E","R","M","T","R","M","M","$","M","R","BOSS"],"build_version":"2018-12-20","purchased_purges":1,"victory":false,"max_hp_per_floor":[75,75,75,75,75,75,75,75,81,81,81,81,81,81,81,87,99,99,99,99,99,99,99,99,99,105,105,105,105,105,105,105,105],"card_choices":[{"not_picked":["Rebound"],"picked":"Compile Driver","floor":1},{"not_picked":["Heatsinks"],"picked":"Rebound","floor":2},{"not_picked":["Leap"],"picked":"Conserve Battery","floor":3},{"not_picked":["Blizzard"],"picked":"Sweeping Beam","floor":4},{"not_picked":["Redo"],"picked":"Auto Shields","floor":7},{"not_picked":["Amplify"],"picked":"Gash","floor":10},{"not_picked":["Blizzard"],"picked":"Scrape","floor":13},{"not_picked":["Turbo"],"picked":"Ball Lightning","floor":14},{"not_picked":["Amplify"],"picked":"Rainbow","floor":16},{"not_picked":["Rip and Tear"],"picked":"Rebound","floor":18},{"not_picked":["Fusion+1"],"picked":"Defragment","floor":21},{"not_picked":["Compile Driver"],"picked":"Static Discharge+1","floor":22},{"not_picked":["Go for the Eyes"],"picked":"Redo","floor":23},{"not_picked":["Go for the Eyes"],"picked":"Undo","floor":25},{"not_picked":["Hologram"],"picked":"Genetic Algorithm","floor":28},{"not_picked":["Go for the Eyes"],"picked":"Compile Driver","floor":29},{"not_picked":["Fusion"],"picked":"Beam Cell","floor":31}],"player_experience":3651,"relics_obtained":[{"floor":9,"key":"Unceasing Top"},{"floor":13,"key":"Dodecahedron"},{"floor":23,"key":"Shuriken"},{"floor":26,"key":"Bottled Flame"}],"event_choices":[{"damage_healed":0,"gold_gain":0,"cards_transformed":["Strike_B"],"player_choice":"Change","damage_taken":0,"max_hp_gain":0,"max_hp_loss":0,"event_name":"Living Wall","floor":11,"gold_loss":0,"cards_obtained":["White Noise"]},{"damage_healed":20,"gold_gain":0,"player_choice":"Healed","damage_taken":0,"max_hp_gain":0,"max_hp_loss":0,"event_name":"The Cleric","floor":12,"gold_loss":35},{"damage_healed":0,"gold_gain":0,"player_choice":"Read","damage_taken":0,"max_hp_gain":0,"max_hp_loss":0,"event_name":"The Library","floor":19,"gold_loss":0,"cards_obtained":["Stack"]},{"damage_healed":0,"gold_gain":0,"player_choice":"Traded Relic","damage_taken":0,"relics_obtained":["Nloth\u0027s Gift"],"max_hp_gain":0,"max_hp_loss":0,"event_name":"N\u0027loth","floor":20,"relics_lost":["Du-Vu Doll"],"gold_loss":0}],"is_beta":false,"boss_relics":[{"not_picked":["Velvet Choker","White Beast Statue"],"picked":"Astrolabe"}],"items_purged_floors":[30],"is_endless":false,"potions_floor_spawned":[4,7,10,14,22,23,25,28],"killed_by":"Champ","ascension_level":0}