{"path_per_floor":["M","M","?","?","M","R","$","M","T","?","M","M","M","$","R","B",null,"M","?","M","M","?","R","M","R","T","M","M","T","$","?","R","B",null,"M","M","?","?","$","E","?","?","T","R","E","T","$","M","R","B"],"character_chosen":"IRONCLAD","items_purchased":["Inflame","Pen Nib","Weak Potion"],"gold_per_floor":[110,128,128,128,138,138,63,75,98,98,118,130,142,42,42,147,147,167,167,177,192,192,192,206,206,206,226,239,266,40,40,40,136,136,146,161,161,161,36,63,63,63,63,63,93,145,95,105,105,105],"floor_reached":51,"campfire_rested":3,"playtime":2794,"current_hp_per_floor":[80,80,80,80,80,80,80,80,80,73,65,71,65,65,65,33,80,73,58,55,30,14,14,18,43,43,43,41,41,41,41,66,48,85,69,72,72,85,85,85,85,85,85,85,60,60,60,42,67,36],"items_purged":["Defend_R","Defend_R","Defend_R"],"gold":105,"play_id":"262fceb2-7e47-4da8-85bf-830d5a5723fb","is_prod":false,"is_daily":false,"campfire_rituals":0,"campfire_upgraded":4,"is_hardmode":false,"path_taken":["M","M","?","?","?","R","$","M","T","?","M","M","M","?","R","BOSS","M","?","M","M","?","R","M","R","T","?","M","?","$","?","R","BOSS","M","M","?","?","$","E","?","?","T","R","E","?","$","M","R","BOSS"],"build_version":"2018-01-18-PROD3","purchased_purges":3,"victory":true,"master_deck":["Strike_R","Strike_R","Bash","Limit Break","Sword Boomerang","Pommel Strike","Evolve","Sword Boomerang","Headbutt","Pommel Strike","Fiend Fire","Berserk","Spot Weakness","Necronomicurse","Inflame","Reaper","Armaments","Sword Boomerang","Writhe","Warcry","Burning Pact","Shockwave"],"max_hp_per_floor":[80,80,80,80,80,80,80,80,80,80,80,80,80,80,80,80,80,80,85,85,85,85,85,85,85,85,85,85,85,85,85,85,85,85,85,85,85,85,85,85,85,85,85,85,85,85,85,85,85,85],"relics":["Burning Blood","Orichalcum","Mark of Pain","Necronomicon","Ice Cream","Bag of Marbles","Pen Nib","White Beast Statue","Whetstone","Ginger","Frozen Eye","Frozen Egg"],"campfire_meditates":0,"card_choices":[{"not_picked":["Metallicize","Dropkick"],"picked":"Sword Boomerang"},{"not_picked":["Fire Breathing","Iron Wave"],"picked":"Pommel Strike"},{"not_picked":["Hemokinesis","Cleave"],"picked":"Sword Boomerang"},{"not_picked":["Clothesline","Body Slam"],"picked":"Headbutt"},{"not_picked":["Anger","Evolve"],"picked":"Pommel Strike"},{"not_picked":["Havoc","Cleave"],"picked":"Fiend Fire"},{"not_picked":["Impervious","Barricade"],"picked":"Berserk"},{"not_picked":["Perfected Strike","True Grit"],"picked":"Spot Weakness"},{"not_picked":["Juggernaut","Brutality"],"picked":"Reaper"},{"not_picked":["Clothesline","Flex"],"picked":"Armaments"},{"not_picked":["Headbutt","Whirlwind"],"picked":"Sword Boomerang"},{"not_picked":["Pummel","Inflame"],"picked":"Warcry"},{"not_picked":["Dark Embrace","Reckless Charge"],"picked":"Burning Pact"},{"not_picked":["Whirlwind","Flame Barrier"],"picked":"Shockwave"}],"player_experience":69911,"potions_floor_usage":[12,16,24,33,33,35,40,45,48,48,50],"damage_taken":[{"damage":0,"enemies":"2 Louse","floor":1,"turns":3},{"damage":6,"enemies":"Cultist","floor":2,"turns":3},{"damage":5,"enemies":"Small Slimes","floor":5,"turns":4},{"damage":6,"enemies":"Exordium Wildlife","floor":8,"turns":5},{"damage":14,"enemies":"Red Slaver","floor":11,"turns":5},{"damage":0,"enemies":"2 Fungi Beasts","floor":12,"turns":2},{"damage":12,"enemies":"Exordium Thugs","floor":13,"turns":3},{"damage":38,"enemies":"Hexaghost","floor":16,"turns":6},{"damage":13,"enemies":"Shell Parasite","floor":18,"turns":3},{"damage":9,"enemies":"3 Byrds","floor":20,"turns":4},{"damage":31,"enemies":"Snake Plant","floor":21,"turns":5},{"damage":2,"enemies":"Centurion and Healer","floor":24,"turns":3},{"damage":6,"enemies":"Sentry and Sphere","floor":27,"turns":3},{"damage":8,"enemies":"Snecko","floor":28,"turns":4},{"damage":24,"enemies":"Automaton","floor":33,"turns":5},{"damage":22,"enemies":"3 Darklings","floor":35,"turns":4},{"damage":11,"enemies":"Orb Walker","floor":36,"turns":3},{"damage":14,"enemies":"Giant Head","floor":40,"turns":5},{"damage":70,"enemies":"2 Orb Walkers","floor":45,"turns":5},{"damage":51,"enemies":"Sphere and 2 Shapes","floor":48,"turns":5},{"damage":91,"enemies":"Donu and Deca","floor":50,"turns":7}],"event_choices":[{"event_name":"Transmorgrifier","player_choice":"Transform","floor":3,"damage_taken":0},{"event_name":"Living Wall","player_choice":"Change","floor":4,"damage_taken":0},{"event_name":"Golden Wing","player_choice":"Card Removal","floor":10,"damage_taken":0},{"event_name":"Forgotten Altar","player_choice":"Shed Blood","floor":19,"damage_taken":0},{"event_name":"Cursed Tome","player_choice":"Obtained Book","floor":22,"damage_taken":0},{"event_name":"Addict","player_choice":"Ignored","floor":31,"damage_taken":0},{"event_name":"Tomb of Lord Red Mask","player_choice":"Ignored","floor":37,"damage_taken":0},{"event_name":"Winding Halls","player_choice":"Writhe","floor":38,"damage_taken":0},{"event_name":"Purifier","player_choice":"One Purge","floor":41,"damage_taken":0}],"boss_relics":[{"not_picked":["Runic Pyramid","Astrolabe"],"picked":"Mark of Pain"},{"not_picked":["Philosopher\u0027s Stone","Velvet Choker"],"picked":"White Beast Statue"}],"potions_floor_spawned":[1,11,13,16,18,21,33,35,36,40,45,48],"seed_played":"-7296508646523506400","is_trial":false}