{"gold_per_floor":[112,112,112,192,209,244,244,258,258,258,258,276,290,325,325,396,396,410,304,315,333,63,73,73,73,73,73,87,87,120,23,23,99,99,112,123,1122,251,251,251,251,266,266,286,286,311,57,70,70,70],"floor_reached":51,"playtime":1680,"items_purged":["Normality","Normality"],"score":1440,"play_id":"ac5123d9-c663-4465-90f8-96b506e269c2","local_time":"20181116091827","is_ascension_mode":true,"campfire_choices":[{"data":"Glass Knife","floor":7.0,"key":"SMITH"},{"data":"Cloak And Dagger","floor":10.0,"key":"SMITH"},{"data":"Sucker Punch","floor":15.0,"key":"SMITH"},{"data":"Skewer","floor":24.0,"key":"SMITH"},{"data":"Adrenaline","floor":27.0,"key":"SMITH"},{"data":"Distraction","floor":29.0,"key":"SMITH"},{"data":"Accuracy","floor":32.0,"key":"SMITH"},{"data":"Storm of Steel","floor":40,"key":"SMITH"},{"data":"A Thousand Cuts","floor":41,"key":"SMITH"},{"data":"1","floor":45,"key":"LIFT"},{"data":"2","floor":49,"key":"LIFT"}],"neow_cost":"NONE","seed_source_timestamp":0,"circlet_count":0,"master_deck":["AscendersBane","Defend_G","Defend_G","Defend_G","Defend_G","Strike_G","Strike_G+1","Strike_G","Survivor","Neutralize","Riddle With Holes+1","Acrobatics","Glass Knife+1","Cloak And Dagger+1","Sucker Punch+1","Escape Plan","Backstab+1","Adrenaline+1","Doppelganger+1","Wraith Form v2+1","Adrenaline+1","Blade Dance+1","Swift Strike","Skewer+1","Trip","Shame","Distraction+1","A Thousand Cuts+1","Accuracy","Accuracy+1","Storm of Steel+1","Blade Dance+1","Swift Strike","Wraith Form v2+1","Calculated Gamble"],"special_seed":0,"relics":["Ring of the Snake","NeowsBlessing","Potion Belt","Meat on the Bone","Bag of Preparation","PreservedInsect","Anchor","Astrolabe","Vajra","Pantograph","The Courier","WingedGreaves","Lizard Tail","Whetstone","Omamori","Bag of Marbles","Torii","TheAbacus","Girya","Orichalcum","DollysMirror"],"potions_floor_usage":[46,46,50,50,50],"damage_taken":[{"damage":0.0,"enemies":"2 Louse","floor":1.0,"turns":1.0},{"damage":0.0,"enemies":"Small Slimes","floor":5.0,"turns":1.0},{"damage":0.0,"enemies":"Gremlin Nob","floor":6.0,"turns":1.0},{"damage":0.0,"enemies":"Jaw Worm","floor":8.0,"turns":1.0},{"damage":3.0,"enemies":"3 Louse","floor":12.0,"turns":3.0},{"damage":5.0,"enemies":"Red Slaver","floor":13.0,"turns":3.0},{"damage":15.0,"enemies":"Lagavulin","floor":14.0,"turns":4.0},{"damage":36.0,"enemies":"Slime Boss","floor":16.0,"turns":9.0},{"damage":0.0,"enemies":"2 Thieves","floor":18.0,"turns":3.0},{"damage":3.0,"enemies":"Spheric Guardian","floor":20.0,"turns":3.0},{"damage":17.0,"enemies":"Snake Plant","floor":21.0,"turns":5.0},{"damage":4.0,"enemies":"Centurion and Healer","floor":23.0,"turns":3.0},{"damage":0.0,"enemies":"Snecko","floor":28.0,"turns":2.0},{"damage":0.0,"enemies":"Gremlin Leader","floor":30.0,"turns":2.0},{"damage":35.0,"enemies":"Automaton","floor":33.0,"turns":9.0},{"damage":0.0,"enemies":"Orb Walker","floor":35.0,"turns":2.0},{"damage":3,"enemies":"3 Darklings","floor":36,"turns":4},{"damage":0,"enemies":"4 Shapes","floor":42,"turns":4},{"damage":6,"enemies":"Writhing Mass","floor":44,"turns":4},{"damage":13,"enemies":"Reptomancer","floor":46,"turns":3},{"damage":0,"enemies":"3 Darklings","floor":48,"turns":4},{"damage":48,"enemies":"Time Eater","floor":50,"turns":6}],"seed_played":"-6720353526671391511","potions_obtained":[{"floor":1.0,"key":"FairyPotion"},{"floor":5.0,"key":"Weak Potion"},{"floor":12.0,"key":"GhostInAJar"},{"floor":16.0,"key":"SteroidPotion"},{"floor":20.0,"key":"Fire Potion"},{"floor":42,"key":"Swift Potion"},{"floor":44,"key":"Fire Potion"},{"floor":48,"key":"FearPotion"}],"is_trial":false,"path_per_floor":["M","?","?","T","M","E","R","M","T","R","?","M","M","E","R","B",null,"M","$","M","M","$","M","R","?","T","R","M","R","E","$","R","B",null,"M","M","?","$","?","R","R","M","T","M","R","E","$","M","R","B",null],"character_chosen":"THE_SILENT","items_purchased":["Swift Strike","Vajra","Trip","Accuracy","Accuracy","Whetstone","Omamori","Bag of Marbles","Torii","TheAbacus","DollysMirror"],"campfire_rested":0,"item_purchase_floors":[19,22,22,31,31,38,38,38,38,38,47],"current_hp_per_floor":[59,59,59,59,59,59,59,59,59,59,59,56,51,36,36,18,54,54,54,51,34,34,42,42,42,42,42,42,42,42,42,42,43,60,60,57,57,57,57,57,57,57,57,51,51,38,38,38,38,27],"gold":70,"neow_bonus":"THREE_ENEMY_KILL","is_prod":false,"is_daily":false,"chose_seed":false,"campfire_upgraded":9,"win_rate":0,"timestamp":1542377907,"path_taken":["M","?","?","?","M","E","R","M","T","R","?","M","?","E","R","BOSS","M","$","M","M","$","M","R","?","T","R","M","R","E","$","R","BOSS","M","M","?","$","?","R","R","M","T","M","R","E","$","M","R","BOSS"],"build_version":"2018-11-15","purchased_purges":2,"victory":true,"max_hp_per_floor":[66,66,66,66,66,66,66,66,66,66,66,66,66,66,66,66,66,66,66,66,66,66,66,66,66,66,66,66,66,66,66,66,66,66,66,66,66,66,66,66,66,66,66,66,66,66,66,66,66,66],"card_choices":[{"not_picked":["Predator","Sucker Punch"],"picked":"Riddle With Holes","floor":1.0},{"not_picked":["Deadly Poison","Sucker Punch"],"picked":"Acrobatics","floor":5.0},{"not_picked":["Acrobatics","PiercingWail"],"picked":"Glass Knife","floor":6.0},{"not_picked":["Outmaneuver","Flying Knee"],"picked":"Cloak And Dagger","floor":8.0},{"not_picked":["Catalyst","Setup"],"picked":"Sucker Punch","floor":12.0},{"not_picked":["Concentrate","Skewer"],"picked":"Escape Plan","floor":13.0},{"not_picked":["Dodge and Roll","Backflip"],"picked":"Backstab","floor":14.0},{"not_picked":["A Thousand Cuts","Doppelganger"],"picked":"Adrenaline","floor":16.0},{"not_picked":["All Out Attack","Crippling Poison"],"picked":"Blade Dance+1","floor":18.0},{"not_picked":["Acrobatics","Deadly Poison"],"picked":"Skewer","floor":20.0},{"not_picked":["Prepared","Eviscerate","Blade Dance"],"picked":"SKIP","floor":21.0},{"not_picked":["Eviscerate","Deflect","Underhanded Strike"],"picked":"SKIP","floor":23.0},{"not_picked":["Dash","Outmaneuver"],"picked":"Distraction","floor":28.0},{"not_picked":["Heel Hook","Poisoned Stab"],"picked":"A Thousand Cuts","floor":30.0},{"not_picked":["Tools of the Trade","Grand Finale"],"picked":"Storm of Steel","floor":33.0},{"not_picked":["Catalyst+1","Acrobatics"],"picked":"Blade Dance+1","floor":35.0},{"not_picked":["Leg Sweep","Slice","Dagger Throw"],"picked":"SKIP","floor":36},{"not_picked":["Dramatic Entrance","Forethought"],"picked":"Swift Strike","floor":39},{"not_picked":["Acrobatics","Deadly Poison+1","Concentrate"],"picked":"SKIP","floor":42},{"not_picked":["Sucker Punch","Reflex","Dagger Throw"],"picked":"SKIP","floor":44},{"not_picked":["Expertise","Dodge and Roll","Cloak And Dagger"],"picked":"SKIP","floor":46},{"not_picked":["Sucker Punch","Slice+1"],"picked":"Calculated Gamble","floor":48}],"player_experience":729671,"relics_obtained":[{"floor":4.0,"key":"Meat on the Bone"},{"floor":6.0,"key":"Bag of Preparation"},{"floor":9.0,"key":"PreservedInsect"},{"floor":14.0,"key":"Anchor"},{"floor":26.0,"key":"The Courier"},{"floor":30.0,"key":"WingedGreaves"},{"floor":43,"key":"Girya"},{"floor":46,"key":"Orichalcum"}],"event_choices":[{"damage_healed":0.0,"max_hp_gain":0.0,"max_hp_loss":0.0,"gold_gain":0.0,"event_name":"Living Wall","player_choice":"Grow","floor":2.0,"gold_loss":0.0,"damage_taken":0.0,"cards_upgraded":["Riddle With Holes"]},{"damage_healed":0.0,"max_hp_gain":0.0,"max_hp_loss":0.0,"gold_gain":0.0,"event_name":"Big Fish","player_choice":"Box","floor":3.0,"gold_loss":0.0,"damage_taken":0.0,"relics_obtained":["Potion Belt"],"cards_obtained":["Regret"]},{"cards_removed":["Regret"],"damage_healed":0.0,"max_hp_gain":0.0,"max_hp_loss":0.0,"gold_gain":0.0,"event_name":"Purifier","player_choice":"Purged","floor":11.0,"gold_loss":0.0,"damage_taken":0.0},{"damage_healed":0.0,"max_hp_gain":0.0,"max_hp_loss":0.0,"gold_gain":0.0,"event_name":"Addict","player_choice":"Stole Relic","floor":25.0,"gold_loss":0.0,"damage_taken":0.0,"relics_obtained":["Pantograph"],"cards_obtained":["Shame"]},{"damage_healed":0,"gold_gain":999,"player_choice":"Gold","damage_taken":0,"max_hp_gain":0,"max_hp_loss":0,"event_name":"MindBloom","floor":37,"gold_loss":0,"cards_obtained":["Normality","Normality"]},{"damage_healed":0,"gold_gain":0,"player_choice":"Memory 1","damage_taken":0,"max_hp_gain":0,"max_hp_loss":0,"event_name":"SensoryStone","floor":39,"gold_loss":0}],"is_beta":false,"boss_relics":[{"not_picked":["Empty Cage","Fusion Hammer"],"picked":"Astrolabe"},{"not_picked":["Runic Dome","Snecko Eye"],"picked":"Lizard Tail"}],"items_purged_floors":[38,47],"is_endless":false,"potions_floor_spawned":[1,5,12,16,20,23,42,44,48],"ascension_level":18}