{"gold_per_floor":[118,132,143,158,158,186,186,202,202,213,213,213,231,306,306,434,434,455,455,479,479,503,543,563,563,563,563,602,621,621,636,636,636],"floor_reached":33,"playtime":1800,"items_purged":[],"score":291,"play_id":"249dad70-f1f1-42bd-b9e2-068b32616733","local_time":"20190402221541","is_ascension_mode":false,"campfire_choices":[{"floor":7,"key":"RECALL"},{"floor":15,"key":"REST"},{"floor":25,"key":"REST"},{"floor":30,"key":"REST"},{"floor":32,"key":"REST"}],"neow_cost":"NONE","seed_source_timestamp":17532939869774,"circlet_count":0,"master_deck":["Strike_B","Strike_B","Strike_B","Strike_B","Defend_B","Defend_B","Defend_B","Defend_B","Zap","Dualcast","Beam Cell","Hologram+1","Darkness+1","Cold Snap","Self Repair","Consume","Melter","Redo","Echo Form","Static Discharge","Turbo+1","Shame","Tempest+1","Static Discharge","Rainbow","Electrodynamics","Beam Cell+1","Glacier"],"relics":["Cracked Core","War Paint","Golden Idol","Ginger","Nuclear Battery","Anchor","Mummified Hand","Nloth\u0027s Gift","Pantograph"],"potions_floor_usage":[6,13,18,23,29,33],"damage_taken":[{"damage":0,"enemies":"2 Louse","floor":1,"turns":2},{"damage":1,"enemies":"Cultist","floor":2,"turns":3},{"damage":1,"enemies":"Jaw Worm","floor":3,"turns":3},{"damage":7,"enemies":"Looter","floor":4,"turns":4},{"damage":16,"enemies":"Lagavulin","floor":6,"turns":5},{"damage":12,"enemies":"2 Fungi Beasts","floor":8,"turns":4},{"damage":31,"enemies":"Lots of Slimes","floor":10,"turns":4},{"damage":12,"enemies":"3 Louse","floor":13,"turns":3},{"damage":35,"enemies":"The Guardian","floor":16,"turns":8},{"damage":11,"enemies":"Chosen","floor":18,"turns":6},{"damage":0,"enemies":"Spheric Guardian","floor":20,"turns":1},{"damage":21,"enemies":"Snake Plant","floor":22,"turns":4},{"damage":31,"enemies":"Slavers","floor":23,"turns":4},{"damage":25,"enemies":"Shelled Parasite and Fungi","floor":24,"turns":4},{"damage":34,"enemies":"Book of Stabbing","floor":28,"turns":3},{"damage":3,"enemies":"Cultist and Chosen","floor":29,"turns":4},{"damage":20,"enemies":"Centurion and Healer","floor":31,"turns":5},{"damage":78,"enemies":"Automaton","floor":33,"turns":10}],"seed_played":"-3418022562358482393","potions_obtained":[{"floor":4,"key":"Energy Potion"},{"floor":6,"key":"Energy Potion"},{"floor":13,"key":"Regen Potion"},{"floor":16,"key":"Weak Potion"},{"floor":18,"key":"FocusPotion"},{"floor":22,"key":"Dexterity Potion"},{"floor":28,"key":"Explosive Potion"},{"floor":31,"key":"FearPotion"}],"is_trial":false,"path_per_floor":["M","M","M","M","?","E","R","M","T","M","?","T","M","?","R","B",null,"M","?","M","?","M","E","M","R","T","?","E","M","R","M","R","B"],"character_chosen":"DEFECT","items_purchased":[],"campfire_rested":4,"item_purchase_floors":[],"current_hp_per_floor":[82,81,80,73,82,66,66,61,61,37,37,37,25,14,38,10,82,78,78,82,82,68,44,26,50,50,50,23,20,44,24,48,0],"gold":636,"neow_bonus":"TEN_PERCENT_HP_BONUS","is_prod":false,"is_daily":false,"chose_seed":false,"campfire_upgraded":0,"win_rate":0,"timestamp":1554268541,"path_taken":["M","M","M","M","?","E","R","M","T","?","?","?","M","?","R","BOSS","M","?","?","?","M","E","M","R","T","?","E","?","R","M","R","BOSS"],"build_version":"2019-01-23","purchased_purges":0,"victory":false,"max_hp_per_floor":[82,82,82,82,82,82,82,82,82,82,82,82,82,82,82,82,82,82,82,82,82,82,82,82,82,82,82,82,82,82,82,82,82],"card_choices":[{"not_picked":["Steam","Reinforced Body"],"picked":"Beam Cell","floor":1},{"not_picked":["Rebound","Reinforced Body"],"picked":"Hologram","floor":2},{"not_picked":["Leap","Gash"],"picked":"Darkness","floor":3},{"not_picked":["Tempest","Ball Lightning"],"picked":"Cold Snap","floor":4},{"not_picked":["White Noise","Leap"],"picked":"Self Repair","floor":6},{"not_picked":["Hyperbeam","Reprogram"],"picked":"Consume","floor":8},{"not_picked":["Consume","Leap"],"picked":"Melter","floor":10},{"not_picked":["Stack","Go for the Eyes"],"picked":"Redo","floor":13},{"not_picked":["Machine Learning","Creative AI"],"picked":"Echo Form","floor":16},{"not_picked":["Conserve Battery","Sweeping Beam"],"picked":"Static Discharge","floor":18},{"not_picked":["Stack","Fusion"],"picked":"Turbo+1","floor":20},{"not_picked":["Cold Snap","Ball Lightning"],"picked":"Tempest+1","floor":22},{"not_picked":["Skim","Aggregate"],"picked":"Static Discharge","floor":23},{"not_picked":["Conserve Battery+1","Barrage+1"],"picked":"Rainbow","floor":24},{"not_picked":["Seek","Coolheaded"],"picked":"Electrodynamics","floor":28},{"not_picked":["Recycle","Ball Lightning"],"picked":"Beam Cell+1","floor":29},{"not_picked":["Barrage","Compile Driver"],"picked":"Glacier","floor":31}],"player_experience":482837,"relics_obtained":[{"floor":6,"key":"War Paint"},{"floor":12,"key":"Ginger"},{"floor":23,"key":"Mummified Hand"},{"floor":26,"key":"Letter Opener"},{"floor":28,"key":"Pantograph"}],"event_choices":[{"damage_healed":9,"gold_gain":0,"player_choice":"Full Heal","damage_taken":0,"max_hp_gain":0,"max_hp_loss":0,"event_name":"Wheel of Change","floor":5,"gold_loss":0},{"damage_healed":0,"gold_gain":0,"player_choice":"Take Wound","damage_taken":0,"relics_obtained":["Golden Idol"],"max_hp_gain":0,"max_hp_loss":0,"event_name":"Golden Idol","floor":11,"gold_loss":0,"cards_obtained":["Injury"]},{"damage_healed":0,"gold_gain":75,"player_choice":"Gather Gold","damage_taken":11,"max_hp_gain":0,"max_hp_loss":0,"event_name":"World of Goop","floor":14,"gold_loss":0},{"cards_removed":["Injury"],"damage_healed":0,"gold_gain":0,"player_choice":"Removed Curses","damage_taken":0,"max_hp_gain":0,"max_hp_loss":0,"event_name":"Fountain of Cleansing","floor":19,"gold_loss":0},{"damage_healed":0,"gold_gain":0,"player_choice":"Stole Relic","damage_taken":0,"relics_obtained":["Anchor"],"max_hp_gain":0,"max_hp_loss":0,"event_name":"Addict","floor":21,"gold_loss":0,"cards_obtained":["Shame"]},{"damage_healed":0,"gold_gain":0,"player_choice":"Traded Relic","damage_taken":0,"relics_obtained":["Nloth\u0027s Gift"],"max_hp_gain":0,"max_hp_loss":0,"event_name":"N\u0027loth","floor":27,"relics_lost":["Letter Opener"],"gold_loss":0}],"is_beta":false,"boss_relics":[{"not_picked":["Sozu","Calling Bell"],"picked":"Nuclear Battery"}],"items_purged_floors":[],"is_endless":false,"potions_floor_spawned":[4,6,13,16,18,22,28,31],"killed_by":"Automaton","ascension_level":0}