{"gold_per_floor":[113,288,304,304,113,113,127,27,27,27,43,72,72,37,37,132,132,149,149,70,30,30,30,45,61,61,61,61,79,7,7,7,7],"floor_reached":33,"playtime":1810,"items_purged":["Doubt","Strike_B"],"score":290,"play_id":"5895ad1f-18f5-4616-a913-fc73578523ad","local_time":"20180730005326","is_ascension_mode":true,"campfire_choices":[{"data":"Defragment","floor":6,"key":"SMITH"},{"data":"Zap","floor":10,"key":"SMITH"},{"data":"BootSequence","floor":13,"key":"SMITH"},{"floor":15,"key":"REST"},{"data":"Redo","floor":23,"key":"SMITH"},{"floor":27,"key":"REST"},{"data":"Defragment","floor":32,"key":"SMITH"}],"neow_cost":"","seed_source_timestamp":0,"circlet_count":0,"master_deck":["Strike_B","Strike_B+1","Defend_B","Defend_B","Zap+1","Dualcast","Rebound+1","Defragment+1","BootSequence+1","Capacitor","Amplify","Redo+1","Necronomicurse","Defragment+1","Coolheaded","Ghostly","Ghostly","Ghostly","Ghostly","Ghostly","White Noise","Hyperbeam","Ball Lightning"],"special_seed":0,"relics":["Cracked Core","Juzu Bracelet","Mummified Hand","Whetstone","Empty Cage","Necronomicon","Ginger"],"potions_floor_usage":[12,16,18,24,24,24,24,33,33],"damage_taken":[{"damage":0.0,"enemies":"Cultist","floor":1.0,"turns":4.0},{"damage":0.0,"enemies":"Small Slimes","floor":3.0,"turns":3.0},{"damage":0,"enemies":"2 Louse","floor":7,"turns":2},{"damage":3,"enemies":"Large Slime","floor":11,"turns":4},{"damage":34,"enemies":"Gremlin Nob","floor":12,"turns":4},{"damage":48,"enemies":"Hexaghost","floor":16,"turns":10},{"damage":0,"enemies":"Chosen","floor":18,"turns":4},{"damage":0,"enemies":"3 Byrds","floor":24,"turns":2},{"damage":37,"enemies":"Cultist and Chosen","floor":25,"turns":7},{"damage":0,"enemies":"Centurion and Healer","floor":29,"turns":10},{"damage":36,"enemies":"Collector","floor":33,"turns":7}],"seed_played":"685683256761550770","potions_obtained":[{"floor":11,"key":"PowerPotion"},{"floor":12,"key":"SkillPotion"},{"floor":16,"key":"SkillPotion"},{"floor":21,"key":"SteroidPotion"},{"floor":21,"key":"EntropicBrew"},{"floor":21,"key":"Block Potion"},{"floor":25,"key":"FearPotion"}],"is_trial":false,"path_per_floor":["M","?","M","?","$","R","M","$","T","R","M","E","R","?","R","B",null,"M","?","$","?","?","R","M","M","T","R","?","M","$","?","R"],"character_chosen":"DEFECT","items_purchased":["Defragment","BootSequence","Defragment","Hyperbeam"],"campfire_rested":2,"item_purchase_floors":[5,5,20,30],"current_hp_per_floor":[75,75,75,63,63,63,63,63,63,63,60,26,26,44,66,18,75,75,59,59,59,45,45,45,8,8,32,32,32,32,32,32,0],"gold":7,"neow_bonus":"","is_prod":false,"is_daily":false,"chose_seed":false,"campfire_upgraded":5,"win_rate":0,"timestamp":1532904806,"path_taken":["M","?","M","?","$","R","M","?","T","R","M","E","R","?","R","BOSS","M","?","$","?","?","R","M","M","T","R","?","M","$","?","R","BOSS"],"build_version":"2018-07-26","purchased_purges":2,"victory":false,"max_hp_per_floor":[75,75,75,75,75,75,75,75,75,75,75,75,75,75,75,75,75,75,75,75,75,80,80,80,80,80,80,40,40,40,40,40,40],"card_choices":[{"not_picked":["Streamline","Rip and Tear","Go for the Eyes"],"picked":"SKIP","floor":1.0},{"not_picked":["Coolheaded","Sweeping Beam"],"picked":"Rebound","floor":3},{"not_picked":["Hologram","Sweeping Beam","Steam"],"picked":"SKIP","floor":7},{"not_picked":["Steam","Stack","Sweeping Beam"],"picked":"SKIP","floor":11},{"not_picked":["All For One","Cold Snap"],"picked":"Capacitor","floor":12},{"not_picked":["Hyperbeam","Biased Cognition"],"picked":"Amplify","floor":16},{"not_picked":["Skim","Turbo+1"],"picked":"Redo","floor":18},{"not_picked":["Beam Cell","Ball Lightning","Consume+1"],"picked":"SKIP","floor":24},{"not_picked":["Rebound+1","Hologram"],"picked":"Coolheaded","floor":25},{"not_picked":["Steam","Streamline"],"picked":"White Noise","floor":29}],"player_experience":333190,"relics_obtained":[{"floor":9,"key":"Mummified Hand"},{"floor":12,"key":"Whetstone"},{"floor":19,"key":"Necronomicon"},{"floor":26,"key":"Ginger"}],"event_choices":[{"event_name":"Liars Game","player_choice":"agreed","floor":2.0,"damage_taken":0.0},{"event_name":"Scrap Ooze","player_choice":"success","floor":4,"damage_taken":12},{"event_name":"The Cleric","player_choice":"Healed","floor":14,"damage_taken":0},{"event_name":"Cursed Tome","player_choice":"Obtained Book","floor":19,"damage_taken":0},{"event_name":"The Woman in Blue","player_choice":"Bought 3 Potions","floor":21,"damage_taken":0},{"event_name":"Forgotten Altar","player_choice":"Shed Blood","floor":22,"damage_taken":0},{"event_name":"Ghosts","player_choice":"Became a Ghost","floor":28,"damage_taken":0},{"event_name":"Transmorgrifier","player_choice":"Transform","floor":31,"damage_taken":0}],"is_beta":false,"boss_relics":[{"not_picked":["Runic Pyramid","Velvet Choker"],"picked":"Empty Cage"}],"items_purged_floors":[5,8],"is_endless":false,"potions_floor_spawned":[11,12,16,25],"killed_by":"Collector","ascension_level":2}