{"gold_per_floor":[114,129,129,144,159,189,39,39,39,54,69,99,114,114,114,214,214,229,29,44,44,59,59,89,189,189,219,234,249,249,279,279,379,379,394,409,424,424,439,469,484,499,499,499,514,529,529,544,544,544],"floor_reached":51,"playtime":3887,"items_purged":[],"score":1082,"play_id":"accfa66f-677e-4179-8328-5ac9632d0e29","local_time":"20190121171147","daily_mods":["Shiny","Hoarder","Binary"],"is_ascension_mode":false,"campfire_choices":[{"floor":8,"key":"DIG"},{"floor":15,"key":"REST"},{"floor":23,"key":"DIG"},{"floor":30,"key":"DIG"},{"floor":32,"key":"REST"},{"floor":44,"key":"REST"},{"floor":49,"key":"REST"}],"neow_cost":"","seed_source_timestamp":0,"circlet_count":0,"master_deck":["Double Tap","Demon Form","Bludgeon","Feed","Limit Break","Fiend Fire","Dark Embrace","Berserk","Impervious","Juggernaut","Brutality","Reaper","Exhume+1","Offering+1","Immolate","Sword Boomerang","Sword Boomerang","Sword Boomerang","Rupture","Rupture","Rupture","Anger","Anger","Anger","Clothesline","Clothesline","Clothesline","Hemokinesis","Hemokinesis","Hemokinesis","Rage+1","Rage+1","Rage+1","Flame Barrier+1","Flame Barrier+1","Flame Barrier+1","Exhume+1","Exhume+1","Exhume+1","Shrug It Off+1","Shrug It Off+1","Shrug It Off+1","J.A.X.+1","J.A.X.+1","J.A.X.+1","Immolate","Immolate","Immolate","Wild Strike","Wild Strike","Wild Strike","Feed","Feed","Feed","Carnage","Carnage","Carnage","Thunderclap","Thunderclap","Thunderclap","Warcry+1","Warcry+1","Warcry+1","Clothesline+1","Clothesline+1","Clothesline+1","Impervious+1","Impervious+1","Impervious+1","Anger+1","Anger+1","Anger+1"],"special_seed":17917,"relics":["Black Blood","Shovel","War Paint","Kunai","Toxic Egg 2","Turnip","Fusion Hammer","OrangePellets","Sundial","Potion Belt","Mango","Frozen Egg 2","Bronze Scales","Calipers","Red Skull","Torii"],"potions_floor_usage":[27,40,40,41,41,50,50],"damage_taken":[{"damage":6.0,"enemies":"Small Slimes","floor":1.0,"turns":1.0},{"damage":1.0,"enemies":"Cultist","floor":2.0,"turns":2.0},{"damage":6.0,"enemies":"2 Louse","floor":4.0,"turns":2.0},{"damage":0.0,"enemies":"Gremlin Gang","floor":5.0,"turns":1.0},{"damage":36,"enemies":"3 Sentries","floor":6,"turns":4},{"damage":14,"enemies":"Looter","floor":10,"turns":2},{"damage":15,"enemies":"3 Louse","floor":11,"turns":3},{"damage":10,"enemies":"Gremlin Nob","floor":12,"turns":2},{"damage":29,"enemies":"Red Slaver","floor":13,"turns":4},{"damage":19,"enemies":"Slime Boss","floor":16,"turns":4},{"damage":14,"enemies":"3 Byrds","floor":18,"turns":4},{"damage":7,"enemies":"Chosen","floor":20,"turns":2},{"damage":18,"enemies":"Centurion and Healer","floor":22,"turns":3},{"damage":21,"enemies":"Gremlin Leader","floor":24,"turns":2},{"damage":37,"enemies":"Book of Stabbing","floor":27,"turns":4},{"damage":12,"enemies":"Snake Plant","floor":28,"turns":2},{"damage":6,"enemies":"Cultist and Chosen","floor":29,"turns":4},{"damage":21,"enemies":"Gremlin Leader","floor":31,"turns":5},{"damage":27,"enemies":"Champ","floor":33,"turns":6},{"damage":18,"enemies":"Orb Walker","floor":35,"turns":1},{"damage":15,"enemies":"3 Shapes","floor":36,"turns":3},{"damage":18,"enemies":"Transient","floor":37,"turns":5},{"damage":36,"enemies":"Sphere and 2 Shapes","floor":39,"turns":2},{"damage":41,"enemies":"Reptomancer","floor":40,"turns":4},{"damage":22,"enemies":"Jaw Worm Horde","floor":41,"turns":3},{"damage":3,"enemies":"Transient","floor":42,"turns":5},{"damage":13,"enemies":"3 Darklings","floor":45,"turns":4},{"damage":39,"enemies":"Sphere and 2 Shapes","floor":46,"turns":4},{"damage":41,"enemies":"Maw","floor":48,"turns":7},{"damage":50,"enemies":"Time Eater","floor":50,"turns":4}],"seed_played":"8847064133434649062","potions_obtained":[{"floor":4.0,"key":"SneckoOil"},{"floor":6,"key":"Dexterity Potion"},{"floor":10,"key":"Dexterity Potion"},{"floor":11,"key":"Energy Potion"},{"floor":16,"key":"Block Potion"},{"floor":22,"key":"Energy Potion"},{"floor":27,"key":"GamblersBrew"},{"floor":31,"key":"Fire Potion"},{"floor":35,"key":"Swift Potion"},{"floor":45,"key":"LiquidBronze"},{"floor":47,"key":"Fire Potion"},{"floor":47,"key":"SteroidPotion"},{"floor":47,"key":"FearPotion"}],"is_trial":false,"path_per_floor":["M","M","?","M","M","E","$","R","T","M","M","E","M","?","R","B",null,"M","$","M","?","M","R","E","?","T","E","M","M","R","E","R","B",null,"M","M","M","?","M","E","M","M","T","R","M","M","?","M","R","B",null],"character_chosen":"IRONCLAD","items_purchased":["War Paint","OrangePellets"],"campfire_rested":4,"item_purchase_floors":[7,19],"current_hp_per_floor":[83,86,86,89,92,77,77,77,77,72,63,59,40,40,68,55,95,93,93,96,96,104,104,89,89,103,83,77,77,77,86,121,100,121,113,117,109,109,101,70,64,78,78,118,115,89,89,58,99,59],"gold":544,"neow_bonus":"","is_prod":false,"is_daily":true,"chose_seed":false,"campfire_upgraded":0,"win_rate":0,"timestamp":1548108707,"path_taken":["M","M","?","M","M","E","$","R","T","M","?","E","M","?","R","BOSS","M","?","M","?","M","R","E","?","T","E","M","M","R","E","R","BOSS","M","?","M","?","M","E","M","M","T","R","M","M","?","?","R","BOSS"],"build_version":"2019-01-17v2","purchased_purges":0,"victory":true,"max_hp_per_floor":[83,86,86,89,92,92,92,92,92,95,95,95,95,95,95,95,95,101,101,101,101,104,104,104,104,118,118,118,118,118,121,121,121,121,121,130,130,130,130,130,136,136,136,136,136,139,139,139,139,139],"card_choices":[{"not_picked":["Armaments"],"picked":"Sword Boomerang","floor":1.0},{"not_picked":["True Grit","Cleave"],"picked":"SKIP","floor":2.0},{"not_picked":["Sword Boomerang"],"picked":"Rupture","floor":4.0},{"not_picked":["Havoc"],"picked":"Anger","floor":5.0},{"not_picked":["Bludgeon"],"picked":"Clothesline","floor":6},{"not_picked":["Sword Boomerang"],"picked":"Hemokinesis","floor":10},{"not_picked":["Perfected Strike","Rupture"],"picked":"SKIP","floor":11},{"not_picked":["Entrench+1"],"picked":"Rage+1","floor":12},{"not_picked":["Power Through+1"],"picked":"Flame Barrier+1","floor":13},{"not_picked":["Barricade"],"picked":"Exhume+1","floor":16},{"not_picked":["Whirlwind"],"picked":"Shrug It Off+1","floor":18},{"not_picked":["Whirlwind","Body Slam"],"picked":"SKIP","floor":20},{"not_picked":["Heavy Blade"],"picked":"Immolate","floor":22},{"not_picked":["Headbutt","Entrench+1"],"picked":"SKIP","floor":24},{"not_picked":["Flame Barrier+1","Pummel"],"picked":"SKIP","floor":27},{"not_picked":["Spot Weakness+1"],"picked":"Wild Strike","floor":28},{"not_picked":["Headbutt+1","Corruption+1"],"picked":"SKIP","floor":29},{"not_picked":["Battle Trance+1","Clash"],"picked":"SKIP","floor":31},{"not_picked":["Juggernaut+1"],"picked":"Feed","floor":33},{"not_picked":["Havoc+1"],"picked":"Carnage","floor":35},{"not_picked":["Twin Strike+1"],"picked":"Thunderclap","floor":36},{"not_picked":["Iron Wave+1","Armaments+1"],"picked":"SKIP","floor":37},{"not_picked":["True Grit+1","Armaments+1"],"picked":"SKIP","floor":39},{"not_picked":["True Grit+1"],"picked":"Warcry+1","floor":40},{"not_picked":["Clash+1"],"picked":"Clothesline+1","floor":41},{"not_picked":["Battle Trance+1","Bloodletting+1"],"picked":"SKIP","floor":42},{"not_picked":["Pummel","Shrug It Off+1"],"picked":"SKIP","floor":45},{"not_picked":["Sword Boomerang+1"],"picked":"Impervious+1","floor":46},{"not_picked":["Dual Wield+1"],"picked":"Anger+1","floor":48}],"player_experience":117275,"relics_obtained":[{"floor":6,"key":"Shovel"},{"floor":8,"key":"Kunai"},{"floor":9,"key":"Toxic Egg 2"},{"floor":12,"key":"Turnip"},{"floor":23,"key":"Sundial"},{"floor":24,"key":"Potion Belt"},{"floor":26,"key":"Mango"},{"floor":27,"key":"Frozen Egg 2"},{"floor":30,"key":"Bronze Scales"},{"floor":31,"key":"Calipers"},{"floor":40,"key":"Red Skull"},{"floor":43,"key":"Torii"}],"event_choices":[{"damage_healed":0.0,"max_hp_gain":0.0,"max_hp_loss":0.0,"gold_gain":0.0,"event_name":"The Woman in Blue","player_choice":"Bought 0 Potions","floor":3.0,"gold_loss":0.0,"damage_taken":0.0},{"cards_removed":["Barricade"],"damage_healed":0,"gold_gain":0,"player_choice":"Purged","damage_taken":0,"max_hp_gain":0,"max_hp_loss":0,"event_name":"Purifier","floor":14,"gold_loss":0},{"damage_healed":0,"gold_gain":0,"player_choice":"Obtain J.A.X.","damage_taken":0,"max_hp_gain":0,"max_hp_loss":0,"event_name":"Drug Dealer","floor":21,"gold_loss":0,"cards_obtained":["J.A.X."]},{"damage_healed":0,"gold_gain":100,"player_choice":"Pray","damage_taken":0,"max_hp_gain":0,"max_hp_loss":0,"event_name":"Golden Shrine","floor":25,"gold_loss":0},{"damage_healed":0,"gold_gain":0,"player_choice":"Memory 1","damage_taken":0,"max_hp_gain":0,"max_hp_loss":0,"event_name":"SensoryStone","floor":38,"gold_loss":0},{"damage_healed":0,"gold_gain":0,"player_choice":"Got Potions","damage_taken":0,"max_hp_gain":0,"max_hp_loss":0,"event_name":"Lab","floor":47,"gold_loss":0}],"is_beta":false,"boss_relics":[{"not_picked":["Cursed Key","Sozu"],"picked":"Fusion Hammer"},{"not_picked":["Runic Dome","White Beast Statue"],"picked":"Black Blood"}],"items_purged_floors":[],"is_endless":false,"potions_floor_spawned":[4,6,10,11,16,22,27,31,35,36,37,45],"ascension_level":0}