{"gold_per_floor":[109,284,284,0,0,0,27,40,65,76,91,107,127,143,143,247,247,266,14,14,25,25,53,53,53,53,73,84,84,104,130,130,225,225,237,237,257,12,25,25,25,25,93,93,106,106,131,6,6,6],"floor_reached":50,"playtime":2434,"items_purged":["Doubt"],"score":562,"play_id":"091a4d7d-285c-40c2-a4d5-ce14eb4a8e8f","local_time":"20190224173700","is_ascension_mode":false,"campfire_choices":[{"data":"Cloak And Dagger","floor":6,"key":"SMITH"},{"data":"Cloak And Dagger","floor":15,"key":"SMITH"},{"floor":25,"key":"REST"},{"data":"Apotheosis","floor":29,"key":"SMITH"},{"data":"Infinite Blades","floor":32,"key":"SMITH"},{"floor":40,"key":"REST"},{"floor":42,"key":"REST"},{"data":"Storm of Steel","floor":44,"key":"SMITH"},{"floor":49,"key":"REST"}],"neow_cost":"NONE","seed_source_timestamp":687274666252401,"circlet_count":0,"master_deck":["Defend_G","Defend_G","Defend_G","Defend_G","Defend_G","Strike_G","Survivor","Neutralize","Backflip","Backstab","Cloak And Dagger+1","Accuracy","Outmaneuver","Quick Slash","Prepared","Backstab","Outmaneuver","Outmaneuver","Adrenaline","Cloak And Dagger+1","Glass Knife","Heel Hook","Apotheosis+1","Noxious Fumes","Slice+1","Cloak And Dagger","Quick Slash","All Out Attack","Flying Knee+1","Infinite Blades+1","Deflect","Adrenaline+1","Bouncing Flask+1","Footwork+1","Leg Sweep+1","Quick Slash+1","Accuracy","Quick Slash","Dagger Throw","Magnetism","Storm of Steel+1","Infinite Blades","Discovery","Quick Slash","PiercingWail","Prepared"],"relics":["WristBlade","Potion Belt","PreservedInsect","Lantern","Runic Pyramid","Vajra","Turnip","MutagenicStrength","Snake Skull","Blood Vial","Astrolabe","Ornamental Fan","Smiling Mask"],"potions_floor_usage":[16,16,27,33,33,33,33,35,35,47,50,50,50],"damage_taken":[{"damage":1,"enemies":"2 Louse","floor":1,"turns":3},{"damage":14,"enemies":"3 Sentries","floor":7,"turns":8},{"damage":6,"enemies":"Jaw Worm","floor":8,"turns":3},{"damage":0,"enemies":"Cultist","floor":10,"turns":3},{"damage":0,"enemies":"Blue Slaver","floor":11,"turns":3},{"damage":8,"enemies":"Red Slaver","floor":12,"turns":2},{"damage":0,"enemies":"3 Louse","floor":13,"turns":2},{"damage":2,"enemies":"Exordium Thugs","floor":14,"turns":5},{"damage":21,"enemies":"Slime Boss","floor":16,"turns":6},{"damage":13,"enemies":"2 Thieves","floor":18,"turns":4},{"damage":0,"enemies":"Spheric Guardian","floor":21,"turns":3},{"damage":17,"enemies":"Slavers","floor":23,"turns":4},{"damage":0,"enemies":"Snecko","floor":27,"turns":2},{"damage":14,"enemies":"Centurion and Healer","floor":28,"turns":4},{"damage":21,"enemies":"Snake Plant","floor":30,"turns":2},{"damage":7,"enemies":"Gremlin Leader","floor":31,"turns":3},{"damage":10,"enemies":"Automaton","floor":33,"turns":8},{"damage":30,"enemies":"3 Darklings","floor":35,"turns":3},{"damage":1,"enemies":"Orb Walker","floor":37,"turns":3},{"damage":23,"enemies":"Spire Growth","floor":39,"turns":5},{"damage":19,"enemies":"Sphere and 2 Shapes","floor":45,"turns":4},{"damage":1,"enemies":"Reptomancer","floor":47,"turns":4},{"damage":69,"enemies":"Time Eater","floor":50,"turns":6}],"seed_played":"5556688270457999527","potions_obtained":[{"floor":1,"key":"SkillPotion"},{"floor":10,"key":"Ancient Potion"},{"floor":11,"key":"AttackPotion"},{"floor":13,"key":"Energy Potion"},{"floor":14,"key":"EssenceOfSteel"},{"floor":21,"key":"Energy Potion"},{"floor":23,"key":"Ancient Potion"},{"floor":27,"key":"Explosive Potion"},{"floor":31,"key":"Energy Potion"},{"floor":33,"key":"Swift Potion"},{"floor":39,"key":"Explosive Potion"},{"floor":45,"key":"EssenceOfSteel"},{"floor":47,"key":"SkillPotion"}],"is_trial":false,"path_per_floor":["M","?","T","$","?","R","E","M","T","M","M","M","M","M","R","B",null,"M","$","?","M","?","E","?","R","T","M","M","R","M","E","R","B",null,"M","?","M","$","M","R","?","R","T","R","M","?","E","$","R","B"],"character_chosen":"THE_SILENT","items_purchased":["Backstab","Cloak And Dagger","Accuracy","Outmaneuver","Apotheosis","Noxious Fumes","Quick Slash","Dagger Throw","Magnetism","PiercingWail","Prepared","Block Potion"],"campfire_rested":4,"item_purchase_floors":[4,4,4,4,19,19,38,38,38,48,48,48],"current_hp_per_floor":[69,69,69,69,69,69,55,49,49,49,49,41,41,39,39,18,70,57,57,57,57,57,40,40,61,61,61,47,47,26,19,19,11,70,40,40,41,41,20,41,41,60,60,60,43,43,44,44,63,0],"gold":6,"neow_bonus":"BOSS_RELIC","is_prod":false,"is_daily":false,"chose_seed":false,"campfire_upgraded":5,"win_rate":0,"timestamp":1551051420,"path_taken":["M","?","?","$","?","R","E","M","T","M","M","M","M","?","R","BOSS","M","$","?","?","?","E","?","R","T","M","M","R","M","E","R","BOSS","M","?","M","?","?","R","?","R","T","R","M","?","E","$","R","BOSS"],"build_version":"2019-01-23","purchased_purges":1,"victory":false,"max_hp_per_floor":[70,70,70,70,70,70,70,70,70,70,70,70,70,70,70,70,70,70,70,70,70,70,70,70,70,70,70,70,70,70,70,70,70,70,70,70,70,70,70,70,66,66,66,66,66,66,66,66,66,66],"card_choices":[{"not_picked":["Tactician","Flechettes"],"picked":"Backflip","floor":1},{"not_picked":["Well Laid Plans","Slice"],"picked":"Quick Slash","floor":7},{"not_picked":["Outmaneuver","Sucker Punch"],"picked":"Prepared","floor":8},{"not_picked":["All Out Attack","Dodge and Roll"],"picked":"Backstab","floor":10},{"not_picked":["Deadly Poison","Bane"],"picked":"Outmaneuver","floor":11},{"not_picked":["Escape Plan","Choke"],"picked":"Outmaneuver","floor":12},{"not_picked":["PiercingWail","Sucker Punch"],"picked":"Adrenaline","floor":13},{"not_picked":["Blade Dance","Predator"],"picked":"Cloak And Dagger","floor":14},{"not_picked":["A Thousand Cuts","Die Die Die"],"picked":"Glass Knife","floor":16},{"not_picked":["Bane","Dodge and Roll"],"picked":"Heel Hook","floor":18},{"not_picked":["Deadly Poison","Riddle With Holes"],"picked":"Slice+1","floor":21},{"not_picked":["Deadly Poison","Bane"],"picked":"Quick Slash","floor":23},{"not_picked":["Acrobatics","Outmaneuver"],"picked":"All Out Attack","floor":27},{"not_picked":["Prepared+1","Expertise"],"picked":"Flying Knee+1","floor":28},{"not_picked":["Quick Slash","Predator+1"],"picked":"Infinite Blades","floor":30},{"not_picked":["Dodge and Roll","Outmaneuver"],"picked":"Deflect","floor":31},{"not_picked":["Envenom","Night Terror"],"picked":"Adrenaline","floor":33},{"not_picked":["Deadly Poison+1","Heel Hook"],"picked":"Quick Slash+1","floor":35},{"not_picked":["Outmaneuver","Deflect"],"picked":"Accuracy","floor":37},{"not_picked":["Backflip","Predator+1"],"picked":"Storm of Steel","floor":39},{"not_picked":["Quick Slash+1","Finisher"],"picked":"Infinite Blades","floor":45},{"not_picked":["Chrysalis","Trip"],"picked":"Discovery","floor":46},{"not_picked":["Backflip","Endless Agony+1"],"picked":"Quick Slash","floor":47}],"player_experience":75377,"relics_obtained":[{"floor":3,"key":"Potion Belt"},{"floor":7,"key":"PreservedInsect"},{"floor":9,"key":"Lantern"},{"floor":20,"key":"Vajra"},{"floor":23,"key":"Turnip"},{"floor":26,"key":"Snake Skull"},{"floor":31,"key":"Blood Vial"},{"floor":43,"key":"Ornamental Fan"},{"floor":47,"key":"Smiling Mask"}],"event_choices":[{"damage_healed":0,"gold_gain":175,"player_choice":"AGREE","damage_taken":0,"max_hp_gain":0,"max_hp_loss":0,"event_name":"Liars Game","floor":2,"gold_loss":0,"cards_obtained":["Doubt"]},{"cards_removed":["Strike_G"],"damage_healed":0,"gold_gain":0,"player_choice":"Purged","damage_taken":0,"max_hp_gain":0,"max_hp_loss":0,"event_name":"Purifier","floor":5,"gold_loss":0},{"damage_healed":0,"gold_gain":0,"player_choice":"Relic","damage_taken":0,"max_hp_gain":0,"max_hp_loss":0,"event_name":"Wheel of Change","floor":20,"gold_loss":0},{"damage_healed":0,"gold_gain":0,"player_choice":"Read","damage_taken":0,"max_hp_gain":0,"max_hp_loss":0,"event_name":"The Library","floor":22,"gold_loss":0,"cards_obtained":["Cloak And Dagger"]},{"damage_healed":0,"gold_gain":0,"player_choice":"Inject Mutagens","damage_taken":0,"relics_obtained":["MutagenicStrength"],"max_hp_gain":0,"max_hp_loss":0,"event_name":"Drug Dealer","floor":24,"gold_loss":0},{"damage_healed":0,"gold_gain":0,"player_choice":"Upgraded","damage_taken":0,"max_hp_gain":0,"max_hp_loss":0,"event_name":"Upgrade Shrine","floor":36,"gold_loss":0,"cards_upgraded":["Adrenaline"]},{"damage_healed":0,"gold_gain":0,"player_choice":"Max HP","damage_taken":0,"max_hp_gain":0,"max_hp_loss":4,"event_name":"Winding Halls","floor":41,"gold_loss":0},{"damage_healed":0,"gold_gain":0,"player_choice":"Memory 1","damage_taken":0,"max_hp_gain":0,"max_hp_loss":0,"event_name":"SensoryStone","floor":46,"gold_loss":0}],"is_beta":false,"boss_relics":[{"not_picked":["Calling Bell","Cursed Key"],"picked":"Runic Pyramid"},{"not_picked":["Black Star","Snecko Eye"],"picked":"Astrolabe"}],"items_purged_floors":[4],"is_endless":false,"potions_floor_spawned":[1,10,11,13,14,21,23,27,31,33,39,45,47],"killed_by":"Time Eater","ascension_level":0}