{"path_per_floor":["M","?","?","$","M","R","M","E","T","$","E","?","E","M","R"],"character_chosen":"DEFECT","items_purchased":[],"gold_per_floor":[116,116,116,41,56,56,70,102,102,2,37,37,80,103,103,103],"floor_reached":16,"campfire_rested":0,"playtime":648,"current_hp_per_floor":[80,62,82,82,80,80,79,64,64,64,63,63,46,42,42,0],"items_purged":["Defend_B","Strike_B"],"gold":103,"score":118,"play_id":"4571ee35-df64-4b56-91df-c07f86e14391","local_time":"20180427173352","is_prod":false,"is_daily":false,"chose_seed":false,"is_ascension_mode":false,"campfire_upgraded":2,"timestamp":1524864832,"path_taken":["M","?","?","$","?","R","M","E","T","?","E","?","E","M","R","BOSS"],"build_version":"2018-04-26v2","seed_source_timestamp":381757460262711,"purchased_purges":2,"victory":false,"master_deck":["Strike_B","Strike_B","Strike_B","Defend_B","Defend_B","Defend_B","Zap","Dualcast","Rebound","Chaos+1","Self Repair","Steam Power","Capacitor","Injury","Fission+1"],"max_hp_per_floor":[82,82,82,82,82,82,82,82,82,82,82,82,82,82,82,82],"relics":["Cracked Core","Strawberry","Ornamental Fan","Centennial Puzzle","Mercury Hourglass","Bag of Preparation","Golden Idol","Bag of Marbles"],"card_choices":[{"not_picked":["Beam Cell","Skim"],"picked":"Rebound","floor":1},{"not_picked":["Rebound","Hologram"],"picked":"Chaos","floor":5},{"not_picked":["Beam Cell","Darkness"],"picked":"Self Repair","floor":7},{"not_picked":["Stack","Axe Kick"],"picked":"Steam Power","floor":8},{"not_picked":["Hello World","Auto Shields"],"picked":"Capacitor","floor":11},{"not_picked":["Chill","Thunder Strike"],"picked":"Fission","floor":13}],"player_experience":6835,"potions_floor_usage":[8,11,13,16,16],"damage_taken":[{"damage":2,"enemies":"Small Slimes","floor":1,"turns":3},{"damage":2,"enemies":"2 Louse","floor":5,"turns":3},{"damage":1,"enemies":"Cultist","floor":7,"turns":3},{"damage":22,"enemies":"Lagavulin","floor":8,"turns":6},{"damage":8,"enemies":"Gremlin Nob","floor":11,"turns":3},{"damage":24,"enemies":"3 Sentries","floor":13,"turns":5},{"damage":11,"enemies":"3 Louse","floor":14,"turns":2},{"damage":48,"enemies":"Slime Boss","floor":16,"turns":7}],"event_choices":[{"event_name":"Scrap Ooze","player_choice":"success","floor":2,"damage_taken":18},{"event_name":"Big Fish","player_choice":"Banana","floor":3,"damage_taken":0},{"event_name":"Golden Idol","player_choice":"Take Wound","floor":12,"damage_taken":0}],"boss_relics":[],"potions_floor_spawned":[7,8,11,13,14],"seed_played":"2323734376540296569","killed_by":"Slime Boss","ascension_level":0,"is_trial":false}