{"path_per_floor":["M","?","?","$","M","R","T","M","T","R","M","M"],"character_chosen":"DEFECT","items_purchased":[],"gold_per_floor":[112,112,112,37,60,60,360,381,381,381,406,421,421],"floor_reached":13,"campfire_rested":0,"playtime":286,"item_purchase_floors":[],"current_hp_per_floor":[71,53,38,38,35,35,35,29,29,29,9,9,0],"items_purged":["Strike_B"],"gold":421,"score":90,"play_id":"007b8775-d026-4987-9366-5f9dca1c811f","local_time":"20180613104904","is_prod":false,"is_daily":false,"chose_seed":false,"is_ascension_mode":true,"campfire_upgraded":2,"win_rate":0,"timestamp":1528858144,"campfire_choices":[{"data":"Steam","floor":6,"key":"SMITH"},{"data":"Dualcast","floor":10,"key":"SMITH"}],"path_taken":["M","?","?","$","?","R","?","M","T","R","M","M","M"],"build_version":"2018-06-07v3","seed_source_timestamp":495533491653347,"purchased_purges":1,"victory":false,"master_deck":["Strike_B","Strike_B","Strike_B","Defend_B","Defend_B+1","Defend_B","Defend_B","Zap+1","Dualcast+1","Parasite","Multi-Cast","Steam+1","Machine Learning","White Noise"],"max_hp_per_floor":[75,75,75,75,75,75,75,75,75,75,75,75,75],"relics":["Cracked Core","Golden Idol","Old Coin","Molten Egg 2"],"card_choices":[{"not_picked":["Reboot","Fission"],"picked":"Multi-Cast","floor":0},{"not_picked":["Stack","Rebound"],"picked":"Steam","floor":1},{"not_picked":["Beam Cell","Ball Lightning","Rebound"],"picked":"SKIP","floor":5},{"not_picked":["Barrage","Capacitor","Chill"],"picked":"SKIP","floor":8},{"not_picked":["Compile Driver+1","Leap"],"picked":"Machine Learning","floor":11},{"not_picked":["Go for the Eyes+1","Skim"],"picked":"White Noise","floor":12}],"player_experience":258196,"potions_floor_usage":[11,12],"damage_taken":[{"damage":4,"enemies":"Jaw Worm","floor":1,"turns":4},{"damage":3,"enemies":"Small Slimes","floor":5,"turns":2},{"damage":6,"enemies":"2 Louse","floor":8,"turns":2},{"damage":20,"enemies":"Exordium Wildlife","floor":11,"turns":7},{"damage":0,"enemies":"2 Fungi Beasts","floor":12,"turns":4},{"damage":12,"enemies":"Gremlin Gang","floor":13,"turns":1}],"relics_obtained":[{"floor":7,"key":"Old Coin"},{"floor":9,"key":"Molten Egg 2"}],"event_choices":[{"event_name":"Golden Idol","player_choice":"Take Damage","floor":2,"damage_taken":0},{"event_name":"Shining Light","player_choice":"Entered Light","floor":3,"damage_taken":0}],"boss_relics":[],"items_purged_floors":[4],"potions_floor_spawned":[8,11],"seed_played":"4862966784535220857","killed_by":"Gremlin Gang","ascension_level":4,"potions_obtained":[{"floor":8,"key":"Swift Potion"},{"floor":11,"key":"EssenceOfSteel"}],"is_trial":false}