{"gold_per_floor":[215,12,12,87,8,33,33,47,74,74,85,85,85,120,120,120],"floor_reached":16,"playtime":579,"items_purged":["Strike_R"],"score":111,"play_id":"ca8ef09f-155e-44c5-9d57-9ab31ca96970","local_time":"20190507172258","is_ascension_mode":true,"campfire_choices":[{"floor":10,"key":"REST"},{"data":"Strike_R","floor":15,"key":"SMITH"}],"neow_cost":"NONE","seed_source_timestamp":12380783254782,"circlet_count":0,"master_deck":["Strike_R","Strike_R","Strike_R+1","Defend_R","Defend_R","Defend_R","Defend_R","Bash","Shrug It Off","Dropkick","Armaments","Power Through","Pummel","Shame","Rampage","Clothesline","Parasite","Reaper"],"relics":["Burning Blood","Lantern","Ancient Tea Set","Anchor"],"potions_floor_usage":[16],"damage_taken":[{"damage":11,"enemies":"Jaw Worm","floor":1,"turns":4},{"damage":47,"enemies":"3 Sentries","floor":6,"turns":17},{"damage":5,"enemies":"2 Louse","floor":8,"turns":3},{"damage":4,"enemies":"Cultist","floor":11,"turns":4},{"damage":43,"enemies":"Lagavulin","floor":14,"turns":8},{"damage":62,"enemies":"Slime Boss","floor":16,"turns":12}],"seed_played":"4479818148634418092","potions_obtained":[{"floor":6,"key":"AttackPotion"}],"is_trial":false,"path_per_floor":["M","$","?","?","$","E","?","M","T","R","M","?","?","E","R","B"],"character_chosen":"IRONCLAD","items_purchased":["Dropkick","Armaments","Power Through"],"campfire_rested":1,"item_purchase_floors":[2,2,5],"current_hp_per_floor":[75,75,68,57,57,16,16,17,17,41,43,63,80,43,43,0],"gold":120,"neow_bonus":"HUNDRED_GOLD","is_prod":false,"is_daily":false,"chose_seed":false,"campfire_upgraded":1,"win_rate":0,"timestamp":1557242578,"path_taken":["M","$","?","?","$","E","?","M","T","R","?","?","?","E","R","BOSS"],"build_version":"2019-01-23","purchased_purges":1,"victory":false,"max_hp_per_floor":[80,80,80,80,80,80,80,80,80,80,80,80,80,80,80,80],"card_choices":[{"not_picked":["Thunderclap","Battle Trance"],"picked":"Shrug It Off","floor":1},{"not_picked":["Corruption","Warcry"],"picked":"Pummel","floor":6},{"not_picked":["Thunderclap","Twin Strike"],"picked":"Rampage","floor":8},{"not_picked":["Sentinel","Pommel Strike"],"picked":"Clothesline","floor":11},{"not_picked":["Anger","Perfected Strike"],"picked":"Reaper","floor":14}],"player_experience":278592,"relics_obtained":[{"floor":6,"key":"Lantern"},{"floor":9,"key":"Ancient Tea Set"},{"floor":14,"key":"Anchor"}],"event_choices":[{"cards_removed":["Strike_R"],"damage_healed":0,"gold_gain":0,"player_choice":"Card Removal","damage_taken":7,"max_hp_gain":0,"max_hp_loss":0,"event_name":"Golden Wing","floor":3,"gold_loss":0},{"damage_healed":0,"gold_gain":75,"player_choice":"Gather Gold","damage_taken":11,"max_hp_gain":0,"max_hp_loss":0,"event_name":"World of Goop","floor":4,"gold_loss":0},{"damage_healed":0,"gold_gain":0,"player_choice":"1 cards matched","damage_taken":0,"max_hp_gain":0,"max_hp_loss":0,"event_name":"Match and Keep!","floor":7,"gold_loss":0,"cards_obtained":["Shame"]},{"damage_healed":20,"gold_gain":0,"player_choice":"Healed and dodged fight","damage_taken":0,"max_hp_gain":0,"max_hp_loss":0,"event_name":"Mushrooms","floor":12,"gold_loss":0,"cards_obtained":["Parasite"]},{"damage_healed":26,"gold_gain":0,"player_choice":"Banana","damage_taken":0,"max_hp_gain":0,"max_hp_loss":0,"event_name":"Big Fish","floor":13,"gold_loss":0}],"is_beta":false,"boss_relics":[],"items_purged_floors":[2],"is_endless":false,"potions_floor_spawned":[6],"killed_by":"Slime Boss","ascension_level":1}