{"path_per_floor":["M","$","M","M","M","R","E","$","T","$","M","?","R","M","R","B",null,"M","?","M","M","$","E","R","M","T","E","?","M","$","M","R","B",null,"M","?","M","$","?","R","M","R","T","M","M","R","E","$","R","B"],"character_chosen":"THE_SILENT","items_purchased":["Frozen Egg 2","Strength Potion","PowerPotion","Block Potion"],"gold_per_floor":[369,35,55,68,79,79,104,4,4,4,14,14,14,24,24,125,125,135,50,68,82,32,65,65,76,76,105,105,115,66,85,85,188,218,236,236,247,74,74,74,93,93,120,132,151,151,212,62,62,62],"floor_reached":51,"campfire_rested":1,"playtime":3863,"current_hp_per_floor":[61,61,59,59,59,59,20,20,20,20,13,18,18,18,38,2,68,68,68,68,65,65,40,40,40,40,42,30,32,32,37,37,35,78,75,75,69,69,69,69,78,78,78,82,82,82,83,83,83,51],"items_purged":["Strike_G","Defend_G","Deadly Poison","Sucker Punch"],"gold":62,"score":729,"play_id":"fdb32456-f903-47f3-89fd-939c45a09b71","local_time":"20180512135158","is_prod":false,"is_daily":false,"chose_seed":false,"is_ascension_mode":true,"campfire_upgraded":6,"timestamp":1526104318,"path_taken":["M","$","?","M","M","R","E","$","T","?","M","?","R","M","R","BOSS","M","?","M","?","$","E","R","M","T","E","?","M","?","M","R","BOSS","M","?","M","$","?","R","M","R","T","M","?","R","E","?","R","BOSS"],"build_version":"2018-05-10","seed_source_timestamp":2347151020530453,"purchased_purges":4,"victory":true,"master_deck":["Survivor+1","Neutralize","Blur","Acrobatics+1","Prepared+1","Reflex+1","Eviscerate","After Image+1","After Image+1","Eviscerate","Backflip","Eviscerate","Prepared+1","Backflip","Choke+1","Tactician+1","Heel Hook","Prepared+1"],"max_hp_per_floor":[63,63,63,63,63,63,63,63,63,63,63,68,68,68,68,68,68,68,68,68,68,68,68,68,68,68,68,73,73,73,73,73,73,78,78,78,78,78,78,78,83,83,83,83,83,83,83,83,83,83],"relics":["Ring of the Snake","Frozen Egg 2","Bag of Marbles","Letter Opener","Pandora\u0027s Box","Bird Faced Urn","Peace Pipe","Bottled Flame","Dream Catcher","Tiny House","Anchor","Tiny Chest"],"card_choices":[{"not_picked":["Setup","Dagger Spray"],"picked":"Blur","floor":1},{"not_picked":["Infinite Blades","Quick Slash"],"picked":"Acrobatics","floor":3},{"not_picked":["Bane","Dagger Spray"],"picked":"Prepared","floor":4},{"not_picked":["Predator","Flying Knee"],"picked":"Reflex","floor":5},{"not_picked":["Prepared","Dagger Throw"],"picked":"Eviscerate","floor":7},{"not_picked":["Malaise","Deflect"],"picked":"Deadly Poison","floor":11},{"not_picked":["PiercingWail","Backflip"],"picked":"After Image","floor":14},{"not_picked":["Night Terror","Corpse Explosion"],"picked":"After Image","floor":16},{"not_picked":["Slice","Distraction"],"picked":"Choke","floor":20},{"not_picked":["Grand Finale","Wraith Form v2"],"picked":"Tactician","floor":33},{"not_picked":["Dodge and Roll","Finisher"],"picked":"Heel Hook","floor":35},{"not_picked":["Bane","Predator"],"picked":"Prepared","floor":37}],"player_experience":156304,"potions_floor_usage":[7,16,23,23,23,31,31,35,41,50],"damage_taken":[{"damage":2,"enemies":"Cultist","floor":1,"turns":5},{"damage":2,"enemies":"2 Louse","floor":3,"turns":5},{"damage":0,"enemies":"Jaw Worm","floor":4,"turns":4},{"damage":0,"enemies":"Large Slime","floor":5,"turns":10},{"damage":39,"enemies":"Gremlin Nob","floor":7,"turns":6},{"damage":7,"enemies":"Exordium Wildlife","floor":11,"turns":6},{"damage":0,"enemies":"Blue Slaver","floor":14,"turns":2},{"damage":36,"enemies":"Hexaghost","floor":16,"turns":13},{"damage":0,"enemies":"Chosen","floor":18,"turns":8},{"damage":0,"enemies":"Spheric Guardian","floor":20,"turns":3},{"damage":3,"enemies":"Snecko","floor":21,"turns":4},{"damage":28,"enemies":"Slavers","floor":23,"turns":6},{"damage":4,"enemies":"Chosen and Byrds","floor":25,"turns":6},{"damage":2,"enemies":"Book of Stabbing","floor":27,"turns":5},{"damage":2,"enemies":"Snake Plant","floor":29,"turns":3},{"damage":13,"enemies":"Centurion and Healer","floor":31,"turns":6},{"damage":6,"enemies":"Automaton","floor":33,"turns":9},{"damage":3,"enemies":"3 Darklings","floor":35,"turns":4},{"damage":9,"enemies":"Orb Walker","floor":37,"turns":4},{"damage":0,"enemies":"Sphere and 2 Shapes","floor":41,"turns":3},{"damage":0,"enemies":"3 Darklings","floor":44,"turns":3},{"damage":1,"enemies":"4 Shapes","floor":45,"turns":2},{"damage":0,"enemies":"Nemesis","floor":47,"turns":1},{"damage":32,"enemies":"Awakened One","floor":50,"turns":9}],"event_choices":[{"event_name":"Big Fish","player_choice":"Donut","floor":12,"damage_taken":0},{"event_name":"Addict","player_choice":"Obtained Relic","floor":19,"damage_taken":0},{"event_name":"Forgotten Altar","player_choice":"Shed Blood","floor":28,"damage_taken":0},{"event_name":"SecretPortal","player_choice":"Rejected Portal.","floor":36,"damage_taken":0},{"event_name":"The Lab","player_choice":"Got Potions","floor":39,"damage_taken":0}],"boss_relics":[{"not_picked":["White Beast Statue","Ectoplasm"],"picked":"Pandora\u0027s Box"},{"not_picked":["Black Star","Philosopher\u0027s Stone"],"picked":"Tiny House"}],"potions_floor_spawned":[1,4,14,20,27,31,33,35,45],"seed_played":"8133307762125663256","ascension_level":1,"is_trial":false}