{"gold_per_floor":[109,59,75,75,95,95,95,95,121,121,146,166,177,250,250,348,348,368,368,383,128,146,179,179,209,209,209,223,223,243,261,261,358,358,369,369,23,23,23,55,55,83,131,131,131,166,176,195,195,195],"floor_reached":50,"playtime":1754,"items_purged":["Strike_B"],"score":801,"play_id":"0f231826-19ad-42bb-9016-c7fbc8abc1da","local_time":"20180914143728","is_ascension_mode":true,"campfire_choices":[{"data":"Zap","floor":6.0,"key":"SMITH"},{"data":"Streamline","floor":8.0,"key":"SMITH"},{"data":"Dualcast","floor":10.0,"key":"SMITH"},{"data":"Gash","floor":15.0,"key":"SMITH"},{"floor":24.0,"key":"REST"},{"data":"Beam Cell","floor":29.0,"key":"SMITH"},{"data":"Gash","floor":32.0,"key":"SMITH"},{"floor":41.0,"key":"REST"},{"floor":45.0,"key":"REST"},{"floor":49.0,"key":"REST"}],"neow_cost":"NONE","seed_source_timestamp":0,"circlet_count":0,"master_deck":["Defend_B+1","Defend_B","Defend_B+1","Zap+1","Dualcast+1","All For One","Streamline+1","Turbo","Electrodynamics","Glacier","Gash+1","Biased Cognition","Ball Lightning+1","Blizzard+1","Scrape+1","RitualDagger","Steam","Beam Cell+1","Gash+1","Biased Cognition","Capacitor","Go for the Eyes+1","Gash+1","Echo Form","RitualDagger","Reinforced Body+1","Auto Shields+1","Buffer","Double Energy+1","Hologram+1","Turbo+1"],"special_seed":0,"relics":["Cracked Core","DataDisk","Regal Pillow","Astrolabe","Bag of Marbles","Pen Nib","Oddly Smooth Stone","Prayer Wheel","Inserter","Dream Catcher","DollysMirror","War Paint","Torii","Ginger","Bag of Preparation","Orichalcum","Thread and Needle"],"potions_floor_usage":[50],"damage_taken":[{"damage":1.0,"enemies":"Cultist","floor":1.0,"turns":3.0},{"damage":10.0,"enemies":"Small Slimes","floor":3.0,"turns":3.0},{"damage":12.0,"enemies":"Jaw Worm","floor":5.0,"turns":2.0},{"damage":10.0,"enemies":"Gremlin Nob","floor":11.0,"turns":3.0},{"damage":6.0,"enemies":"Looter","floor":12.0,"turns":2.0},{"damage":0.0,"enemies":"Large Slime","floor":13.0,"turns":3.0},{"damage":21.0,"enemies":"Slime Boss","floor":16.0,"turns":5.0},{"damage":0.0,"enemies":"3 Byrds","floor":18.0,"turns":4.0},{"damage":7.0,"enemies":"Chosen","floor":20.0,"turns":4.0},{"damage":1.0,"enemies":"3 Cultists","floor":22.0,"turns":4.0},{"damage":10.0,"enemies":"Slavers","floor":23.0,"turns":4.0},{"damage":0.0,"enemies":"Gremlin Leader","floor":25.0,"turns":5.0},{"damage":0.0,"enemies":"Snake Plant","floor":28.0,"turns":2.0},{"damage":0.0,"enemies":"Cultist and Chosen","floor":30.0,"turns":3.0},{"damage":3.0,"enemies":"3 Cultists","floor":31.0,"turns":3.0},{"damage":30.0,"enemies":"Collector","floor":33.0,"turns":7.0},{"damage":16.0,"enemies":"3 Shapes","floor":35.0,"turns":2.0},{"damage":12.0,"enemies":"Mind Bloom Boss Battle","floor":39.0,"turns":4.0},{"damage":36.0,"enemies":"Giant Head","floor":40.0,"turns":6.0},{"damage":9.0,"enemies":"Nemesis","floor":42.0,"turns":7.0},{"damage":16.0,"enemies":"Giant Head","floor":46.0,"turns":6.0},{"damage":12.0,"enemies":"3 Darklings","floor":47.0,"turns":3.0},{"damage":17.0,"enemies":"Spire Growth","floor":48.0,"turns":4.0},{"damage":21,"enemies":"Time Eater","floor":50,"turns":6}],"seed_played":"-8149303337165952084","potions_obtained":[{"floor":1.0,"key":"Strength Potion"},{"floor":5.0,"key":"SpeedPotion"},{"floor":11.0,"key":"PowerPotion"},{"floor":22.0,"key":"SteroidPotion"},{"floor":23.0,"key":"Swift Potion"},{"floor":28.0,"key":"SkillPotion"},{"floor":33.0,"key":"LiquidBronze"},{"floor":39.0,"key":"FearPotion"},{"floor":46.0,"key":"Energy Potion"},{"floor":48.0,"key":"SpeedPotion"}],"is_trial":false,"path_per_floor":["M","?","M","?","M","R","?","R","T","R","E","M","M","?","R","B",null,"M","?","M","$","M","E","R","E","T","?","M","R","M","M","R","B",null,"M","?","$","?","?","E","R","E","T","?","R","E","M","M","R"],"character_chosen":"DEFECT","items_purchased":["Beam Cell","Bag of Marbles","DollysMirror","War Paint"],"campfire_rested":4,"item_purchase_floors":[21,21,37,37],"current_hp_per_floor":[67,67,57,75,63,63,63,63,63,63,53,47,47,47,47,26,63,63,57,50,50,49,39,75,75,75,68,68,68,68,65,65,35,65,49,49,49,49,37,1,38,29,29,29,66,50,38,21,58,37],"gold":195,"neow_bonus":"ONE_RANDOM_RARE_CARD","is_prod":false,"is_daily":false,"chose_seed":false,"campfire_upgraded":6,"win_rate":0,"timestamp":1536950248,"path_taken":["M","?","M","?","M","R","?","R","T","R","E","M","M","?","R","BOSS","M","?","M","$","M","E","R","E","T","?","M","R","M","M","R","BOSS","M","?","$","?","?","E","R","E","T","?","R","E","?","M","R","BOSS"],"build_version":"2018-09-06","purchased_purges":1,"victory":false,"max_hp_per_floor":[75,75,75,75,75,75,75,75,75,75,75,75,75,75,75,75,75,75,75,75,75,75,75,75,75,75,75,75,75,75,75,75,75,75,75,75,75,75,75,75,75,75,75,75,75,75,75,75,75,75],"card_choices":[{"not_picked":["Melter","Blizzard","Aggregate"],"picked":"SKIP","floor":1.0},{"not_picked":["Sweeping Beam","Coolheaded"],"picked":"Streamline","floor":3.0},{"not_picked":["Recycle","Barrage"],"picked":"Turbo","floor":5.0},{"not_picked":["Rebound","Hologram"],"picked":"Electrodynamics","floor":11.0},{"not_picked":["Aggregate","Storm"],"picked":"Glacier","floor":12.0},{"not_picked":["Leap","Hologram"],"picked":"Gash","floor":13.0},{"not_picked":["Meteor Strike","All For One"],"picked":"Biased Cognition","floor":16.0},{"not_picked":["Stack","Cold Snap"],"picked":"Scrape+1","floor":18.0},{"not_picked":["Stack+1","Sweeping Beam"],"picked":"Steam","floor":20.0},{"not_picked":["Steam","Redo","Compile Driver"],"picked":"SKIP","floor":22.0},{"not_picked":["Chaos+1","Defragment"],"picked":"Gash+1","floor":23.0},{"not_picked":["Chill","Streamline"],"picked":"Biased Cognition","floor":25.0},{"not_picked":["BootSequence","Self Repair"],"picked":"Capacitor","floor":28.0},{"not_picked":["Conserve Battery","Defragment"],"picked":"Go for the Eyes+1","floor":28.0},{"not_picked":["Undo","Creative AI"],"picked":"Gash","floor":30.0},{"not_picked":["Streamline+1","Redo","Sweeping Beam"],"picked":"SKIP","floor":30.0},{"not_picked":["Scrape","Genetic Algorithm","Turbo"],"picked":"SKIP","floor":31.0},{"not_picked":["Compile Driver","Conserve Battery","Double Energy"],"picked":"SKIP","floor":31.0},{"not_picked":["Meteor Strike","Hyperbeam"],"picked":"Echo Form","floor":33.0},{"not_picked":["Redo+1","Ball Lightning","FTL+1"],"picked":"SKIP","floor":35.0},{"not_picked":["Streamline+1","Stack","Steam+1"],"picked":"SKIP","floor":35.0},{"not_picked":["Double Energy","Ball Lightning+1"],"picked":"Reinforced Body+1","floor":40.0},{"not_picked":["Chaos","Gash"],"picked":"Auto Shields+1","floor":41.0},{"not_picked":["Redo+1","BootSequence+1"],"picked":"Buffer","floor":42.0},{"not_picked":["Heatsinks","Reinforced Body+1"],"picked":"Double Energy+1","floor":46.0},{"not_picked":["Go for the Eyes+1","Darkness+1","Doom and Gloom+1"],"picked":"SKIP","floor":47.0},{"not_picked":["Leap+1","Steam","Recycle"],"picked":"SKIP","floor":47.0},{"not_picked":["Steam+1","Conserve Battery"],"picked":"Hologram+1","floor":48.0},{"not_picked":["Cold Snap","Gash"],"picked":"Turbo+1","floor":48.0}],"player_experience":530276,"relics_obtained":[{"floor":9.0,"key":"DataDisk"},{"floor":11.0,"key":"Regal Pillow"},{"floor":23.0,"key":"Pen Nib"},{"floor":25.0,"key":"Oddly Smooth Stone"},{"floor":26.0,"key":"Prayer Wheel"},{"floor":39.0,"key":"Torii"},{"floor":40.0,"key":"Ginger"},{"floor":42.0,"key":"Bag of Preparation"},{"floor":43.0,"key":"Orichalcum"},{"floor":46.0,"key":"Thread and Needle"}],"event_choices":[{"event_name":"The Cleric","player_choice":"Card Removal","floor":2.0,"damage_taken":0.0},{"event_name":"Big Fish","player_choice":"Banana","floor":4.0,"damage_taken":0.0},{"event_name":"Dead Adventurer","player_choice":"Searched \u00271\u0027 times","floor":7.0,"damage_taken":0.0},{"event_name":"Golden Wing","player_choice":"Gained Gold","floor":14.0,"damage_taken":0.0},{"event_name":"Nest","player_choice":"Joined the Cult","floor":19.0,"damage_taken":0.0},{"event_name":"Wheel of Change","player_choice":"Damage","floor":27.0,"damage_taken":0.0},{"event_name":"WeMeetAgain","player_choice":"Potion","floor":36.0,"damage_taken":0.0},{"event_name":"Falling","player_choice":"Removed Skill","floor":38.0,"damage_taken":0.0},{"event_name":"MindBloom","player_choice":"Fight","floor":39.0,"damage_taken":0.0},{"event_name":"Mysterious Sphere","player_choice":"Ignore","floor":44.0,"damage_taken":0.0}],"is_beta":false,"boss_relics":[{"not_picked":["Philosopher\u0027s Stone","Coffee Dripper"],"picked":"Astrolabe"},{"not_picked":["Velvet Choker","Eternal Feather"],"picked":"Inserter"}],"items_purged_floors":[21],"is_endless":false,"potions_floor_spawned":[1,5,11,22,23,28,33,39,46,48],"killed_by":"Time Eater","ascension_level":7}