{"gold_per_floor":[111,111,186,186,196,196,223,91,141,101,101,60,60,80,80,152,152,164,164,164,79,89,89,122,122],"floor_reached":25,"playtime":615,"items_purged":[],"score":480,"play_id":"dddc3a20-4311-4e4f-abff-790e8c427042","local_time":"20190324130931","is_ascension_mode":true,"campfire_choices":[{"data":"Storm","floor":6,"key":"SMITH"},{"data":"Loop","floor":11,"key":"SMITH"},{"data":"Defragment","floor":13,"key":"SMITH"},{"data":"Beam Cell","floor":15,"key":"SMITH"},{"data":"Amplify","floor":23,"key":"SMITH"}],"neow_cost":"NONE","seed_source_timestamp":326648453044938,"circlet_count":0,"master_deck":["AscendersBane","Strike_B+1","Strike_B+1","Strike_B+1","Strike_B+1","Defend_B+1","Defend_B+1","Defend_B+1","Defend_B+1","Zap+1","Dualcast","Storm+1","Force Field","Beam Cell+1","Loop+1","Glacier","Hello World","Defragment+1","Amplify+1","Heatsinks","Melter","Multi-Cast","Glacier","Loop"],"relics":["Cracked Core","NeowsBlessing","PreservedInsect","Happy Flower","Orrery","The Courier","Matryoshka"],"potions_floor_usage":[18,18],"damage_taken":[{"damage":0,"enemies":"Small Slimes","floor":1,"turns":1},{"damage":0,"enemies":"2 Louse","floor":5,"turns":1},{"damage":0,"enemies":"Gremlin Nob","floor":7,"turns":1},{"damage":7,"enemies":"Jaw Worm","floor":14,"turns":3},{"damage":21,"enemies":"Slime Boss","floor":16,"turns":15},{"damage":6,"enemies":"3 Byrds","floor":18,"turns":4},{"damage":3,"enemies":"Spheric Guardian","floor":22,"turns":3},{"damage":33,"enemies":"Gremlin Leader","floor":24,"turns":5},{"damage":23,"enemies":"Centurion and Healer","floor":25,"turns":1}],"seed_played":"-1408467137089837102","potions_obtained":[{"floor":1,"key":"Block Potion"},{"floor":7,"key":"Block Potion"},{"floor":18,"key":"FearPotion"}],"is_trial":false,"path_per_floor":["M","?","?","?","M","R","E","$","T","$","R","$","R","M","R","B",null,"M","?","?","?","M","R","E","M"],"character_chosen":"DEFECT","items_purchased":["Loop","Glacier","Hello World","Defragment"],"campfire_rested":0,"item_purchase_floors":[8,8,10,12],"current_hp_per_floor":[64,64,53,53,53,53,53,53,53,53,53,53,53,46,46,25,60,54,54,54,54,51,51,18,0],"gold":122,"neow_bonus":"THREE_ENEMY_KILL","is_prod":false,"is_daily":false,"chose_seed":false,"campfire_upgraded":5,"win_rate":0,"timestamp":1553447371,"path_taken":["M","?","?","?","M","R","E","$","T","$","R","?","R","M","R","BOSS","M","?","?","?","M","R","E","M"],"build_version":"2019-01-23","purchased_purges":0,"victory":false,"max_hp_per_floor":[71,71,71,71,71,71,71,71,71,71,71,71,71,71,71,71,71,71,71,71,71,71,71,71,71],"card_choices":[{"not_picked":["Reinforced Body","Blizzard"],"picked":"Storm","floor":1},{"not_picked":["Stack","Skim"],"picked":"Force Field","floor":5},{"not_picked":["Blizzard","Genetic Algorithm"],"picked":"Beam Cell","floor":7},{"not_picked":["Conserve Battery","Cold Snap","Hologram"],"picked":"SKIP","floor":14},{"not_picked":["Fission","Multi-Cast"],"picked":"Amplify","floor":16},{"not_picked":["Skim","Aggregate"],"picked":"Heatsinks","floor":17},{"not_picked":["Hologram","Gash"],"picked":"Melter","floor":17},{"not_picked":["Doom and Gloom","Gash+1"],"picked":"Multi-Cast","floor":18},{"not_picked":["Redo","Rebound"],"picked":"Glacier","floor":22},{"not_picked":["Leap","Cold Snap"],"picked":"Loop","floor":24}],"player_experience":877293,"relics_obtained":[{"floor":7,"key":"PreservedInsect"},{"floor":9,"key":"Happy Flower"},{"floor":24,"key":"Matryoshka"}],"event_choices":[{"damage_healed":0,"gold_gain":0,"player_choice":"Grow","damage_taken":0,"max_hp_gain":0,"max_hp_loss":0,"event_name":"Living Wall","floor":2,"gold_loss":0,"cards_upgraded":["Zap"]},{"damage_healed":0,"gold_gain":75,"player_choice":"Gather Gold","damage_taken":11,"max_hp_gain":0,"max_hp_loss":0,"event_name":"World of Goop","floor":3,"gold_loss":0},{"damage_healed":0,"gold_gain":0,"player_choice":"Ignored","damage_taken":0,"max_hp_gain":0,"max_hp_loss":0,"event_name":"Shining Light","floor":4,"gold_loss":0},{"damage_healed":0,"gold_gain":0,"player_choice":"Simplicity","damage_taken":0,"max_hp_gain":0,"max_hp_loss":0,"event_name":"Back to Basics","floor":19,"gold_loss":0,"cards_upgraded":["Strike_B","Strike_B","Strike_B","Strike_B","Defend_B","Defend_B","Defend_B","Defend_B"]},{"damage_healed":0,"gold_gain":0,"player_choice":"Ignored","damage_taken":0,"max_hp_gain":0,"max_hp_loss":0,"event_name":"Vampires","floor":20,"gold_loss":0},{"damage_healed":0,"gold_gain":0,"player_choice":"Obtained Relic","damage_taken":0,"relics_obtained":["The Courier"],"max_hp_gain":0,"max_hp_loss":0,"event_name":"Addict","floor":21,"gold_loss":85}],"is_beta":false,"boss_relics":[{"not_picked":["Velvet Choker","Snecko Eye"],"picked":"Orrery"}],"items_purged_floors":[],"is_endless":false,"potions_floor_spawned":[1,7,14,18],"killed_by":"Centurion and Healer","ascension_level":20}