{"gold_per_floor":[116,116,136,155,173,173,190,190,190,190,202,217,230,263,263,366,366,366,72,27,27,27,27,27,27,27,27,27,27,27,27,27,27,27,27,27,0,0,0,0,0,0,0,0,0,0,0,0,0,0],"floor_reached":51,"playtime":2186,"items_purged":[],"score":902,"play_id":"d9c6c746-6dbf-4cd8-a662-8914ee839907","local_time":"20180911162203","is_ascension_mode":true,"campfire_choices":[{"data":"Consume","floor":6.0,"key":"SMITH"},{"floor":8.0,"key":"REST"},{"data":"Loop","floor":10.0,"key":"SMITH"},{"floor":15.0,"key":"REST"},{"data":"Electrodynamics","floor":23.0,"key":"SMITH"},{"floor":30.0,"key":"REST"},{"floor":32.0,"key":"REST"},{"data":"Hologram","floor":40.0,"key":"SMITH"},{"floor":45.0,"key":"REST"},{"floor":49,"key":"REST"}],"neow_cost":"NONE","seed_source_timestamp":0,"circlet_count":0,"master_deck":["Strike_B","Strike_B","Strike_B","Defend_B","Defend_B","Defend_B","Defend_B","Zap+1","Dualcast","Consume+1","Loop+1","Leap","Rip and Tear","Ball Lightning","Thunder Strike","Loop","BootSequence","Electrodynamics+1","Chill","Trip","Self Repair","Turbo","Defragment","Glacier","Rainbow","Hologram+1","Electrodynamics","Fusion+1","Tempest+1","Turbo+1","Chaos+1"],"special_seed":0,"relics":["Cracked Core","Pocketwatch","Darkstone Periapt","Ectoplasm","Lee\u0027s Waffle","FossilizedHelix","Nilry\u0027s Codex","Question Card","Snecko Eye","Red Mask","Art of War","Strawberry","Boot"],"potions_floor_usage":[50],"damage_taken":[{"damage":1.0,"enemies":"2 Louse","floor":1.0,"turns":2.0},{"damage":0.0,"enemies":"Jaw Worm","floor":3.0,"turns":3.0},{"damage":0.0,"enemies":"Small Slimes","floor":4.0,"turns":3.0},{"damage":3.0,"enemies":"3 Louse","floor":5.0,"turns":3.0},{"damage":24.0,"enemies":"Lots of Slimes","floor":7.0,"turns":3.0},{"damage":10.0,"enemies":"Exordium Wildlife","floor":11.0,"turns":3.0},{"damage":20.0,"enemies":"3 Louse","floor":12.0,"turns":3.0},{"damage":8.0,"enemies":"Blue Slaver","floor":13.0,"turns":3.0},{"damage":10.0,"enemies":"Lagavulin","floor":14.0,"turns":3.0},{"damage":15.0,"enemies":"Hexaghost","floor":16.0,"turns":7.0},{"damage":1.0,"enemies":"3 Byrds","floor":18.0,"turns":2.0},{"damage":19.0,"enemies":"2 Thieves","floor":20.0,"turns":3.0},{"damage":5.0,"enemies":"Snake Plant","floor":21.0,"turns":3.0},{"damage":8.0,"enemies":"Centurion and Healer","floor":22.0,"turns":5.0},{"damage":21.0,"enemies":"Slavers","floor":24.0,"turns":4.0},{"damage":33.0,"enemies":"Shelled Parasite and Fungi","floor":27.0,"turns":5.0},{"damage":0.0,"enemies":"Snecko","floor":29.0,"turns":4.0},{"damage":39.0,"enemies":"Collector","floor":33.0,"turns":8.0},{"damage":11.0,"enemies":"3 Shapes","floor":35.0,"turns":2.0},{"damage":12.0,"enemies":"3 Darklings","floor":36.0,"turns":3.0},{"damage":25.0,"enemies":"Reptomancer","floor":38.0,"turns":5.0},{"damage":16.0,"enemies":"2 Orb Walkers","floor":41.0,"turns":3.0},{"damage":0.0,"enemies":"Maw","floor":42.0,"turns":5.0},{"damage":3.0,"enemies":"Transient","floor":46.0,"turns":5.0},{"damage":43,"enemies":"Reptomancer","floor":48,"turns":4},{"damage":30,"enemies":"Time Eater","floor":50,"turns":9}],"seed_played":"-2008890939602281716","potions_obtained":[{"floor":3.0,"key":"Poison Potion"},{"floor":4.0,"key":"Block Potion"},{"floor":5.0,"key":"FearPotion"},{"floor":11.0,"key":"FearPotion"},{"floor":20.0,"key":"AttackPotion"},{"floor":22.0,"key":"Fire Potion"},{"floor":24.0,"key":"Regen Potion"},{"floor":27.0,"key":"Dexterity Potion"},{"floor":36.0,"key":"Regen Potion"},{"floor":48,"key":"PowerPotion"}],"is_trial":false,"path_per_floor":["M","?","M","M","M","R","M","R","T","R","M","M","M","E","R","B",null,"M","$","M","M","M","R","E","?","T","M","?","M","R","$","R","B",null,"M","M","?","M","$","R","E","M","T","?","R","M","T","M","R","B"],"character_chosen":"DEFECT","items_purchased":["Lee\u0027s Waffle","Trip"],"campfire_rested":6,"item_purchase_floors":[19,19],"current_hp_per_floor":[67,60,60,60,57,57,33,55,55,55,45,25,17,7,29,14,60,59,82,63,65,64,64,50,34,34,15,15,22,46,46,70,38,71,60,48,48,51,51,51,35,42,49,49,75,79,79,36,62,32],"gold":0,"neow_bonus":"UPGRADE_CARD","is_prod":false,"is_daily":false,"chose_seed":false,"campfire_upgraded":4,"win_rate":0,"timestamp":1536697323,"path_taken":["M","?","?","M","M","R","M","R","T","R","M","M","M","E","R","BOSS","M","?","M","M","M","R","E","?","T","M","?","M","R","$","R","BOSS","M","M","?","?","$","R","E","M","T","?","R","M","?","M","R","BOSS"],"build_version":"2018-09-06","purchased_purges":0,"victory":true,"max_hp_per_floor":[75,75,75,75,75,75,75,75,75,75,75,75,75,75,75,75,75,75,82,82,82,82,82,82,82,82,82,82,82,82,82,82,82,82,82,82,82,82,82,82,82,82,89,89,89,89,89,89,89,89],"card_choices":[{"not_picked":["Conserve Battery","Compile Driver"],"picked":"Consume","floor":1.0},{"not_picked":["Streamline","Cold Snap"],"picked":"Loop","floor":3.0},{"not_picked":["Scrape","Reinforced Body"],"picked":"Leap","floor":4.0},{"not_picked":["Barrage","Coolheaded"],"picked":"Rip and Tear","floor":5.0},{"not_picked":["Reinforced Body","Conserve Battery"],"picked":"Ball Lightning","floor":7.0},{"not_picked":["Hologram","Redo"],"picked":"Thunder Strike","floor":11.0},{"not_picked":["Cold Snap","Chill"],"picked":"Loop","floor":12.0},{"not_picked":["Fusion","Force Field","Darkness"],"picked":"SKIP","floor":13.0},{"not_picked":["Chaos","White Noise"],"picked":"BootSequence","floor":14.0},{"not_picked":["Core Surge","Amplify"],"picked":"Electrodynamics","floor":16.0},{"not_picked":["Streamline+1","Go for the Eyes"],"picked":"Chill","floor":18.0},{"not_picked":["Aggregate","Go for the Eyes+1"],"picked":"Self Repair","floor":20.0},{"not_picked":["Compile Driver+1","Loop"],"picked":"Turbo","floor":21.0},{"not_picked":["Force Field+1","Auto Shields","Go for the Eyes"],"picked":"SKIP","floor":22.0},{"not_picked":["Machine Learning","Turbo"],"picked":"Defragment","floor":24.0},{"not_picked":["Streamline+1","Rebound+1","Stack"],"picked":"Glacier","floor":27.0},{"not_picked":["Beam Cell","Go for the Eyes+1","Sweeping Beam","Barrage"],"picked":"SKIP","floor":29.0},{"not_picked":["All For One","Amplify","Reboot"],"picked":"Electrodynamics","floor":33.0},{"not_picked":["Steam+1","Force Field","Static Discharge+1","Conserve Battery"],"picked":"SKIP","floor":35.0},{"not_picked":["Hologram","Undo","Force Field+1"],"picked":"Fusion+1","floor":36.0},{"not_picked":["Conserve Battery","Genetic Algorithm","Go for the Eyes+1","Barrage"],"picked":"SKIP","floor":38.0},{"not_picked":["Stack","Core Surge","Cold Snap"],"picked":"Tempest+1","floor":41.0},{"not_picked":["Barrage+1","Coolheaded","Recycle","Sweeping Beam+1"],"picked":"SKIP","floor":42.0},{"not_picked":["Force Field","Coolheaded","Leap+1"],"picked":"Turbo+1","floor":46.0},{"not_picked":["Compile Driver","Cold Snap+1","Glacier"],"picked":"Chaos+1","floor":48}],"player_experience":519366,"relics_obtained":[{"floor":9.0,"key":"Pocketwatch"},{"floor":14.0,"key":"Darkstone Periapt"},{"floor":24.0,"key":"FossilizedHelix"},{"floor":25.0,"key":"Nilry\u0027s Codex"},{"floor":26.0,"key":"Question Card"},{"floor":41.0,"key":"Art of War"},{"floor":43.0,"key":"Strawberry"},{"floor":47.0,"key":"Boot"}],"event_choices":[{"event_name":"Golden Wing","player_choice":"Card Removal","floor":2.0,"damage_taken":0.0},{"event_name":"Cursed Tome","player_choice":"Obtained Book","floor":25.0,"damage_taken":0.0},{"event_name":"Match and Keep!","player_choice":"2 cards matched","floor":28.0,"damage_taken":0.0},{"event_name":"Tomb of Lord Red Mask","player_choice":"Paid","floor":37.0,"damage_taken":0.0},{"event_name":"SensoryStone","player_choice":"Memory 1","floor":44.0,"damage_taken":0.0}],"is_beta":false,"boss_relics":[{"not_picked":["Black Star","Orrery"],"picked":"Ectoplasm"},{"not_picked":["White Beast Statue","Cursed Key"],"picked":"Snecko Eye"}],"items_purged_floors":[],"is_endless":false,"potions_floor_spawned":[3,4,5,11,20,22,24,27,36,48],"ascension_level":6}