{"gold_per_floor":[109,122,26,38,38,38,73,89,119,119,119,152,171,171,171,300,300,316,340,365,290,290,290,321,337,360,360],"floor_reached":27,"playtime":844,"items_purged":[],"score":328,"play_id":"8469d66e-4ec7-42be-be9e-742268ab1fa9","local_time":"20180914093712","is_ascension_mode":true,"campfire_choices":[{"data":"Streamline","floor":6,"key":"SMITH"},{"floor":15,"key":"REST"},{"floor":23,"key":"REST"}],"neow_cost":"NONE","seed_source_timestamp":126581635783527,"circlet_count":0,"master_deck":["Strike_B","Strike_B","Strike_B","Strike_B","Defend_B","Defend_B","Defend_B","Defend_B","Zap","Dualcast","Sweeping Beam","Defragment","Streamline+1","Swift Strike","Sunder","Chill","Beam Cell","Rainbow","Beam Cell+1","Thunder Strike","Pain"],"relics":["Cracked Core","Regal Pillow","Singing Bowl","Tiny Chest","Pen Nib","Bronze Scales","Cursed Key","Nloth\u0027s Gift","Torii","PreservedInsect"],"potions_floor_usage":[16,18,19,24],"damage_taken":[{"damage":1,"enemies":"Cultist","floor":1,"turns":3},{"damage":0,"enemies":"Small Slimes","floor":2,"turns":3},{"damage":2,"enemies":"Jaw Worm","floor":4,"turns":2},{"damage":26,"enemies":"Gremlin Nob","floor":7,"turns":4},{"damage":2,"enemies":"Exordium Thugs","floor":8,"turns":3},{"damage":20,"enemies":"3 Sentries","floor":12,"turns":7},{"damage":18,"enemies":"Large Slime","floor":13,"turns":5},{"damage":40,"enemies":"The Guardian","floor":16,"turns":8},{"damage":25,"enemies":"2 Thieves","floor":18,"turns":3},{"damage":4,"enemies":"3 Byrds","floor":19,"turns":3},{"damage":20,"enemies":"Snecko","floor":20,"turns":5},{"damage":33,"enemies":"Book of Stabbing","floor":24,"turns":4},{"damage":19,"enemies":"Centurion and Healer","floor":25,"turns":5},{"damage":0,"enemies":"Shelled Parasite and Fungi","floor":27,"turns":1}],"seed_played":"3021746890283563566","potions_obtained":[{"floor":2,"key":"Poison Potion"},{"floor":7,"key":"Ancient Potion"},{"floor":8,"key":"FocusPotion"},{"floor":16,"key":"Strength Potion"},{"floor":18,"key":"Regen Potion"},{"floor":19,"key":"Strength Potion"}],"is_trial":false,"path_per_floor":["M","M","$","M","?","R","E","M","T","?","?","E","M","T","R","B",null,"M","M","M","?","?","R","E","M","T"],"character_chosen":"DEFECT","items_purchased":["Swift Strike"],"campfire_rested":2,"item_purchase_floors":[3],"current_hp_per_floor":[67,67,67,65,65,65,41,39,39,39,56,36,18,18,54,14,57,32,39,21,21,21,57,24,7,7,7],"gold":360,"neow_bonus":"THREE_CARDS","is_prod":false,"is_daily":false,"chose_seed":false,"campfire_upgraded":1,"win_rate":0,"timestamp":1536932232,"path_taken":["M","M","$","?","?","R","E","M","T","?","?","E","?","?","R","BOSS","M","M","M","?","?","R","E","M","T","?"],"build_version":"2018-09-06","purchased_purges":0,"victory":false,"max_hp_per_floor":[75,75,75,75,75,75,77,77,77,71,71,71,71,71,71,71,71,71,73,75,72,72,72,72,74,74,74],"card_choices":[{"not_picked":["Leap","Streamline"],"picked":"Sweeping Beam","floor":0},{"not_picked":["Hologram","Redo"],"picked":"Defragment","floor":1},{"not_picked":["Force Field","Chill"],"picked":"Streamline","floor":2},{"not_picked":["Capacitor","Cold Snap","Stack"],"picked":"SKIP","floor":4},{"not_picked":["Reprogram","Ball Lightning","Sweeping Beam"],"picked":"Singing Bowl","floor":7},{"not_picked":["Recycle","Aggregate"],"picked":"Sunder","floor":8},{"not_picked":["Hologram","Turbo"],"picked":"Chill","floor":12},{"not_picked":["Hologram","FTL"],"picked":"Beam Cell","floor":13},{"not_picked":["Creative AI","Meteor Strike"],"picked":"Rainbow","floor":16},{"not_picked":["Cold Snap","Redo+1"],"picked":"Beam Cell+1","floor":18},{"not_picked":["Streamline","Steam","Reprogram"],"picked":"Singing Bowl","floor":19},{"not_picked":["Coolheaded","Beam Cell","Barrage"],"picked":"Singing Bowl","floor":20},{"not_picked":["Hologram","Conserve Battery"],"picked":"Thunder Strike","floor":24},{"not_picked":["Gash","Streamline","Barrage+1"],"picked":"Singing Bowl","floor":25}],"player_experience":526935,"relics_obtained":[{"floor":7,"key":"Singing Bowl"},{"floor":9,"key":"Tiny Chest"},{"floor":12,"key":"Pen Nib"},{"floor":14,"key":"Bronze Scales"},{"floor":24,"key":"Torii"},{"floor":26,"key":"PreservedInsect"}],"event_choices":[{"event_name":"WeMeetAgain","player_choice":"Potion","floor":5,"damage_taken":0},{"event_name":"Golden Idol","player_choice":"Lose Max HP","floor":10,"damage_taken":0},{"event_name":"Mushrooms","player_choice":"Healed and dodged fight","floor":11,"damage_taken":0},{"event_name":"Beggar","player_choice":"Gave Gold","floor":21,"damage_taken":0},{"event_name":"N\u0027loth","player_choice":"Traded a Golden Idol","floor":22,"damage_taken":0}],"is_beta":false,"boss_relics":[{"not_picked":["Philosopher\u0027s Stone","Lizard Tail"],"picked":"Cursed Key"}],"items_purged_floors":[],"is_endless":false,"potions_floor_spawned":[2,7,8,16,18,19],"killed_by":"Shelled Parasite and Fungi","ascension_level":7}