{"gold_per_floor":[113,123,12,187,187,226,301,58,83,108,165,190,225,225],"floor_reached":14,"playtime":1432,"items_purged":[],"score":98,"play_id":"7f8b3f18-f3b7-4664-a539-17333ee6042f","local_time":"20181231005120","is_ascension_mode":false,"campfire_choices":[],"neow_cost":"NONE","seed_source_timestamp":207740129222063,"circlet_count":0,"master_deck":["Strike_B","Strike_B","Strike_B","Strike_B","Defend_B","Defend_B","Defend_B","Defend_B","Zap","Dualcast","Sunder","Ball Lightning","Self Repair","FTL","Doubt","Injury","Streamline","Meteor Strike","Loop","Turbo"],"relics":["Cracked Core","Golden Idol","Juzu Bracelet","Pantograph","Ancient Tea Set","Meat on the Bone"],"potions_floor_usage":[],"damage_taken":[{"damage":3,"enemies":"Small Slimes","floor":1,"turns":3},{"damage":11,"enemies":"Jaw Worm","floor":2,"turns":2},{"damage":29,"enemies":"Gremlin Nob","floor":6,"turns":4},{"damage":5,"enemies":"2 Louse","floor":10,"turns":2},{"damage":0,"enemies":"2 Fungi Beasts","floor":12,"turns":2},{"damage":40,"enemies":"3 Sentries","floor":13,"turns":7},{"damage":16,"enemies":"Large Slime","floor":14,"turns":2}],"seed_played":"3759574406542755124","potions_obtained":[{"floor":1,"key":"Fire Potion"},{"floor":13,"key":"Regen Potion"}],"is_trial":false,"path_per_floor":["M","M","$","?","?","E","?","$","T","M","?","M","E","M"],"character_chosen":"DEFECT","items_purchased":["Self Repair","FTL","Pantograph"],"campfire_rested":0,"item_purchase_floors":[3,3,8],"current_hp_per_floor":[79,68,68,68,68,46,35,35,35,37,37,44,11,0],"gold":225,"neow_bonus":"TEN_PERCENT_HP_BONUS","is_prod":false,"is_daily":false,"chose_seed":false,"campfire_upgraded":0,"win_rate":0.0,"timestamp":1546246280,"path_taken":["M","M","$","?","?","E","?","?","T","M","?","M","E","M"],"build_version":"2018-12-20","purchased_purges":0,"victory":false,"max_hp_per_floor":[82,82,82,82,82,82,82,82,82,82,82,82,82,82],"card_choices":[{"not_picked":["Tempest","Capacitor"],"picked":"Sunder","floor":1},{"not_picked":["Leap","Genetic Algorithm"],"picked":"Ball Lightning","floor":2},{"not_picked":["Consume","Capacitor"],"picked":"Streamline","floor":6},{"not_picked":["Conserve Battery","Sweeping Beam"],"picked":"Meteor Strike","floor":10},{"not_picked":["Steam Power","Cold Snap"],"picked":"Loop","floor":12},{"not_picked":["Hologram","Rebound"],"picked":"Turbo","floor":13}],"player_experience":175329,"relics_obtained":[{"floor":6,"key":"Juzu Bracelet"},{"floor":9,"key":"Ancient Tea Set"},{"floor":13,"key":"Meat on the Bone"}],"event_choices":[{"damage_healed":0,"gold_gain":175,"player_choice":"AGREE","damage_taken":0,"max_hp_gain":0,"max_hp_loss":0,"event_name":"Liars Game","floor":4,"gold_loss":0,"cards_obtained":["Doubt"]},{"damage_healed":0,"gold_gain":0,"player_choice":"Take Wound","damage_taken":0,"relics_obtained":["Golden Idol"],"max_hp_gain":0,"max_hp_loss":0,"event_name":"Golden Idol","floor":5,"gold_loss":0,"cards_obtained":["Injury"]},{"damage_healed":0,"gold_gain":75,"player_choice":"Gather Gold","damage_taken":11,"max_hp_gain":0,"max_hp_loss":0,"event_name":"World of Goop","floor":7,"gold_loss":0},{"damage_healed":0,"gold_gain":57,"player_choice":"Gained Gold","damage_taken":0,"max_hp_gain":0,"max_hp_loss":0,"event_name":"Golden Wing","floor":11,"gold_loss":0}],"is_beta":false,"boss_relics":[],"items_purged_floors":[],"is_endless":false,"potions_floor_spawned":[1,13],"killed_by":"Large Slime","ascension_level":0}