{"gold_per_floor":[109,128,403,421,71,71,13,13,36,67,10,42,42,42,42,117,117,134,34,34,54,64,64,84,1,1,1,1,17,31,50,50,125,125,143,154,172,11,28,28,54,154,154,154,170,201,201,221,221,221,221],"floor_reached":52,"playtime":1990,"items_purged":["Regret"],"score":1919,"play_id":"71387bb9-af99-4f7d-b722-d9a1c6158c47","local_time":"20190429183007","is_ascension_mode":true,"campfire_choices":[{"data":"Bash","floor":6.0,"key":"SMITH"},{"data":"Flex","floor":8.0,"key":"SMITH"},{"data":"Double Tap","floor":13.0,"key":"SMITH"},{"data":"Flex","floor":15.0,"key":"SMITH"},{"floor":23.0,"key":"REST"},{"data":"Corruption","floor":28.0,"key":"SMITH"},{"floor":32.0,"key":"REST"},{"data":"Flex","floor":40.0,"key":"SMITH"},{"floor":44.0,"key":"REST"},{"floor":49.0,"key":"REST"}],"neow_cost":"NONE","seed_source_timestamp":0,"circlet_count":0,"master_deck":["AscendersBane","Strike_R","Strike_R","Strike_R","Defend_R","Defend_R","Defend_R","Defend_R","Bash+1","Thunderclap","Cleave","Shockwave","Twin Strike","Flex+1","Iron Wave","Flex+1","Double Tap+1","Fiend Fire+1","Heavy Blade+1","Corruption+1","Flex+1","Sword Boomerang+1","Juggernaut","Headbutt+1","Heavy Blade+1","Infernal Blade","Impervious","Shrug It Off+1","Reaper+1","Corruption","Flame Barrier","Flex+1","Sword Boomerang+1","Exhume"],"special_seed":0,"relics":["Burning Blood","NeowsBlessing","Brimstone","Anchor","Blue Candle","Happy Flower","Molten Egg 2","Lizard Tail","Singing Bowl","Snecko Eye","Darkstone Periapt","Gambling Chip","Torii","Juzu Bracelet"],"potions_floor_usage":[51],"damage_taken":[{"damage":0.0,"enemies":"Small Slimes","floor":1.0,"turns":1.0},{"damage":0.0,"enemies":"Cultist","floor":2.0,"turns":1.0},{"damage":0.0,"enemies":"Jaw Worm","floor":4.0,"turns":1.0},{"damage":0.0,"enemies":"Gremlin Nob","floor":10.0,"turns":2.0},{"damage":23.0,"enemies":"Lagavulin","floor":12.0,"turns":4.0},{"damage":51.0,"enemies":"The Guardian","floor":16.0,"turns":5.0},{"damage":31.0,"enemies":"Spheric Guardian","floor":18.0,"turns":4.0},{"damage":14.0,"enemies":"3 Byrds","floor":21.0,"turns":3.0},{"damage":4.0,"enemies":"Snecko","floor":22.0,"turns":3.0},{"damage":17.0,"enemies":"Snake Plant","floor":24.0,"turns":2.0},{"damage":0.0,"enemies":"Chosen and Byrds","floor":29.0,"turns":2.0},{"damage":0.0,"enemies":"Centurion and Healer","floor":30.0,"turns":3.0},{"damage":31.0,"enemies":"Snecko","floor":31.0,"turns":4.0},{"damage":42.0,"enemies":"Champ","floor":33.0,"turns":7.0},{"damage":19.0,"enemies":"3 Darklings","floor":35.0,"turns":5.0},{"damage":0.0,"enemies":"Orb Walker","floor":36.0,"turns":2.0},{"damage":8.0,"enemies":"3 Darklings","floor":37.0,"turns":4.0},{"damage":12.0,"enemies":"Transient","floor":39.0,"turns":6.0},{"damage":17.0,"enemies":"Nemesis","floor":41.0,"turns":3.0},{"damage":25.0,"enemies":"Mind Bloom Boss Battle","floor":42.0,"turns":4.0},{"damage":1.0,"enemies":"Sphere and 2 Shapes","floor":45.0,"turns":3.0},{"damage":21.0,"enemies":"Reptomancer","floor":46.0,"turns":3.0},{"damage":32.0,"enemies":"Maw","floor":48.0,"turns":3.0},{"damage":83,"enemies":"Time Eater","floor":50,"turns":6},{"damage":95,"enemies":"Donu and Deca","floor":51,"turns":5}],"seed_played":"4113773861435314064","potions_obtained":[{"floor":2.0,"key":"Poison Potion"},{"floor":4.0,"key":"GamblersBrew"},{"floor":12.0,"key":"LiquidBronze"},{"floor":18.0,"key":"LiquidBronze"},{"floor":22.0,"key":"Swift Potion"},{"floor":29.0,"key":"EntropicBrew"},{"floor":30.0,"key":"EssenceOfSteel"},{"floor":33.0,"key":"Explosive Potion"},{"floor":36.0,"key":"AttackPotion"},{"floor":42.0,"key":"FearPotion"}],"is_trial":false,"path_per_floor":["M","M","?","M","$","R","$","R","T","E","$","E","R","?","R","B",null,"M","$","?","M","M","R","M","$","T","?","R","M","M","M","R","B",null,"M","M","M","$","M","R","E","?","T","R","M","E","?","M","R","B","B",null],"character_chosen":"IRONCLAD","items_purchased":["Brimstone","Twin Strike","Flex","Flex","Corruption","Flex","Regen Potion","Corruption","Flame Barrier"],"campfire_rested":4,"item_purchase_floors":[5,5,7,11,19,19,25,38,38],"current_hp_per_floor":[74,75,75,75,75,75,75,75,75,75,75,58,58,58,58,13,60,35,35,35,27,29,51,40,40,40,40,40,46,61,36,58,22,62,67,75,81,81,75,75,64,47,47,71,76,75,75,57,81,44,12],"gold":221,"neow_bonus":"THREE_ENEMY_KILL","is_prod":false,"is_daily":false,"chose_seed":false,"campfire_upgraded":6,"win_rate":0,"timestamp":1556577007,"path_taken":["M","M","?","M","$","R","$","R","T","E","?","E","R","?","R","BOSS","M","$","?","?","M","R","M","?","T","?","R","?","M","M","R","BOSS","M","?","M","$","M","R","E","?","T","R","M","E","?","M","R","BOSS","BOSS"],"build_version":"2019-01-23","purchased_purges":1,"victory":true,"max_hp_per_floor":[75,75,75,75,75,75,75,75,75,75,75,75,75,75,75,75,75,75,75,75,75,75,75,75,75,75,75,75,75,75,75,75,75,75,77,79,81,81,81,81,81,83,83,83,83,85,81,83,83,83,83],"card_choices":[{"not_picked":["Fire Breathing","Wild Strike"],"picked":"Thunderclap","floor":1.0},{"not_picked":["Thunderclap","Shrug It Off"],"picked":"Cleave","floor":2.0},{"not_picked":["Dual Wield","Body Slam"],"picked":"Shockwave","floor":4.0},{"not_picked":["Seeing Red","Body Slam"],"picked":"Iron Wave","floor":10.0},{"not_picked":["Hemokinesis","Armaments"],"picked":"Double Tap","floor":12.0},{"not_picked":["Demon Form","Double Tap"],"picked":"Fiend Fire+1","floor":16.0},{"not_picked":["Cleave+1","Perfected Strike+1"],"picked":"Heavy Blade+1","floor":18.0},{"not_picked":["Pommel Strike+1","Cleave+1"],"picked":"Sword Boomerang+1","floor":21.0},{"not_picked":["Havoc","Entrench"],"picked":"Juggernaut","floor":22.0},{"not_picked":["Searing Blow+1","Havoc"],"picked":"Headbutt+1","floor":24.0},{"not_picked":["Clash+1","Warcry"],"picked":"Infernal Blade","floor":29.0},{"not_picked":["Clash+1","Iron Wave+1"],"picked":"Impervious","floor":30.0},{"not_picked":["Power Through","Bloodletting"],"picked":"Shrug It Off+1","floor":31.0},{"not_picked":["Dark Embrace","Bludgeon+1"],"picked":"Reaper+1","floor":33.0},{"not_picked":["Warcry","Battle Trance","Wild Strike+1"],"picked":"Singing Bowl","floor":35.0},{"not_picked":["Power Through","Cleave+1","Metallicize"],"picked":"Singing Bowl","floor":36.0},{"not_picked":["Sword Boomerang+1","True Grit","Thunderclap+1"],"picked":"Singing Bowl","floor":37.0},{"not_picked":["Battle Trance","Ghostly Armor+1"],"picked":"Flex+1","floor":39.0},{"not_picked":["Havoc","Cleave+1"],"picked":"Sword Boomerang+1","floor":41.0},{"not_picked":["Intimidate+1","Fire Breathing","Armaments"],"picked":"Singing Bowl","floor":42.0},{"not_picked":["Clash+1","Headbutt+1"],"picked":"Exhume","floor":45.0},{"not_picked":["Armaments","Clothesline+1","Uppercut+1"],"picked":"Singing Bowl","floor":46.0},{"not_picked":["Ghostly Armor","Dual Wield","Warcry"],"picked":"Singing Bowl","floor":48.0}],"player_experience":937743,"relics_obtained":[{"floor":9.0,"key":"Anchor"},{"floor":10.0,"key":"Blue Candle"},{"floor":12.0,"key":"Happy Flower"},{"floor":26.0,"key":"Singing Bowl"},{"floor":41.0,"key":"Darkstone Periapt"},{"floor":42.0,"key":"Gambling Chip"},{"floor":43.0,"key":"Torii"},{"floor":46.0,"key":"Juzu Bracelet"}],"event_choices":[{"damage_healed":0.0,"max_hp_gain":0.0,"max_hp_loss":0.0,"gold_gain":275.0,"event_name":"Golden Shrine","player_choice":"Desecrate","floor":3.0,"gold_loss":0.0,"damage_taken":0.0,"cards_obtained":["Regret"]},{"damage_healed":0.0,"max_hp_gain":0.0,"max_hp_loss":0.0,"gold_gain":0.0,"event_name":"WeMeetAgain","player_choice":"Gave Potion","floor":14.0,"gold_loss":0.0,"damage_taken":0.0,"relics_obtained":["Molten Egg 2"]},{"cards_removed":["Strike_R"],"damage_healed":0.0,"max_hp_gain":0.0,"max_hp_loss":0.0,"gold_gain":0.0,"event_name":"Purifier","player_choice":"Purged","floor":20.0,"gold_loss":0.0,"damage_taken":0.0},{"damage_healed":0.0,"max_hp_gain":0.0,"max_hp_loss":0.0,"gold_gain":0.0,"cards_transformed":["Strike_R"],"event_name":"Transmorgrifier","player_choice":"Transformed","floor":27.0,"gold_loss":0.0,"damage_taken":0.0,"cards_obtained":["Heavy Blade"]},{"damage_healed":0.0,"max_hp_gain":0.0,"max_hp_loss":0.0,"gold_gain":0.0,"event_name":"MindBloom","player_choice":"Fight","floor":42.0,"gold_loss":0.0,"damage_taken":0.0},{"damage_healed":0.0,"max_hp_gain":0.0,"max_hp_loss":4.0,"gold_gain":0.0,"event_name":"Winding Halls","player_choice":"Max HP","floor":47.0,"gold_loss":0.0,"damage_taken":0.0}],"is_beta":false,"boss_relics":[{"not_picked":["Philosopher\u0027s Stone","Empty Cage"],"picked":"Lizard Tail"},{"not_picked":["White Beast Statue","Mark of Pain"],"picked":"Snecko Eye"}],"items_purged_floors":[5],"is_endless":false,"potions_floor_spawned":[2,4,12,18,22,29,30,33,36,37,39,42],"ascension_level":20}