{"path_per_floor":["M","?","M","M","M","E","M","R","T","$","?","R","?","M","R","B",null,"M","?","?","M","M","R","M","R","T","$","M","T"],"character_chosen":"IRONCLAD","items_purchased":["Omamori","Shrug It Off"],"gold_per_floor":[116,116,126,142,152,180,190,190,190,38,38,38,38,50,50,152,152,166,166,166,183,194,194,205,205,205,81,95,147],"floor_reached":30,"campfire_rested":0,"playtime":2089,"current_hp_per_floor":[79,76,76,73,70,27,26,26,26,26,26,26,26,26,26,9,80,66,66,66,43,29,29,34,34,34,34,39,39],"items_purged":["Strike_R"],"gold":147,"play_id":"ca7732b1-c527-4b98-be0b-6e72df0cf8fe","is_prod":false,"is_daily":false,"campfire_rituals":0,"campfire_upgraded":5,"is_hardmode":false,"path_taken":["M","?","M","M","M","E","M","R","T","$","?","R","?","M","R","BOSS","M","?","?","M","M","R","M","R","T","$","M","?","E"],"build_version":"2018-01-11-PROD2","purchased_purges":1,"victory":false,"master_deck":["Strike_R","Strike_R","Defend_R","Defend_R","Defend_R","Bash","Inflame","Warcry","Evolve","Anger","Heavy Blade","Dropkick","Burning Pact","Demon Form","Double Tap","Rupture","Perfected Strike","Rage","Combust","True Grit","Sword Boomerang","Sentinel","Shrug It Off"],"max_hp_per_floor":[80,80,80,80,80,80,80,80,80,80,80,80,80,80,80,80,80,80,80,80,80,80,80,80,80,80,80,80,80],"relics":["Burning Blood","Mummified Hand","Self Forming Clay","Ice Cream","Omamori","Astrolabe","Bag of Preparation","Bronze Scales","Molten Egg"],"campfire_meditates":0,"card_choices":[{"not_picked":["Cleave","Iron Wave"],"picked":"Inflame"},{"not_picked":["True Grit","Disarm"],"picked":"Warcry"},{"not_picked":["Perfected Strike","Metallicize"],"picked":"Evolve"},{"not_picked":["Reckless Charge","Metallicize"],"picked":"Anger"},{"not_picked":["Anger","Seeing Red"],"picked":"Heavy Blade"},{"not_picked":["Flex","Heavy Blade"],"picked":"Dropkick"},{"not_picked":["Seeing Red","Shrug It Off"],"picked":"Burning Pact"},{"not_picked":["Berserk","Impervious"],"picked":"Demon Form"},{"not_picked":["Bloodletting","Havoc"],"picked":"Rage"},{"not_picked":["Anger","Twin Strike"],"picked":"True Grit"},{"not_picked":["Bloodletting","Cleave"],"picked":"Sword Boomerang"},{"not_picked":["Fire Breathing","Iron Wave"],"picked":"Sentinel"}],"player_experience":30811,"potions_floor_usage":[16,18,24,30],"damage_taken":[{"damage":7,"enemies":"Small Slimes","floor":1,"turns":4},{"damage":6,"enemies":"Jaw Worm","floor":3,"turns":3},{"damage":9,"enemies":"Blue Slaver","floor":4,"turns":3},{"damage":9,"enemies":"3 Louse","floor":5,"turns":3},{"damage":49,"enemies":"3 Sentries","floor":6,"turns":8},{"damage":7,"enemies":"Looter","floor":7,"turns":3},{"damage":6,"enemies":"2 Fungi Beasts","floor":14,"turns":4},{"damage":23,"enemies":"Hexaghost","floor":16,"turns":7},{"damage":20,"enemies":"3 Byrds","floor":18,"turns":6},{"damage":29,"enemies":"2 Thieves","floor":21,"turns":4},{"damage":20,"enemies":"Snake Plant","floor":22,"turns":4},{"damage":7,"enemies":"3 Cultists","floor":24,"turns":4},{"damage":1,"enemies":"Snecko","floor":28,"turns":2},{"damage":39,"enemies":"Gremlin Leader","floor":30,"turns":5}],"event_choices":[{"event_name":"Scrap Ooze","player_choice":"success","floor":2,"damage_taken":3},{"event_name":"Liars Game","player_choice":"disagreed","floor":11,"damage_taken":0},{"event_name":"Accursed Blacksmith","player_choice":"Forge","floor":13,"damage_taken":0},{"event_name":"The Mausoleum","player_choice":"Yes","floor":19,"damage_taken":0},{"event_name":"The Library","player_choice":"Read","floor":20,"damage_taken":0}],"boss_relics":[{"not_picked":["Velvet Choker","Orrery"],"picked":"Astrolabe"}],"potions_floor_spawned":[4,6,18,22,28],"seed_played":"2397106446404096983","killed_by":"Gremlin Leader","is_trial":false}