{"gold_per_floor":[113,124,124,22,40,75,75,45,45,105,119,119,119,41,41,118,118,137,45,45,61,73,73,73,93,93,93,93,93,103,120,120,191,191,202,202,202,35,54,87,87,187,187,187,200,200,200,219,219,219],"floor_reached":51,"playtime":2396,"items_purged":[],"score":1340,"play_id":"2cd34a88-f8b6-417d-95f9-243becbe7e8f","local_time":"20181126074223","is_ascension_mode":true,"campfire_choices":[{"data":"Chaos","floor":7.0,"key":"SMITH"},{"data":"Defragment","floor":12.0,"key":"SMITH"},{"floor":15.0,"key":"REST"},{"data":"Capacitor","floor":23.0,"key":"SMITH"},{"data":"Buffer","floor":27.0,"key":"SMITH"},{"floor":32.0,"key":"REST"},{"data":"Echo Form","floor":41.0,"key":"SMITH"},{"data":"Zap","floor":44.0,"key":"SMITH"},{"data":"Beam Cell","floor":47.0,"key":"SMITH"},{"data":"Echo Form","floor":49.0,"key":"SMITH"}],"neow_cost":"NONE","seed_source_timestamp":0,"circlet_count":0,"master_deck":["AscendersBane","Defend_B","Defend_B","Defend_B","Zap+1","Dualcast","Beam Cell+1","Ball Lightning","Chaos+1","Defragment+1","Compile Driver+1","Barrage+1","Rebound+1","Doom and Gloom+1","Buffer+1","Glacier","Bandage Up","Bite+1","Bite+1","Bite+1","Bite+1","Bite+1","Capacitor+1","Auto Shields+1","FTL+1","Glacier+1","Amplify","Beam Cell+1","Undo","Echo Form+1","Go for the Eyes+1","Echo Form+1","Compile Driver+1","Storm+1","Blizzard+1"],"special_seed":0,"relics":["FrozenCore","NeowsBlessing","Molten Egg 2","Meat on the Bone","Nloth\u0027s Gift","Gremlin Horn","Nuclear Battery","War Paint","Calipers","WingedGreaves","Singing Bowl"],"potions_floor_usage":[50,50],"damage_taken":[{"damage":0.0,"enemies":"Small Slimes","floor":1.0,"turns":1.0},{"damage":0.0,"enemies":"Cultist","floor":2.0,"turns":1.0},{"damage":0.0,"enemies":"2 Louse","floor":5.0,"turns":1.0},{"damage":44.0,"enemies":"Gremlin Nob","floor":6.0,"turns":4.0},{"damage":5.0,"enemies":"Blue Slaver","floor":11.0,"turns":2.0},{"damage":39.0,"enemies":"Hexaghost","floor":16.0,"turns":8.0},{"damage":17.0,"enemies":"Shell Parasite","floor":18.0,"turns":5.0},{"damage":20.0,"enemies":"3 Byrds","floor":21.0,"turns":4.0},{"damage":26.0,"enemies":"3 Cultists","floor":22.0,"turns":5.0},{"damage":28.0,"enemies":"Centurion and Healer","floor":25.0,"turns":8.0},{"damage":30.0,"enemies":"Shelled Parasite and Fungi","floor":30.0,"turns":7.0},{"damage":34.0,"enemies":"3 Cultists","floor":31.0,"turns":6.0},{"damage":49.0,"enemies":"Collector","floor":33.0,"turns":12.0},{"damage":0.0,"enemies":"3 Shapes","floor":35.0,"turns":8.0},{"damage":6.0,"enemies":"Orb Walker","floor":39.0,"turns":4.0},{"damage":37.0,"enemies":"Reptomancer","floor":40.0,"turns":8.0},{"damage":1.0,"enemies":"Mind Bloom Boss Battle","floor":42.0,"turns":7.0},{"damage":16.0,"enemies":"Sphere and 2 Shapes","floor":45.0,"turns":8.0},{"damage":0.0,"enemies":"Maw","floor":48.0,"turns":7.0},{"damage":43,"enemies":"Awakened One","floor":50,"turns":14}],"seed_played":"7022141183656573636","potions_obtained":[{"floor":2.0,"key":"Energy Potion"},{"floor":11.0,"key":"PowerPotion"},{"floor":16.0,"key":"GamblersBrew"},{"floor":18.0,"key":"Weak Potion"},{"floor":25.0,"key":"LiquidBronze"},{"floor":33.0,"key":"SteroidPotion"},{"floor":35.0,"key":"Swift Potion"},{"floor":37.0,"key":"Ancient Potion"},{"floor":48.0,"key":"AttackPotion"}],"is_trial":false,"path_per_floor":["M","M","?","$","M","E","R","$","T","?","M","R","?","$","R","B",null,"M","$","?","M","M","R","?","M","T","R","?","?","M","M","R","B",null,"M","?","?","$","M","E","R","?","T","R","M","$","R","M","R","B",null],"character_chosen":"DEFECT","items_purchased":["Ball Lightning","Chaos","Barrage+1","Doom and Gloom+1","Bandage Up","War Paint"],"campfire_rested":2,"item_purchase_floors":[4,4,8,14,19,38],"current_hp_per_floor":[64,64,64,64,64,20,20,20,20,20,27,27,27,27,48,21,59,42,42,42,38,25,25,25,34,34,34,22,22,29,23,39,33,49,54,54,54,54,54,36,36,54,54,54,47,47,47,54,54,49],"gold":219,"neow_bonus":"THREE_ENEMY_KILL","is_prod":false,"is_daily":false,"chose_seed":false,"campfire_upgraded":8,"win_rate":0,"timestamp":1543236143,"path_taken":["M","M","?","$","?","E","R","$","T","?","M","R","?","?","R","BOSS","M","$","?","M","M","R","?","?","T","R","?","?","?","M","R","BOSS","M","?","?","$","?","E","R","?","T","R","M","$","R","M","R","BOSS"],"build_version":"2018-11-15","purchased_purges":0,"victory":true,"max_hp_per_floor":[71,71,71,71,71,71,71,71,71,71,71,71,71,71,71,71,71,71,71,49,49,49,49,49,49,49,49,54,54,54,54,54,54,54,54,54,54,54,54,54,54,54,54,54,54,54,54,54,54,54],"card_choices":[{"not_picked":["Streamline","Coolheaded"],"picked":"Beam Cell","floor":1.0},{"not_picked":["Stack","Gash"],"picked":"Redo","floor":2.0},{"not_picked":["Darkness","Hello World"],"picked":"Defragment","floor":5.0},{"not_picked":["Leap","Skim"],"picked":"Compile Driver","floor":6.0},{"not_picked":["Gash+1","Stack"],"picked":"Rebound+1","floor":11.0},{"not_picked":["All For One+1","Meteor Strike+1"],"picked":"Buffer","floor":16.0},{"not_picked":["Rebound+1","Go for the Eyes+1"],"picked":"Glacier","floor":18.0},{"not_picked":["Hello World","Coolheaded"],"picked":"Capacitor","floor":21.0},{"not_picked":["Steam","Gash+1"],"picked":"Auto Shields","floor":22.0},{"not_picked":["Go for the Eyes+1","All For One+1"],"picked":"FTL+1","floor":25.0},{"not_picked":["Redo","Skim"],"picked":"Beam Cell+1","floor":30.0},{"not_picked":["Ball Lightning+1","Conserve Battery"],"picked":"Undo","floor":31.0},{"not_picked":["Seek","Machine Learning"],"picked":"Echo Form","floor":33.0},{"not_picked":["Double Energy","Steam"],"picked":"Go for the Eyes+1","floor":35.0},{"not_picked":["Streamline+1","Steam","Chaos+1"],"picked":"SKIP","floor":39.0},{"not_picked":["Beam Cell+1","Steam"],"picked":"Echo Form","floor":40.0},{"not_picked":["Stack","Redo"],"picked":"Compile Driver+1","floor":42.0},{"not_picked":["Force Field","Coolheaded"],"picked":"Storm+1","floor":45.0},{"not_picked":["Turbo+1","Double Energy"],"picked":"Blizzard+1","floor":48.0}],"player_experience":769091,"relics_obtained":[{"floor":6.0,"key":"Molten Egg 2"},{"floor":9.0,"key":"Meat on the Bone"},{"floor":26.0,"key":"Gremlin Horn"},{"floor":40.0,"key":"Calipers"},{"floor":42.0,"key":"WingedGreaves"},{"floor":43.0,"key":"Singing Bowl"}],"event_choices":[{"cards_removed":["Redo"],"damage_healed":0.0,"max_hp_gain":0.0,"max_hp_loss":0.0,"gold_gain":0.0,"event_name":"WeMeetAgain","player_choice":"Gave Card","floor":3.0,"gold_loss":0.0,"damage_taken":0.0,"relics_obtained":["Unceasing Top"]},{"damage_healed":0.0,"max_hp_gain":0.0,"max_hp_loss":0.0,"gold_gain":60.0,"event_name":"Golden Wing","player_choice":"Gained Gold","floor":10.0,"gold_loss":0.0,"damage_taken":0.0},{"damage_healed":0.0,"max_hp_gain":0.0,"max_hp_loss":0.0,"gold_gain":0.0,"event_name":"Golden Idol","player_choice":"Ignored","floor":13.0,"gold_loss":0.0,"damage_taken":0.0},{"damage_healed":0.0,"max_hp_gain":0.0,"max_hp_loss":22.0,"gold_gain":0.0,"event_name":"Vampires","player_choice":"Became a vampire","floor":20.0,"gold_loss":0.0,"damage_taken":0.0,"cards_obtained":["Bite","Bite","Bite","Bite","Bite"]},{"damage_healed":0.0,"max_hp_gain":0.0,"max_hp_loss":0.0,"gold_gain":0.0,"event_name":"N\u0027loth","player_choice":"Traded Relic","floor":24.0,"relics_lost":["Unceasing Top"],"gold_loss":0.0,"damage_taken":0.0,"relics_obtained":["Nloth\u0027s Gift"]},{"damage_healed":0.0,"max_hp_gain":5.0,"max_hp_loss":0.0,"gold_gain":0.0,"event_name":"Forgotten Altar","player_choice":"Shed Blood","floor":28.0,"gold_loss":0.0,"damage_taken":17.0},{"damage_healed":0.0,"max_hp_gain":0.0,"max_hp_loss":0.0,"gold_gain":0.0,"event_name":"Match and Keep!","player_choice":"2 cards matched","floor":29.0,"gold_loss":0.0,"damage_taken":0.0,"cards_obtained":["Glacier","Amplify"]},{"cards_removed":["Defend_B"],"damage_healed":0.0,"max_hp_gain":0.0,"max_hp_loss":0.0,"gold_gain":0.0,"event_name":"Falling","player_choice":"Removed Skill","floor":36.0,"gold_loss":0.0,"damage_taken":0.0},{"damage_healed":0.0,"max_hp_gain":0.0,"max_hp_loss":0.0,"gold_gain":0.0,"event_name":"Lab","player_choice":"Got Potions","floor":37.0,"gold_loss":0.0,"damage_taken":0.0},{"damage_healed":0.0,"max_hp_gain":0.0,"max_hp_loss":0.0,"gold_gain":0.0,"event_name":"MindBloom","player_choice":"Fight","floor":42.0,"gold_loss":0.0,"damage_taken":0.0}],"is_beta":false,"boss_relics":[{"not_picked":["White Beast Statue","Eternal Feather"],"picked":"FrozenCore"},{"not_picked":["Sozu","Velvet Choker"],"picked":"Nuclear Battery"}],"items_purged_floors":[],"is_endless":false,"potions_floor_spawned":[2,11,16,18,25,33,35,48],"ascension_level":19}