{"gold_per_floor":[109,109,109,127,127,127,168,168,192,220,238,253,14,35,35,159,159],"floor_reached":17,"playtime":560,"items_purged":[],"score":225,"play_id":"0463fd7b-c60e-4f17-a6ac-b14bdf707d7c","local_time":"20190319204606","is_ascension_mode":true,"campfire_choices":[{"data":"Catalyst","floor":6,"key":"SMITH"},{"floor":8,"key":"DIG"},{"data":"Glass Knife","floor":15,"key":"SMITH"}],"neow_cost":"NONE","seed_source_timestamp":561651439457076,"circlet_count":0,"master_deck":["Defend_G","Defend_G","Defend_G","Defend_G+1","Defend_G","Strike_G","Strike_G","Strike_G","Strike_G","Survivor","Neutralize+1","Acrobatics","Injury","Catalyst+1","Dagger Throw","Cloak And Dagger","Dagger Spray","Heel Hook","Glass Knife+1","Poisoned Stab+1","Tools of the Trade","Infinite Blades","Terror","Noxious Fumes"],"relics":["Ring of the Snake","NeowsBlessing","Golden Idol","Shovel","Pear","Odd Mushroom","Molten Egg 2","Orrery"],"potions_floor_usage":[16,16],"damage_taken":[{"damage":0,"enemies":"2 Louse","floor":1,"turns":1},{"damage":0,"enemies":"Small Slimes","floor":4,"turns":1},{"damage":0,"enemies":"Gremlin Nob","floor":7,"turns":1},{"damage":9,"enemies":"The Mushroom Lair","floor":10,"turns":7},{"damage":1,"enemies":"Cultist","floor":11,"turns":5},{"damage":4,"enemies":"Exordium Wildlife","floor":12,"turns":4},{"damage":2,"enemies":"Blue Slaver","floor":14,"turns":3},{"damage":28,"enemies":"Hexaghost","floor":16,"turns":9}],"seed_played":"-7591350311442926776","potions_obtained":[{"floor":4,"key":"GamblersBrew"},{"floor":12,"key":"SpeedPotion"},{"floor":14,"key":"FearPotion"},{"floor":16,"key":"PowerPotion"}],"is_trial":false,"path_per_floor":["M","?","?","M","?","R","E","R","T","?","M","M","$","M","R","B",null],"character_chosen":"THE_SILENT","items_purchased":["Molten Egg 2"],"campfire_rested":0,"item_purchase_floors":[13],"current_hp_per_floor":[70,70,70,70,56,56,56,66,66,57,56,52,52,50,50,22,22],"gold":159,"neow_bonus":"THREE_ENEMY_KILL","is_prod":false,"is_daily":false,"chose_seed":false,"campfire_upgraded":2,"win_rate":0,"timestamp":1553053566,"path_taken":["M","?","?","?","?","R","E","R","T","?","M","M","$","M","R","BOSS"],"build_version":"2019-01-23","purchased_purges":0,"victory":false,"max_hp_per_floor":[70,70,70,70,70,70,70,80,80,80,80,80,80,80,80,80,80],"card_choices":[{"not_picked":["Quick Slash","Flechettes"],"picked":"Acrobatics","floor":1},{"not_picked":["Outmaneuver","Setup"],"picked":"Dagger Throw","floor":4},{"not_picked":["Dagger Spray","Deflect"],"picked":"Cloak And Dagger","floor":7},{"not_picked":["Acrobatics","Prepared"],"picked":"Dagger Spray","floor":10},{"not_picked":["Cloak And Dagger","Blade Dance"],"picked":"Heel Hook","floor":11},{"not_picked":["Dagger Throw","Acrobatics"],"picked":"Glass Knife","floor":12},{"not_picked":["Backflip","Deadly Poison"],"picked":"Poisoned Stab+1","floor":14},{"not_picked":["Grand Finale+1","Glass Knife+1"],"picked":"Tools of the Trade","floor":16},{"not_picked":["Skewer+1","Outmaneuver"],"picked":"Infinite Blades","floor":17},{"not_picked":["Expertise","Acrobatics"],"picked":"Terror","floor":17},{"not_picked":["Backflip","Reflex"],"picked":"Noxious Fumes","floor":17}],"player_experience":338679,"relics_obtained":[{"floor":7,"key":"Shovel"},{"floor":8,"key":"Pear"},{"floor":10,"key":"Odd Mushroom"}],"event_choices":[{"damage_healed":0,"gold_gain":0,"player_choice":"Take Wound","damage_taken":0,"relics_obtained":["Golden Idol"],"max_hp_gain":0,"max_hp_loss":0,"event_name":"Golden Idol","floor":2,"gold_loss":0,"cards_obtained":["Injury"]},{"damage_healed":0,"gold_gain":0,"cards_transformed":["Strike_G"],"player_choice":"Transformed","damage_taken":0,"max_hp_gain":0,"max_hp_loss":0,"event_name":"Transmorgrifier","floor":3,"gold_loss":0,"cards_obtained":["Catalyst"]},{"damage_healed":0,"gold_gain":0,"player_choice":"Entered Light","damage_taken":14,"max_hp_gain":0,"max_hp_loss":0,"event_name":"Shining Light","floor":5,"gold_loss":0,"cards_upgraded":["Neutralize","Defend_G"]},{"damage_healed":0,"gold_gain":0,"player_choice":"Fought Mushrooms","damage_taken":0,"max_hp_gain":0,"max_hp_loss":0,"event_name":"Mushrooms","floor":10,"gold_loss":0}],"is_beta":false,"boss_relics":[{"not_picked":["Lizard Tail","Snecko Eye"],"picked":"Orrery"}],"items_purged_floors":[],"is_endless":false,"potions_floor_spawned":[4,12,14,16],"ascension_level":5}