{"gold_per_floor":[114,132,151,101,101,101,127,127,127,140,170,170,27,46,46,149,149,169,180,12,31,31,31,31,45,45,58,71,71,71],"floor_reached":30,"playtime":1393,"items_purged":[],"score":267,"play_id":"7003c707-311a-456c-a809-23d253dda8d0","local_time":"20190413000015","is_ascension_mode":false,"campfire_choices":[{"data":"Dagger Spray","floor":6.0,"key":"SMITH"},{"data":"Noxious Fumes","floor":12.0,"key":"SMITH"},{"data":"Deadly Poison","floor":15.0,"key":"SMITH"},{"data":"Apotheosis","floor":23.0,"key":"SMITH"}],"neow_cost":"NONE","seed_source_timestamp":198478911249400,"circlet_count":0,"master_deck":["Defend_G","Defend_G","Defend_G","Defend_G","Strike_G","Strike_G","Strike_G","Survivor","Neutralize","Dagger Spray+1","Dagger Throw","Calculated Gamble","Noxious Fumes+1","Blur","Deadly Poison+1","Quick Slash","Sucker Punch","Night Terror","Noxious Fumes+1","Bane","Apotheosis+1","Adrenaline","Expertise+1"],"special_seed":0,"relics":["Ring of the Snake","NeowsBlessing","Gambling Chip","StoneCalendar","Boot","Velvet Choker","Toxic Egg 2","Calipers"],"potions_floor_usage":[],"damage_taken":[{"damage":0.0,"enemies":"Jaw Worm","floor":1.0,"turns":1.0},{"damage":0.0,"enemies":"Small Slimes","floor":2.0,"turns":1.0},{"damage":0.0,"enemies":"2 Louse","floor":3.0,"turns":1.0},{"damage":11.0,"enemies":"3 Sentries","floor":7.0,"turns":8.0},{"damage":0.0,"enemies":"Lots of Slimes","floor":10.0,"turns":1.0},{"damage":0.0,"enemies":"Gremlin Nob","floor":11.0,"turns":3.0},{"damage":0.0,"enemies":"Large Slime","floor":14.0,"turns":4.0},{"damage":21.0,"enemies":"Hexaghost","floor":16.0,"turns":8.0},{"damage":13.0,"enemies":"Spheric Guardian","floor":18.0,"turns":5.0},{"damage":0.0,"enemies":"Chosen","floor":19.0,"turns":5.0},{"damage":10.0,"enemies":"3 Cultists","floor":21.0,"turns":4.0},{"damage":5.0,"enemies":"Chosen and Byrds","floor":25.0,"turns":4.0},{"damage":2.0,"enemies":"Centurion and Healer","floor":27.0,"turns":5.0},{"damage":0.0,"enemies":"Snecko","floor":28.0,"turns":5.0},{"damage":41,"enemies":"Slavers","floor":30,"turns":4}],"seed_played":"1179097579376468011","potions_obtained":[{"floor":3.0,"key":"Weak Potion"},{"floor":8.0,"key":"EssenceOfSteel"},{"floor":8.0,"key":"GhostInAJar"},{"floor":8.0,"key":"PowerPotion"},{"floor":10.0,"key":"SteroidPotion"},{"floor":11.0,"key":"GamblersBrew"},{"floor":18.0,"key":"Dexterity Potion"},{"floor":21.0,"key":"Ancient Potion"}],"is_trial":false,"path_per_floor":["M","M","M","?","?","R","E","?","T","M","E","R","$","M","R","B",null,"M","M","$","M","?","R","T","M","T","M","M","?","E"],"character_chosen":"THE_SILENT","items_purchased":["Blur","Deadly Poison","Quick Slash","Apotheosis"],"campfire_rested":0,"item_purchase_floors":[13,13,13,20],"current_hp_per_floor":[70,70,70,70,63,63,52,52,52,52,52,52,52,52,52,31,70,57,57,57,47,47,47,47,42,42,40,40,40,0],"gold":71,"neow_bonus":"THREE_ENEMY_KILL","is_prod":false,"is_daily":false,"chose_seed":false,"campfire_upgraded":4,"win_rate":0.0,"timestamp":1555131615,"path_taken":["M","M","M","?","?","R","E","?","T","M","E","R","$","M","R","BOSS","M","?","$","M","?","R","?","M","T","?","?","?","E"],"build_version":"2019-01-23","purchased_purges":0,"victory":false,"max_hp_per_floor":[70,70,70,70,70,70,70,70,70,70,70,70,70,70,70,70,70,70,70,70,70,70,70,70,70,70,70,70,70,70],"card_choices":[{"not_picked":["Leg Sweep","Bane"],"picked":"Dagger Spray","floor":1.0},{"not_picked":["Calculated Gamble","Outmaneuver"],"picked":"Dagger Throw","floor":2.0},{"not_picked":["Slice","Deflect","Leg Sweep"],"picked":"SKIP","floor":3.0},{"not_picked":["Acrobatics","Blade Dance"],"picked":"Calculated Gamble","floor":7.0},{"not_picked":["Backstab","Quick Slash"],"picked":"Noxious Fumes","floor":10.0},{"not_picked":["Dash","Wraith Form v2","Predator"],"picked":"SKIP","floor":11.0},{"not_picked":["Deflect","Acrobatics"],"picked":"Sucker Punch","floor":14.0},{"not_picked":["Burst","Storm of Steel"],"picked":"Night Terror","floor":16.0},{"not_picked":["Dagger Spray","Flying Knee"],"picked":"Noxious Fumes+1","floor":18.0},{"not_picked":["Underhanded Strike+1","Prepared+1"],"picked":"Bane","floor":19.0},{"not_picked":["Finisher","Dodge and Roll"],"picked":"Adrenaline","floor":21.0},{"not_picked":["Finisher+1","Flying Knee","Skewer"],"picked":"SKIP","floor":25.0},{"not_picked":["Dagger Throw","Quick Slash+1","Blade Dance+1"],"picked":"SKIP","floor":27.0},{"not_picked":["Slice+1","Cloak And Dagger+1","Accuracy+1"],"picked":"SKIP","floor":28.0}],"player_experience":108364,"relics_obtained":[{"floor":7.0,"key":"Gambling Chip"},{"floor":9.0,"key":"StoneCalendar"},{"floor":11.0,"key":"Boot"},{"floor":24.0,"key":"Toxic Egg 2"},{"floor":26.0,"key":"Calipers"}],"event_choices":[{"cards_removed":["Strike_G"],"damage_healed":0.0,"max_hp_gain":0.0,"max_hp_loss":0.0,"gold_gain":0.0,"event_name":"The Cleric","player_choice":"Card Removal","floor":4.0,"gold_loss":50.0,"damage_taken":0.0},{"cards_removed":["Strike_G"],"damage_healed":0.0,"max_hp_gain":0.0,"max_hp_loss":0.0,"gold_gain":0.0,"event_name":"Golden Wing","player_choice":"Card Removal","floor":5.0,"gold_loss":0.0,"damage_taken":7.0},{"damage_healed":0.0,"max_hp_gain":0.0,"max_hp_loss":0.0,"gold_gain":0.0,"event_name":"Lab","player_choice":"Got Potions","floor":8.0,"gold_loss":0.0,"damage_taken":0.0},{"damage_healed":0.0,"max_hp_gain":0.0,"max_hp_loss":0.0,"gold_gain":0.0,"event_name":"Ghosts","player_choice":"Ignored","floor":22.0,"gold_loss":0.0,"damage_taken":0.0},{"damage_healed":0.0,"max_hp_gain":0.0,"max_hp_loss":0.0,"gold_gain":0.0,"cards_transformed":["Defend_G"],"event_name":"Transmorgrifier","player_choice":"Transformed","floor":29.0,"gold_loss":0.0,"damage_taken":0.0,"cards_obtained":["Expertise"]}],"is_beta":false,"boss_relics":[{"not_picked":["Lizard Tail","Astrolabe"],"picked":"Velvet Choker"}],"items_purged_floors":[],"is_endless":false,"potions_floor_spawned":[3,10,11,18,21],"killed_by":"Slavers","ascension_level":0}