{"gold_per_floor":[11,31,31,31,31,69,69,83,83,98,116,116],"floor_reached":12,"playtime":425,"items_purged":[],"score":80,"play_id":"ff0c34be-368f-4018-a9b1-8f6fb9dfef9f","local_time":"20190321212029","is_ascension_mode":false,"campfire_choices":[{"floor":7,"key":"RECALL"}],"neow_cost":"NO_GOLD","seed_source_timestamp":171580321251600,"circlet_count":0,"master_deck":["Strike_R","Strike_R+1","Strike_R+1","Strike_R","Strike_R","Defend_R","Defend_R","Defend_R","Defend_R","Bash","Mind Blast","Impatience","Metallicize","Rupture","Ghostly Armor","Uppercut","Headbutt","Entrench"],"relics":["Burning Blood","Golden Idol","Kunai"],"potions_floor_usage":[],"damage_taken":[{"damage":10,"enemies":"Small Slimes","floor":1,"turns":3},{"damage":4,"enemies":"Jaw Worm","floor":2,"turns":6},{"damage":25,"enemies":"Gremlin Nob","floor":6,"turns":5},{"damage":6,"enemies":"Cultist","floor":8,"turns":4},{"damage":7,"enemies":"Looter","floor":10,"turns":3},{"damage":13,"enemies":"Exordium Wildlife","floor":11,"turns":5},{"damage":16,"enemies":"Red Slaver","floor":12,"turns":2}],"seed_played":"2854634575265206724","potions_obtained":[{"floor":8,"key":"SpeedPotion"},{"floor":11,"key":"GamblersBrew"}],"is_trial":false,"path_per_floor":["M","M","?","?","?","E","R","M","T","M","M","M"],"character_chosen":"IRONCLAD","items_purchased":[],"campfire_rested":0,"item_purchase_floors":[],"current_hp_per_floor":[76,78,58,42,42,23,23,23,23,22,15,0],"gold":116,"neow_bonus":"RANDOM_COLORLESS_2","is_prod":false,"is_daily":false,"chose_seed":false,"campfire_upgraded":0,"win_rate":0,"timestamp":1553174429,"path_taken":["M","M","?","?","?","E","R","M","T","?","M","M"],"build_version":"2019-01-23","purchased_purges":0,"victory":false,"max_hp_per_floor":[80,80,80,80,80,80,80,80,80,80,80,80],"card_choices":[{"not_picked":["Flex","Havoc"],"picked":"Metallicize","floor":1},{"not_picked":["Cleave","True Grit"],"picked":"Rupture","floor":2},{"not_picked":["Second Wind","Disarm"],"picked":"Ghostly Armor","floor":6},{"not_picked":["Heavy Blade","Sword Boomerang"],"picked":"Uppercut","floor":8},{"not_picked":["Heavy Blade","Havoc"],"picked":"Headbutt","floor":10},{"not_picked":["Clash","Havoc"],"picked":"Entrench","floor":11}],"player_experience":410463,"relics_obtained":[{"floor":6,"key":"Kunai"}],"event_choices":[{"damage_healed":0,"gold_gain":0,"player_choice":"Take Damage","damage_taken":20,"relics_obtained":["Golden Idol"],"max_hp_gain":0,"max_hp_loss":0,"event_name":"Golden Idol","floor":3,"gold_loss":0},{"damage_healed":0,"gold_gain":0,"player_choice":"Entered Light","damage_taken":16,"max_hp_gain":0,"max_hp_loss":0,"event_name":"Shining Light","floor":4,"gold_loss":0,"cards_upgraded":["Strike_R","Strike_R"]},{"damage_healed":0,"gold_gain":0,"player_choice":"Leave","damage_taken":0,"max_hp_gain":0,"max_hp_loss":0,"event_name":"The Cleric","floor":5,"gold_loss":0}],"is_beta":false,"boss_relics":[],"items_purged_floors":[],"is_endless":false,"potions_floor_spawned":[8,11],"killed_by":"Red Slaver","ascension_level":0}