{"gold_per_floor":[112,131,131,131,57,57,97,97,97,121,76,90,90,105,105,105],"floor_reached":16,"playtime":817,"items_purged":[],"score":105,"play_id":"49a85ebc-48b2-46f0-994f-fa45e8e43f30","local_time":"20190506140329","is_ascension_mode":true,"campfire_choices":[{"floor":6,"key":"REST"},{"floor":8,"key":"REST"},{"floor":15,"key":"REST"}],"neow_cost":"PERCENT_DAMAGE","seed_source_timestamp":159548363011500,"circlet_count":0,"master_deck":["Strike_R","Strike_R","Strike_R","Strike_R","Strike_R+1","Defend_R","Defend_R","Defend_R+1","Defend_R","Bash","Body Slam","Injury","Metallicize+1","Battle Trance","Clothesline","Flame Barrier"],"relics":["Burning Blood","Bird Faced Urn","Golden Idol","Meat on the Bone","Letter Opener"],"potions_floor_usage":[7,12,16],"damage_taken":[{"damage":11,"enemies":"Jaw Worm","floor":1,"turns":4},{"damage":15,"enemies":"Small Slimes","floor":2,"turns":5},{"damage":43,"enemies":"Lagavulin","floor":7,"turns":10},{"damage":0,"enemies":"Cultist","floor":10,"turns":3},{"damage":9,"enemies":"Looter","floor":12,"turns":4},{"damage":7,"enemies":"Lots of Slimes","floor":14,"turns":5},{"damage":80,"enemies":"Slime Boss","floor":16,"turns":16}],"seed_played":"5108523072734807888","potions_obtained":[{"floor":2,"key":"Regen Potion"},{"floor":7,"key":"Strength Potion"},{"floor":14,"key":"SkillPotion"}],"is_trial":false,"path_per_floor":["M","M","?","?","$","R","E","R","T","M","?","M","?","M","R","B"],"character_chosen":"IRONCLAD","items_purchased":["Metallicize"],"campfire_rested":3,"item_purchase_floors":[5],"current_hp_per_floor":[51,42,42,26,26,50,30,54,54,60,60,59,59,60,80,0],"gold":105,"neow_bonus":"ONE_RARE_RELIC","is_prod":false,"is_daily":false,"chose_seed":false,"campfire_upgraded":0,"win_rate":0,"timestamp":1557165809,"path_taken":["M","M","?","?","?","R","E","R","T","M","?","?","?","M","R","BOSS"],"build_version":"2019-01-23","purchased_purges":0,"victory":false,"max_hp_per_floor":[80,80,80,80,80,80,80,80,80,80,80,80,80,80,80,80],"card_choices":[{"not_picked":["Headbutt","Warcry"],"picked":"Body Slam","floor":1},{"not_picked":["Sword Boomerang","Headbutt","Pummel"],"picked":"SKIP","floor":2},{"not_picked":["Ghostly Armor","Warcry"],"picked":"Battle Trance","floor":7},{"not_picked":["Havoc","Flex","Sword Boomerang"],"picked":"SKIP","floor":10},{"not_picked":["Bludgeon","Warcry"],"picked":"Clothesline","floor":12},{"not_picked":["Cleave","Perfected Strike"],"picked":"Flame Barrier","floor":14}],"player_experience":114159,"relics_obtained":[{"floor":7,"key":"Meat on the Bone"},{"floor":9,"key":"Letter Opener"}],"event_choices":[{"damage_healed":0,"gold_gain":0,"player_choice":"Take Wound","damage_taken":0,"relics_obtained":["Golden Idol"],"max_hp_gain":0,"max_hp_loss":0,"event_name":"Golden Idol","floor":3,"gold_loss":0,"cards_obtained":["Injury"]},{"damage_healed":0,"gold_gain":0,"player_choice":"Entered Light","damage_taken":16,"max_hp_gain":0,"max_hp_loss":0,"event_name":"Shining Light","floor":4,"gold_loss":0,"cards_upgraded":["Strike_R","Defend_R"]},{"damage_healed":0,"gold_gain":0,"player_choice":"Left Gold","damage_taken":0,"max_hp_gain":0,"max_hp_loss":0,"event_name":"World of Goop","floor":11,"gold_loss":45},{"damage_healed":0,"gold_gain":0,"player_choice":"Upgraded","damage_taken":0,"max_hp_gain":0,"max_hp_loss":0,"event_name":"Upgrade Shrine","floor":13,"gold_loss":0,"cards_upgraded":["Metallicize"]}],"is_beta":false,"boss_relics":[],"items_purged_floors":[],"is_endless":false,"potions_floor_spawned":[2,7,14],"killed_by":"Slime Boss","ascension_level":1}