{"gold_per_floor":[114,125,125,125,125,158,158,158,158,178,214,229,254,279,279,409,409,422,422,113,138,151,151,113,113,113,131,147,147,166,205,205,329,329,353,378,446,52,70,70,70,95,95,110,130,463,463,463,463,463],"floor_reached":51,"playtime":3620,"items_purged":[],"score":683,"play_id":"a247551f-6cf2-40cb-9107-122342af3ae5","local_time":"20190428232608","is_ascension_mode":false,"campfire_choices":[{"floor":8.0,"key":"REST"},{"data":"Sucker Punch","floor":15.0,"key":"SMITH"},{"floor":23.0,"key":"REST"},{"data":"Venomology","floor":25.0,"key":"SMITH"},{"floor":29,"key":"REST"},{"floor":32,"key":"REST"},{"floor":40,"key":"REST"},{"data":"Accuracy","floor":47,"key":"SMITH"},{"floor":49,"key":"REST"}],"neow_cost":"NONE","seed_source_timestamp":434919629859400,"circlet_count":0,"master_deck":["Survivor","Neutralize","Well Laid Plans","Quick Slash","Backflip","Deflect","Sucker Punch+1","Dagger Throw","Flying Knee","Blade Dance","Backflip","Infinite Blades","Storm of Steel","Poisoned Stab","Terror","Venomology+1","A Thousand Cuts","Dagger Throw","Footwork","Distraction","Caltrops","Dagger Spray","Blur","PiercingWail","Accuracy+1","Finisher+1","Blade Dance+1","Backstab","Cloak And Dagger","PiercingWail+1","Blade Dance+1","After Image+1","Outmaneuver+1","Backflip+1","Finisher+1","Escape Plan+1"],"special_seed":0,"relics":["Orrery","Paper Crane","Pen Nib","Pantograph","Pandora\u0027s Box","Singing Bowl","Bottled Lightning","Frozen Egg 2","Philosopher\u0027s Stone","Torii","Ninja Scroll","Bag of Preparation","Bottled Flame"],"potions_floor_usage":[27,28,30,31,33,33,33,33,36,37,39,42,42,45,48,50,50,50],"damage_taken":[{"damage":0.0,"enemies":"Jaw Worm","floor":1.0,"turns":4.0},{"damage":0.0,"enemies":"Small Slimes","floor":2.0,"turns":3.0},{"damage":17.0,"enemies":"Lagavulin","floor":6.0,"turns":7.0},{"damage":0.0,"enemies":"2 Louse","floor":10.0,"turns":2.0},{"damage":2.0,"enemies":"Gremlin Nob","floor":11.0,"turns":4.0},{"damage":0.0,"enemies":"Large Slime","floor":12.0,"turns":5.0},{"damage":0.0,"enemies":"Gremlin Gang","floor":13.0,"turns":1.0},{"damage":14.0,"enemies":"Exordium Thugs","floor":14.0,"turns":4.0},{"damage":13.0,"enemies":"Slime Boss","floor":16.0,"turns":11.0},{"damage":2.0,"enemies":"Chosen","floor":18.0,"turns":4.0},{"damage":25.0,"enemies":"Spheric Guardian","floor":21.0,"turns":4.0},{"damage":23.0,"enemies":"Cultist and Chosen","floor":22.0,"turns":5.0},{"damage":0,"enemies":"Snake Plant","floor":27,"turns":1},{"damage":22,"enemies":"Centurion and Healer","floor":28,"turns":4},{"damage":4,"enemies":"Snecko","floor":30,"turns":3},{"damage":15,"enemies":"Slavers","floor":31,"turns":6},{"damage":40,"enemies":"Automaton","floor":33,"turns":8},{"damage":2,"enemies":"Orb Walker","floor":35,"turns":3},{"damage":12,"enemies":"3 Shapes","floor":36,"turns":5},{"damage":34,"enemies":"2 Orb Walkers","floor":37,"turns":3},{"damage":0,"enemies":"Transient","floor":39,"turns":5},{"damage":1,"enemies":"Maw","floor":42,"turns":6},{"damage":15,"enemies":"Spire Growth","floor":44,"turns":3},{"damage":0,"enemies":"3 Darklings","floor":45,"turns":5},{"damage":0,"enemies":"Sphere and 2 Shapes","floor":48,"turns":2},{"damage":38,"enemies":"Time Eater","floor":50,"turns":9}],"seed_played":"5844159904458696978","potions_obtained":[{"floor":1.0,"key":"Swift Potion"},{"floor":7.0,"key":"PowerPotion"},{"floor":7.0,"key":"Explosive Potion"},{"floor":13.0,"key":"Strength Potion"},{"floor":14.0,"key":"PowerPotion"},{"floor":22.0,"key":"SteroidPotion"},{"floor":27,"key":"Strength Potion"},{"floor":33,"key":"Block Potion"},{"floor":35,"key":"Explosive Potion"},{"floor":37,"key":"Dexterity Potion"},{"floor":44,"key":"SkillPotion"}],"is_trial":false,"path_per_floor":["M","M","?","?","?","E","?","R","T","M","E","M","M","M","R","B",null,"M","?","$","M","M","R","$","R","T","M","M","R","M","E","R","B",null,"M","M","?","$","M","R","$","M","T","M","M","?","R","M","R","B",null],"character_chosen":"THE_SILENT","items_purchased":["Singing Bowl","Accuracy","Backstab","Ninja Scroll","Bag of Preparation"],"campfire_rested":6,"item_purchase_floors":[20,20,24,38,38],"current_hp_per_floor":[70,70,53,46,51,34,34,56,56,56,54,54,54,40,40,52,75,73,73,73,48,25,47,47,47,47,49,27,50,46,31,54,37,77,75,65,31,31,33,57,57,56,56,43,43,43,43,43,67,45],"gold":463,"neow_bonus":"BOSS_RELIC","is_prod":false,"is_daily":false,"chose_seed":false,"campfire_upgraded":3,"win_rate":0,"timestamp":1556508368,"path_taken":["M","M","?","?","?","E","?","R","T","?","E","?","M","M","R","BOSS","M","?","$","M","M","R","$","R","T","?","M","R","M","E","R","BOSS","M","M","?","$","M","R","?","M","T","M","M","?","R","M","R","BOSS"],"build_version":"2019-01-23","purchased_purges":0,"victory":true,"max_hp_per_floor":[70,70,70,70,75,75,75,75,75,75,75,75,75,75,75,75,75,75,75,75,75,75,75,75,75,75,77,77,77,77,77,77,77,77,77,79,79,79,81,81,81,81,81,83,83,83,83,83,83,83],"card_choices":[{"not_picked":["Sucker Punch","Dodge and Roll"],"picked":"Well Laid Plans","floor":0.0},{"not_picked":["Dagger Spray","Noxious Fumes"],"picked":"Quick Slash","floor":0.0},{"not_picked":["Skewer","Quick Slash"],"picked":"Backflip","floor":0.0},{"not_picked":["Eviscerate","Accuracy"],"picked":"Deflect","floor":0.0},{"not_picked":["Acrobatics","Deadly Poison"],"picked":"Sucker Punch","floor":0.0},{"not_picked":["Deflect","Masterful Stab"],"picked":"Dagger Throw","floor":1.0},{"not_picked":["Quick Slash","Calculated Gamble"],"picked":"Flying Knee","floor":2.0},{"not_picked":["Night Terror","Blur"],"picked":"Blade Dance","floor":6.0},{"not_picked":["Masterful Stab","Prepared","Catalyst"],"picked":"SKIP","floor":10.0},{"not_picked":["Quick Slash","Prepared"],"picked":"Terror","floor":11.0},{"not_picked":["Tactician","Distraction"],"picked":"Backflip","floor":12.0},{"not_picked":["Phantasmal Killer","Deflect","Outmaneuver"],"picked":"SKIP","floor":13.0},{"not_picked":["Leg Sweep","Outmaneuver"],"picked":"Infinite Blades","floor":14.0},{"not_picked":["Burst","Glass Knife"],"picked":"Storm of Steel","floor":16.0},{"not_picked":["Deflect","Well Laid Plans"],"picked":"Blur","floor":18.0},{"not_picked":["Expertise+1","Dodge and Roll+1"],"picked":"Finisher+1","floor":21.0},{"not_picked":["Outmaneuver","Dagger Spray"],"picked":"Blade Dance+1","floor":22.0},{"not_picked":["Dagger Throw+1","Slice","Expertise"],"picked":"Singing Bowl","floor":27},{"not_picked":["Deadly Poison+1","Outmaneuver"],"picked":"Cloak And Dagger","floor":28},{"not_picked":["Bane","Dagger Throw+1"],"picked":"PiercingWail+1","floor":30},{"not_picked":["Tools of the Trade","All Out Attack+1"],"picked":"Blade Dance+1","floor":31},{"not_picked":["Envenom+1","Bullet Time"],"picked":"After Image+1","floor":33},{"not_picked":["PiercingWail","Quick Slash+1"],"picked":"Outmaneuver+1","floor":35},{"not_picked":["Slice+1","Dash","Outmaneuver+1"],"picked":"Singing Bowl","floor":36},{"not_picked":["Terror","Setup"],"picked":"Backflip+1","floor":37},{"not_picked":["Setup","Terror+1","All Out Attack+1"],"picked":"Singing Bowl","floor":39},{"not_picked":["Deadly Poison+1","Dagger Throw"],"picked":"Finisher+1","floor":42},{"not_picked":["Deadly Poison","Prepared+1","Masterful Stab"],"picked":"Singing Bowl","floor":44},{"not_picked":["Sucker Punch","Dagger Spray+1"],"picked":"Escape Plan+1","floor":45}],"player_experience":393400,"relics_obtained":[{"floor":6.0,"key":"Paper Crane"},{"floor":9.0,"key":"Pen Nib"},{"floor":11.0,"key":"Pantograph"},{"floor":26.0,"key":"Bottled Lightning"},{"floor":31,"key":"Frozen Egg 2"},{"floor":37,"key":"Torii"},{"floor":43,"key":"Bottled Flame"}],"event_choices":[{"damage_healed":0.0,"max_hp_gain":0.0,"max_hp_loss":0.0,"gold_gain":0.0,"event_name":"Golden Idol","player_choice":"Take Damage","floor":3.0,"gold_loss":0.0,"damage_taken":17.0,"relics_obtained":["Golden Idol"]},{"cards_removed":["Strike_G"],"damage_healed":0.0,"max_hp_gain":0.0,"max_hp_loss":0.0,"gold_gain":0.0,"event_name":"Golden Wing","player_choice":"Card Removal","floor":4.0,"gold_loss":0.0,"damage_taken":7.0},{"damage_healed":0.0,"max_hp_gain":5.0,"max_hp_loss":0.0,"gold_gain":0.0,"event_name":"Big Fish","player_choice":"Donut","floor":5.0,"gold_loss":0.0,"damage_taken":0.0},{"damage_healed":0.0,"max_hp_gain":0.0,"max_hp_loss":0.0,"gold_gain":0.0,"event_name":"Lab","player_choice":"Got Potions","floor":7.0,"gold_loss":0.0,"damage_taken":0.0},{"damage_healed":0.0,"max_hp_gain":0.0,"max_hp_loss":0.0,"gold_gain":0.0,"cards_transformed":["Terror"],"event_name":"Transmorgrifier","player_choice":"Transformed","floor":19.0,"gold_loss":0.0,"damage_taken":0.0,"cards_obtained":["PiercingWail"]},{"damage_healed":0,"gold_gain":0,"player_choice":"Fight","damage_taken":0,"max_hp_gain":0,"max_hp_loss":0,"event_name":"Mysterious Sphere","floor":37,"gold_loss":0},{"damage_healed":0,"gold_gain":333,"player_choice":"Gave Idol","damage_taken":0,"max_hp_gain":0,"max_hp_loss":0,"event_name":"The Moai Head","floor":46,"relics_lost":["Golden Idol"],"gold_loss":0}],"is_beta":false,"boss_relics":[{"not_picked":["Eternal Feather","Fusion Hammer"],"picked":"Pandora\u0027s Box"},{"not_picked":["Astrolabe","Lizard Tail"],"picked":"Philosopher\u0027s Stone"}],"items_purged_floors":[],"is_endless":false,"potions_floor_spawned":[1,13,14,22,27,30,33,35,37,44,48],"ascension_level":0}