{"gold_per_floor":[109,184,334,20,38,64,75,91,91,91,91,108,124,135,135,135],"floor_reached":16,"playtime":713,"items_purged":[],"score":208,"play_id":"ccbede89-81fd-4730-8cab-3eaf55f999be","local_time":"20190507003531","is_ascension_mode":true,"campfire_choices":[{"floor":10,"key":"REST"},{"floor":15,"key":"REST"}],"neow_cost":"CURSE","seed_source_timestamp":212406832421200,"circlet_count":0,"master_deck":["AscendersBane","Defend_G","Defend_G","Defend_G","Defend_G","Defend_G","Strike_G","Strike_G","Strike_G+1","Strike_G+1","Strike_G","Survivor","Neutralize","Dash","Apotheosis","Footwork","Dagger Throw","Catalyst","Catalyst","Prepared","Catalyst"],"relics":["Ring of the Snake","Tough Bandages","Membership Card","Whetstone","Vajra"],"potions_floor_usage":[12,14],"damage_taken":[{"damage":6,"enemies":"Jaw Worm","floor":1,"turns":5},{"damage":2,"enemies":"Small Slimes","floor":5,"turns":4},{"damage":13,"enemies":"Lagavulin","floor":6,"turns":13},{"damage":0,"enemies":"Cultist","floor":7,"turns":4},{"damage":3,"enemies":"2 Fungi Beasts","floor":8,"turns":5},{"damage":0,"enemies":"Lots of Slimes","floor":12,"turns":3},{"damage":0,"enemies":"Looter","floor":13,"turns":4},{"damage":7,"enemies":"Large Slime","floor":14,"turns":6},{"damage":51,"enemies":"Slime Boss","floor":16,"turns":10}],"seed_played":"1651002744624653614","potions_obtained":[{"floor":1,"key":"Swift Potion"},{"floor":5,"key":"Explosive Potion"}],"is_trial":false,"path_per_floor":["M","?","?","$","M","E","M","M","T","R","?","M","M","M","R","B"],"character_chosen":"THE_SILENT","items_purchased":["Membership Card","Apotheosis"],"campfire_rested":2,"item_purchase_floors":[4,4],"current_hp_per_floor":[53,42,42,42,40,27,27,24,24,43,43,43,43,36,55,4],"gold":135,"neow_bonus":"ONE_RARE_RELIC","is_prod":false,"is_daily":false,"chose_seed":false,"campfire_upgraded":0,"win_rate":0,"timestamp":1557203731,"path_taken":["M","?","?","$","?","E","M","M","T","R","?","?","M","M","R","BOSS"],"build_version":"2019-04-23","purchased_purges":0,"victory":false,"max_hp_per_floor":[66,66,66,66,66,66,66,66,66,66,66,66,66,66,66,66],"card_choices":[{"not_picked":["Slice","Heel Hook"],"picked":"Dash","floor":1},{"not_picked":["All Out Attack","Deadly Poison"],"picked":"Footwork","floor":5},{"not_picked":["Cloak And Dagger","Sucker Punch"],"picked":"Dagger Throw","floor":6},{"not_picked":["Acrobatics","Bane"],"picked":"Catalyst","floor":7},{"not_picked":["Underhanded Strike","Expertise"],"picked":"Catalyst","floor":8},{"not_picked":["Setup","PiercingWail","Flying Knee"],"picked":"SKIP","floor":12},{"not_picked":["Slice","Cloak And Dagger"],"picked":"Prepared","floor":13},{"not_picked":["Venomology","Acrobatics"],"picked":"Catalyst","floor":14}],"player_experience":1415868,"relics_obtained":[{"floor":6,"key":"Whetstone"},{"floor":9,"key":"Vajra"}],"event_choices":[{"damage_healed":0,"gold_gain":75,"player_choice":"Gather Gold","damage_taken":11,"max_hp_gain":0,"max_hp_loss":0,"event_name":"World of Goop","floor":2,"gold_loss":0},{"damage_healed":0,"gold_gain":150,"player_choice":"AGREE","damage_taken":0,"max_hp_gain":0,"max_hp_loss":0,"event_name":"Liars Game","floor":3,"gold_loss":0,"cards_obtained":["Doubt"]},{"cards_removed":["Doubt","Injury"],"damage_healed":0,"gold_gain":0,"player_choice":"Removed Curses","damage_taken":0,"max_hp_gain":0,"max_hp_loss":0,"event_name":"Fountain of Cleansing","floor":11,"gold_loss":0}],"is_beta":true,"boss_relics":[],"items_purged_floors":[],"is_endless":false,"potions_floor_spawned":[1,5],"killed_by":"Slime Boss","ascension_level":20}