{"gold_per_floor":[115,115,134,148,148,148,181,181,204,224,224,224,234,456,456,531,531,542,257,276,291,216,216,216,216,216,216,216,216,245,265,265,339,339,354,365,384,395,407,435,455,455,525,557,346,346,161,177,177,177,177,177,177,30,58,58],"floor_reached":57,"playtime":3241,"items_purged":["Quick Slash","Dagger Spray+1","Endless Agony","Heel Hook"],"score":2939,"play_id":"c7a857a2-c162-4d3d-ab6f-b4143d836afc","local_time":"20190412160521","is_ascension_mode":true,"campfire_choices":[{"data":"Neutralize","floor":6.0,"key":"SMITH"},{"data":"Caltrops","floor":8.0,"key":"SMITH"},{"data":"Dagger Spray","floor":11.0,"key":"SMITH"},{"data":"Choke","floor":15.0,"key":"SMITH"},{"data":"Prepared","floor":23.0,"key":"SMITH"},{"floor":25.0,"key":"REST"},{"data":"Well Laid Plans","floor":27.0,"key":"SMITH"},{"data":"Acrobatics","floor":32.0,"key":"SMITH"},{"data":"Tactician","floor":42.0,"key":"SMITH"},{"floor":49,"key":"RECALL"},{"data":"Impatience","floor":53,"key":"SMITH"}],"neow_cost":"NONE","seed_source_timestamp":268284185530597,"circlet_count":0,"master_deck":["AscendersBane","Survivor+1","Neutralize+1","Caltrops+1","Escape Plan","Choke+1","Malaise","Well Laid Plans+1","PiercingWail","Prepared+1","Backstab","Adrenaline","Acrobatics+1","Doppelganger","Escape Plan","Tactician+1","Impatience+1","Acrobatics","Footwork","Dodge and Roll+1"],"special_seed":0,"relics":["Ring of the Snake","Boot","Happy Flower","War Paint","Prayer Wheel","Old Coin","Pandora\u0027s Box","ClockworkSouvenir","Smiling Mask","Ninja Scroll","PreservedInsect","Coffee Dripper","Calipers","Bottled Flame","Lantern"],"potions_floor_usage":[56,56],"damage_taken":[{"damage":4.0,"enemies":"Jaw Worm","floor":1.0,"turns":6.0},{"damage":1.0,"enemies":"Cultist","floor":3.0,"turns":5.0},{"damage":2.0,"enemies":"2 Louse","floor":4.0,"turns":3.0},{"damage":16.0,"enemies":"3 Sentries","floor":7.0,"turns":9.0},{"damage":5.0,"enemies":"Exordium Thugs","floor":10.0,"turns":5.0},{"damage":0.0,"enemies":"Exordium Wildlife","floor":13.0,"turns":3.0},{"damage":22.0,"enemies":"Slime Boss","floor":16.0,"turns":11.0},{"damage":2.0,"enemies":"Chosen","floor":18.0,"turns":3.0},{"damage":21.0,"enemies":"Shell Parasite","floor":20.0,"turns":3.0},{"damage":0.0,"enemies":"Cultist and Chosen","floor":21.0,"turns":3.0},{"damage":4.0,"enemies":"Gremlin Leader","floor":30.0,"turns":4.0},{"damage":0.0,"enemies":"Snecko","floor":31.0,"turns":3.0},{"damage":0.0,"enemies":"Champ","floor":33.0,"turns":2.0},{"damage":15.0,"enemies":"3 Shapes","floor":35.0,"turns":4.0},{"damage":10.0,"enemies":"Orb Walker","floor":36.0,"turns":2.0},{"damage":0.0,"enemies":"Spire Growth","floor":37.0,"turns":2.0},{"damage":0.0,"enemies":"Maw","floor":38.0,"turns":2.0},{"damage":0.0,"enemies":"Transient","floor":39.0,"turns":3.0},{"damage":0.0,"enemies":"Reptomancer","floor":40.0,"turns":2.0},{"damage":21.0,"enemies":"Jaw Worm Horde","floor":41.0,"turns":3.0},{"damage":6,"enemies":"Nemesis","floor":44,"turns":3},{"damage":0,"enemies":"Sphere and 2 Shapes","floor":48,"turns":2},{"damage":4,"enemies":"Donu and Deca","floor":50,"turns":2},{"damage":1,"enemies":"Time Eater","floor":51,"turns":8},{"damage":0,"enemies":"Shield and Spear","floor":55,"turns":1},{"damage":0,"enemies":"The Heart","floor":56,"turns":6}],"seed_played":"6761863097520706518","potions_obtained":[{"floor":1.0,"key":"Weak Potion"},{"floor":2.0,"key":"SkillPotion"},{"floor":2.0,"key":"Energy Potion"},{"floor":3.0,"key":"EntropicBrew"},{"floor":13.0,"key":"SpeedPotion"},{"floor":16.0,"key":"Energy Potion"},{"floor":30.0,"key":"Swift Potion"},{"floor":35.0,"key":"LiquidBronze"},{"floor":38.0,"key":"PowerPotion"}],"is_trial":false,"path_per_floor":["M","?","M","M","?","R","E","R","T","M","R","T","M","?","R","B",null,"M","$","M","M","?","R","?","R","T","R","?","T","E","M","R","B",null,"M","M","M","M","M","E","M","R","T","E","$","?","$","M","R","B","B",null,"R","$","E","B",null],"character_chosen":"THE_SILENT","items_purchased":["ClockworkSouvenir","Impatience","PowerPotion","Acrobatics","GhostInAJar","SpeedPotion","Footwork"],"campfire_rested":1,"item_purchase_floors":[19,45,45,47,47,54,54],"current_hp_per_floor":[55,55,54,52,52,52,36,36,36,31,31,31,31,31,31,9,52,50,50,29,29,29,29,11,32,32,32,32,32,28,28,28,28,60,45,35,35,35,35,35,14,14,14,8,8,8,8,8,8,4,3,54,54,54,54,54],"gold":58,"neow_bonus":"RANDOM_COMMON_RELIC","is_prod":false,"is_daily":false,"chose_seed":false,"campfire_upgraded":9,"win_rate":0,"timestamp":1555056321,"path_taken":["M","?","M","?","?","R","E","R","T","?","R","?","M","?","R","BOSS","M","$","M","?","?","R","?","R","T","R","?","?","E","M","R","BOSS","M","M","M","M","M","E","M","R","T","E","$","?","$","M","R","BOSS","BOSS","R","$","E","BOSS"],"build_version":"2019-01-23","purchased_purges":4,"victory":true,"max_hp_per_floor":[66,66,66,66,66,66,66,66,66,66,66,66,66,66,66,66,66,66,66,66,66,66,66,71,71,71,71,71,71,71,71,71,71,71,71,71,71,71,71,71,71,71,71,71,71,71,71,71,71,71,71,71,71,71,71,71],"card_choices":[{"not_picked":["Reflex","Quick Slash","Distraction"],"picked":"SKIP","floor":1.0},{"not_picked":["Poisoned Stab","Acrobatics"],"picked":"Dagger Spray","floor":3.0},{"not_picked":["Outmaneuver","Flying Knee","Underhanded Strike"],"picked":"SKIP","floor":4.0},{"not_picked":["Underhanded Strike","Deflect","Tools of the Trade"],"picked":"SKIP","floor":7.0},{"not_picked":["Accuracy","Bouncing Flask"],"picked":"Escape Plan","floor":10.0},{"not_picked":["Crippling Poison","Riddle With Holes"],"picked":"Choke","floor":13.0},{"not_picked":["Setup","All Out Attack","Blade Dance"],"picked":"SKIP","floor":13.0},{"not_picked":["Envenom","Phantasmal Killer"],"picked":"Malaise","floor":16.0},{"not_picked":["Flechettes","Dagger Throw","Outmaneuver"],"picked":"SKIP","floor":18.0},{"not_picked":["Choke+1","Prepared","Flying Knee"],"picked":"SKIP","floor":18.0},{"not_picked":["Underhanded Strike+1","Dash","Blade Dance+1"],"picked":"SKIP","floor":20.0},{"not_picked":["Crippling Poison+1","Deflect","Underhanded Strike"],"picked":"SKIP","floor":20.0},{"not_picked":["Underhanded Strike+1","Dash"],"picked":"Blade Dance+1","floor":20.0},{"not_picked":["Crippling Poison+1","Deflect","Underhanded Strike"],"picked":"SKIP","floor":20.0},{"not_picked":["Dash","Deadly Poison"],"picked":"Acrobatics","floor":21.0},{"not_picked":["Caltrops","Flechettes","Footwork"],"picked":"SKIP","floor":21.0},{"not_picked":["Dagger Throw","Backstab","Underhanded Strike"],"picked":"SKIP","floor":30.0},{"not_picked":["Dagger Throw","Backstab","Underhanded Strike"],"picked":"SKIP","floor":30.0},{"not_picked":["Flying Knee","Bouncing Flask","Caltrops"],"picked":"SKIP","floor":31.0},{"not_picked":["Eviscerate","Dagger Spray","Predator"],"picked":"SKIP","floor":31.0},{"not_picked":["Bullet Time","Burst"],"picked":"Doppelganger","floor":33.0},{"not_picked":["Quick Slash+1","Flying Knee+1","Cloak And Dagger"],"picked":"SKIP","floor":35.0},{"not_picked":["Expertise+1","Dagger Spray+1","Blade Dance+1"],"picked":"SKIP","floor":35.0},{"not_picked":["Blade Dance","Flying Knee+1"],"picked":"Escape Plan","floor":36.0},{"not_picked":["Dagger Spray","Flying Knee","Accuracy"],"picked":"SKIP","floor":36.0},{"not_picked":["Caltrops","Deflect"],"picked":"Tactician","floor":37.0},{"not_picked":["Well Laid Plans","Malaise","Terror"],"picked":"SKIP","floor":37.0},{"not_picked":["Outmaneuver+1","Deflect","Dash"],"picked":"SKIP","floor":38.0},{"not_picked":["Underhanded Strike","Deadly Poison","Dagger Throw"],"picked":"SKIP","floor":38.0},{"not_picked":["Bouncing Flask","Envenom","Dagger Spray"],"picked":"SKIP","floor":39.0},{"not_picked":["Deadly Poison+1","Underhanded Strike","Flying Knee"],"picked":"SKIP","floor":39.0},{"not_picked":["Phantasmal Killer","Backflip","Noxious Fumes+1"],"picked":"SKIP","floor":40.0},{"not_picked":["Cloak And Dagger","All Out Attack","Finisher"],"picked":"SKIP","floor":41.0},{"not_picked":["Dagger Throw+1","Bane","Flechettes"],"picked":"SKIP","floor":41.0},{"not_picked":["Dagger Spray+1","Prepared","Choke+1"],"picked":"SKIP","floor":48},{"not_picked":["Dodge and Roll","Terror","Deadly Poison+1"],"picked":"SKIP","floor":48},{"not_picked":["Footwork","Deadly Poison+1"],"picked":"Dodge and Roll+1","floor":55}],"player_experience":1370989,"relics_obtained":[{"floor":7.0,"key":"Happy Flower"},{"floor":9.0,"key":"War Paint"},{"floor":12.0,"key":"Prayer Wheel"},{"floor":26.0,"key":"Smiling Mask"},{"floor":29.0,"key":"Ninja Scroll"},{"floor":30.0,"key":"PreservedInsect"},{"floor":40.0,"key":"Calipers"},{"floor":44,"key":"Bottled Flame"},{"floor":55,"key":"Lantern"}],"event_choices":[{"damage_healed":0.0,"max_hp_gain":0.0,"max_hp_loss":0.0,"gold_gain":0.0,"event_name":"Lab","player_choice":"Got Potions","floor":2.0,"gold_loss":0.0,"damage_taken":0.0},{"damage_healed":0.0,"max_hp_gain":0.0,"max_hp_loss":0.0,"gold_gain":0.0,"cards_transformed":["Strike_G"],"event_name":"Transmorgrifier","player_choice":"Transformed","floor":5.0,"gold_loss":0.0,"damage_taken":0.0,"cards_obtained":["Caltrops"]},{"damage_healed":0.0,"max_hp_gain":0.0,"max_hp_loss":0.0,"gold_gain":0.0,"event_name":"WeMeetAgain","player_choice":"Paid Gold","floor":14.0,"gold_loss":78.0,"damage_taken":0.0,"relics_obtained":["Old Coin"]},{"cards_removed":["Malaise"],"damage_healed":0.0,"max_hp_gain":0.0,"max_hp_loss":0.0,"gold_gain":0.0,"event_name":"Beggar","player_choice":"Gave Gold","floor":22.0,"gold_loss":75.0,"damage_taken":0.0},{"damage_healed":0.0,"max_hp_gain":5.0,"max_hp_loss":0.0,"gold_gain":0.0,"event_name":"Forgotten Altar","player_choice":"Shed Blood","floor":24.0,"gold_loss":0.0,"damage_taken":23.0},{"cards_removed":["Blade Dance"],"damage_healed":0.0,"max_hp_gain":0.0,"max_hp_loss":0.0,"gold_gain":0.0,"event_name":"Back to Basics","player_choice":"Elegance","floor":28.0,"gold_loss":0.0,"damage_taken":0.0},{"damage_healed":0,"gold_gain":0,"player_choice":"Ignored","damage_taken":0,"max_hp_gain":0,"max_hp_loss":0,"event_name":"Tomb of Lord Red Mask","floor":46,"gold_loss":0}],"is_beta":false,"boss_relics":[{"not_picked":["Black Star","Fusion Hammer"],"picked":"Pandora\u0027s Box"},{"not_picked":["Snecko Eye","Cursed Key"],"picked":"Coffee Dripper"}],"items_purged_floors":[19,45,47,54],"is_endless":false,"potions_floor_spawned":[1,3,13,16,21,30,31,35,36,38,39,55],"ascension_level":20}