{"gold_per_floor":[117,3,22,33,33,33,66,66,114,114,129,95,114,126,126,126],"floor_reached":16,"playtime":356,"items_purged":["Shame"],"score":122,"play_id":"ef2f2b8a-e735-4b9b-a2d1-c4a7463211ea","local_time":"20180828112604","is_ascension_mode":true,"campfire_choices":[{"data":"Sunder","floor":6,"key":"SMITH"},{"data":"Hologram","floor":8,"key":"SMITH"},{"floor":10,"key":"DIG"},{"floor":15,"key":"REST"}],"neow_cost":"CURSE","seed_source_timestamp":619817237067421,"circlet_count":0,"master_deck":["Strike_B","Strike_B","Strike_B","Defend_B","Defend_B","Defend_B","Zap","Dualcast","Reinforced Body","Reinforced Body","Streamline","Rip and Tear","Sunder+1","Hologram+1","Regret","Sweeping Beam","Glacier","Buffer"],"relics":["Cracked Core","Oddly Smooth Stone","Shovel","Vajra","Bird Faced Urn"],"potions_floor_usage":[],"damage_taken":[{"damage":1,"enemies":"Jaw Worm","floor":1,"turns":4},{"damage":0,"enemies":"Small Slimes","floor":3,"turns":2},{"damage":0,"enemies":"Cultist","floor":4,"turns":3},{"damage":22,"enemies":"Gremlin Nob","floor":7,"turns":3},{"damage":14,"enemies":"Large Slime","floor":11,"turns":4},{"damage":0,"enemies":"Exordium Wildlife","floor":13,"turns":2},{"damage":3,"enemies":"2 Fungi Beasts","floor":14,"turns":3},{"damage":58,"enemies":"The Guardian","floor":16,"turns":8}],"seed_played":"5786492327615708795","potions_obtained":[{"floor":7,"key":"Poison Potion"},{"floor":11,"key":"Block Potion"},{"floor":13,"key":"Poison Potion"}],"is_trial":false,"path_per_floor":["M","$","M","M","?","R","E","R","T","R","M","?","M","M","R"],"character_chosen":"DEFECT","items_purchased":["Rip and Tear"],"campfire_rested":1,"item_purchase_floors":[2],"current_hp_per_floor":[74,74,74,74,74,74,52,52,52,52,38,38,38,35,57,0],"gold":126,"neow_bonus":"TRANSFORM_TWO_CARDS","is_prod":false,"is_daily":false,"chose_seed":false,"campfire_upgraded":2,"win_rate":0,"timestamp":1535469964,"path_taken":["M","$","M","M","?","R","E","R","T","R","M","?","?","M","R","BOSS"],"build_version":"2018-08-23v2","purchased_purges":1,"victory":false,"max_hp_per_floor":[75,75,75,75,75,75,75,75,75,75,75,75,75,75,75,75],"card_choices":[{"not_picked":["Go for the Eyes","Cold Snap"],"picked":"Streamline","floor":1},{"not_picked":["Coolheaded","Steam Power"],"picked":"Sunder","floor":3},{"not_picked":["Barrage","Sweeping Beam"],"picked":"Hologram","floor":4},{"not_picked":["Stack","Compile Driver"],"picked":"Sweeping Beam","floor":7},{"not_picked":["Force Field","Compile Driver"],"picked":"Glacier","floor":11},{"not_picked":["Coolheaded","Stack","Leap"],"picked":"SKIP","floor":13},{"not_picked":["Melter","Rebound"],"picked":"Buffer","floor":14}],"player_experience":472659,"relics_obtained":[{"floor":7,"key":"Shovel"},{"floor":9,"key":"Vajra"},{"floor":10,"key":"Bird Faced Urn"}],"event_choices":[{"event_name":"Big Fish","player_choice":"Box","floor":5,"damage_taken":0},{"event_name":"World of Goop","player_choice":"Left","floor":12,"damage_taken":0}],"is_beta":false,"boss_relics":[],"items_purged_floors":[2],"is_endless":false,"potions_floor_spawned":[7,11,13],"killed_by":"The Guardian","ascension_level":4}