{"path_per_floor":["M","$","?","M","M","E","M","R","T","M","E","M","?","?","R"],"character_chosen":"DEFECT","items_purchased":[],"gold_per_floor":[116,41,41,59,71,103,122,122,122,136,164,176,176,176,176,176],"floor_reached":16,"campfire_rested":1,"playtime":431,"item_purchase_floors":[],"current_hp_per_floor":[74,74,79,78,71,40,33,33,33,33,17,10,3,3,27,0],"items_purged":["Strike_B"],"gold":176,"score":134,"play_id":"ff7f5c28-9248-4c1d-93b5-dc7da0836a5a","local_time":"20180616173116","is_prod":false,"is_daily":false,"chose_seed":false,"is_ascension_mode":true,"campfire_upgraded":1,"win_rate":0,"timestamp":1529141476,"campfire_choices":[{"data":"Sunder","floor":8,"key":"SMITH"},{"floor":15,"key":"REST"}],"path_taken":["M","$","?","M","M","E","?","R","T","M","E","?","?","?","R","BOSS"],"build_version":"2018-06-14v2","seed_source_timestamp":7946424755630,"purchased_purges":1,"victory":false,"master_deck":["Strike_B","Strike_B","Defend_B","Defend_B","Defend_B","Defend_B","Zap","Dualcast","Gash","Sunder+1","FTL","Recycle","Rebound","Steam"],"max_hp_per_floor":[75,75,80,80,80,80,80,80,80,80,80,80,80,80,80,80],"relics":["Cracked Core","Du-Vu Doll","The Courier","Gremlin Horn"],"card_choices":[{"not_picked":["Undo","Redo"],"picked":"Gash","floor":1},{"not_picked":["Hello World","Cold Snap","Ball Lightning"],"picked":"SKIP","floor":4},{"not_picked":["Static Discharge","Compile Driver"],"picked":"Sunder","floor":5},{"not_picked":["Streamline","Hologram"],"picked":"FTL","floor":6},{"not_picked":["Steam","Undo"],"picked":"Recycle","floor":7},{"not_picked":["Ball Lightning","Leap","Genetic Algorithm"],"picked":"SKIP","floor":10},{"not_picked":["Ball Lightning","Doom and Gloom"],"picked":"Rebound","floor":11},{"not_picked":["Doom and Gloom","Chaos"],"picked":"Steam","floor":12}],"player_experience":258482,"potions_floor_usage":[11,11,16],"damage_taken":[{"damage":1,"enemies":"Small Slimes","floor":1,"turns":3},{"damage":1,"enemies":"Cultist","floor":4,"turns":3},{"damage":7,"enemies":"Jaw Worm","floor":5,"turns":3},{"damage":31,"enemies":"3 Sentries","floor":6,"turns":6},{"damage":7,"enemies":"3 Louse","floor":7,"turns":3},{"damage":0,"enemies":"2 Fungi Beasts","floor":10,"turns":2},{"damage":16,"enemies":"Gremlin Nob","floor":11,"turns":3},{"damage":7,"enemies":"Large Slime","floor":12,"turns":3},{"damage":36,"enemies":"Hexaghost","floor":16,"turns":9}],"relics_obtained":[{"floor":6,"key":"Du-Vu Doll"},{"floor":9,"key":"The Courier"},{"floor":11,"key":"Gremlin Horn"}],"event_choices":[{"event_name":"Big Fish","player_choice":"Donut","floor":3,"damage_taken":0},{"event_name":"Golden Wing","player_choice":"Card Removal","floor":13,"damage_taken":0},{"event_name":"Shining Light","player_choice":"Ignored","floor":14,"damage_taken":0}],"boss_relics":[],"items_purged_floors":[2],"is_endless":false,"potions_floor_spawned":[1,5,10,11],"seed_played":"-6283764739477501570","killed_by":"Hexaghost","ascension_level":4,"potions_obtained":[{"floor":1,"key":"Poison Potion"},{"floor":5,"key":"FairyPotion"},{"floor":10,"key":"SkillPotion"},{"floor":11,"key":"SteroidPotion"}],"is_trial":false}