{"gold_per_floor":[110,122,24,24,42,42,60,60,60,73,73,1,1,34,34,131,131,144,144,144,44,64,64],"floor_reached":23,"playtime":914,"items_purged":["Strike_R","Defend_R"],"score":233,"play_id":"3882064c-3bf6-4da9-85cf-9d0eb13fd679","local_time":"20190508140448","is_ascension_mode":true,"campfire_choices":[{"data":"Hemokinesis","floor":6,"key":"SMITH"},{"data":"Power Through","floor":8,"key":"SMITH"},{"data":"True Grit","floor":11,"key":"SMITH"},{"data":"Bash","floor":15,"key":"SMITH"}],"neow_cost":"CURSE","seed_source_timestamp":8664595422237,"circlet_count":0,"master_deck":["Strike_R","Strike_R","Strike_R","Defend_R","Defend_R","Defend_R","Bash+1","Hemokinesis+1","Power Through+1","True Grit+1","Flame Barrier","Shrug It Off","Battle Trance","Demon Form","Anger","True Grit+1"],"relics":["Burning Blood","Ornamental Fan","Toxic Egg 2","Empty Cage","Blue Candle"],"potions_floor_usage":[7,16,23,23,23],"damage_taken":[{"damage":9,"enemies":"Jaw Worm","floor":1,"turns":4},{"damage":9,"enemies":"Cultist","floor":2,"turns":3},{"damage":7,"enemies":"2 Louse","floor":5,"turns":4},{"damage":12,"enemies":"Looter","floor":7,"turns":4},{"damage":11,"enemies":"Blue Slaver","floor":10,"turns":3},{"damage":14,"enemies":"Lagavulin","floor":14,"turns":9},{"damage":42,"enemies":"Hexaghost","floor":16,"turns":12},{"damage":59,"enemies":"Spheric Guardian","floor":18,"turns":14},{"damage":22,"enemies":"2 Thieves","floor":22,"turns":5},{"damage":8,"enemies":"Book of Stabbing","floor":23,"turns":5}],"seed_played":"1465774050713920444","potions_obtained":[{"floor":2,"key":"GamblersBrew"},{"floor":4,"key":"Fire Potion"},{"floor":4,"key":"AttackPotion"},{"floor":5,"key":"BloodPotion"},{"floor":10,"key":"LiquidBronze"},{"floor":14,"key":"EssenceOfSteel"},{"floor":22,"key":"SkillPotion"}],"is_trial":false,"path_per_floor":["M","M","$","?","M","R","M","R","T","M","R","$","$","E","R","B",null,"M","?","T","$","M","E"],"character_chosen":"IRONCLAD","items_purchased":["True Grit","Battle Trance"],"campfire_rested":0,"item_purchase_floors":[3,12],"current_hp_per_floor":[93,90,90,90,89,89,83,83,83,78,78,78,78,70,70,34,96,43,24,24,24,8,0],"gold":64,"neow_bonus":"TWENTY_PERCENT_HP_BONUS","is_prod":false,"is_daily":false,"chose_seed":false,"campfire_upgraded":4,"win_rate":0,"timestamp":1557317088,"path_taken":["M","M","$","?","M","R","?","R","T","M","R","?","$","E","R","BOSS","M","?","?","$","M","E"],"build_version":"2019-01-23","purchased_purges":2,"victory":false,"max_hp_per_floor":[96,96,96,96,96,96,96,96,96,96,96,96,96,96,96,96,96,96,101,101,101,101,101],"card_choices":[{"not_picked":["True Grit","Clothesline"],"picked":"Hemokinesis","floor":1},{"not_picked":["Clash","Hemokinesis"],"picked":"Power Through","floor":2},{"not_picked":["Thunderclap","Perfected Strike"],"picked":"Flame Barrier","floor":5},{"not_picked":["Flex","Carnage","Reckless Charge"],"picked":"SKIP","floor":7},{"not_picked":["Iron Wave","Perfected Strike"],"picked":"Shrug It Off","floor":10},{"not_picked":["Thunderclap","Heavy Blade","Clash"],"picked":"SKIP","floor":14},{"not_picked":["Immolate","Limit Break+1"],"picked":"Demon Form","floor":16},{"not_picked":["Searing Blow+1","Thunderclap"],"picked":"Anger","floor":18},{"not_picked":["Anger","Flame Barrier+1"],"picked":"True Grit+1","floor":22}],"player_experience":289564,"relics_obtained":[{"floor":9,"key":"Ornamental Fan"},{"floor":14,"key":"Toxic Egg 2"},{"floor":20,"key":"Blue Candle"}],"event_choices":[{"damage_healed":0,"gold_gain":0,"player_choice":"Got Potions","damage_taken":0,"max_hp_gain":0,"max_hp_loss":0,"event_name":"Lab","floor":4,"gold_loss":0},{"damage_healed":0,"gold_gain":0,"player_choice":"Shed Blood","damage_taken":24,"max_hp_gain":5,"max_hp_loss":0,"event_name":"Forgotten Altar","floor":19,"gold_loss":0}],"is_beta":false,"boss_relics":[{"not_picked":["Black Star","Eternal Feather"],"picked":"Empty Cage"}],"items_purged_floors":[3,21],"is_endless":false,"potions_floor_spawned":[2,5,10,14,22],"killed_by":"Book of Stabbing","ascension_level":2}