{"gold_per_floor":[115,115,61,61,61,61,88,10,33,33,53,53,53],"floor_reached":13,"playtime":155,"items_purged":[],"score":208,"play_id":"81d1e3e9-35a8-44de-9b39-49e100578ea9","local_time":"20190310125251","is_ascension_mode":true,"campfire_choices":[{"floor":6,"key":"REST"},{"data":"Defragment","floor":10,"key":"SMITH"}],"neow_cost":"NONE","seed_source_timestamp":757100655189088,"circlet_count":0,"master_deck":["AscendersBane","Strike_B","Strike_B","Strike_B","Strike_B","Defend_B","Defend_B+1","Defend_B","Defend_B","Zap+1","Dualcast","Conserve Battery","Capacitor","Defragment+1","Static Discharge"],"relics":["Cracked Core","NeowsBlessing","Blood Vial","Pen Nib","Centennial Puzzle"],"potions_floor_usage":[],"damage_taken":[{"damage":0,"enemies":"2 Louse","floor":1,"turns":1},{"damage":0,"enemies":"Lagavulin","floor":7,"turns":1},{"damage":0,"enemies":"Jaw Worm","floor":11,"turns":1},{"damage":71,"enemies":"Gremlin Nob","floor":13,"turns":4}],"seed_played":"4226066380913512203","potions_obtained":[{"floor":7,"key":"LiquidBronze"}],"is_trial":false,"path_per_floor":["M","?","$","?","?","R","E","$","T","R","M","$","E"],"character_chosen":"DEFECT","items_purchased":["Conserve Battery","Defragment"],"campfire_rested":1,"item_purchase_floors":[3,8],"current_hp_per_floor":[64,64,64,57,36,57,59,59,59,59,61,61,0],"gold":53,"neow_bonus":"THREE_ENEMY_KILL","is_prod":false,"is_daily":false,"chose_seed":false,"campfire_upgraded":1,"win_rate":0,"timestamp":1552236771,"path_taken":["M","?","$","?","?","R","E","$","T","R","M","?","E"],"build_version":"2019-01-23","purchased_purges":0,"victory":false,"max_hp_per_floor":[71,71,71,71,71,71,71,71,71,71,71,71,71],"card_choices":[{"not_picked":["Streamline","Stack","Leap"],"picked":"SKIP","floor":1},{"not_picked":["Blizzard","Compile Driver"],"picked":"Capacitor","floor":7},{"not_picked":["White Noise","Beam Cell"],"picked":"Static Discharge","floor":11}],"player_experience":866455,"relics_obtained":[{"floor":7,"key":"Pen Nib"},{"floor":9,"key":"Centennial Puzzle"}],"event_choices":[{"damage_healed":0,"gold_gain":0,"player_choice":"Box","damage_taken":0,"relics_obtained":["Blood Vial"],"max_hp_gain":0,"max_hp_loss":0,"event_name":"Big Fish","floor":2,"gold_loss":0,"cards_obtained":["Regret"]},{"cards_removed":["Regret"],"damage_healed":0,"gold_gain":0,"player_choice":"Card Removal","damage_taken":7,"max_hp_gain":0,"max_hp_loss":0,"event_name":"Golden Wing","floor":4,"gold_loss":0},{"damage_healed":0,"gold_gain":0,"player_choice":"Entered Light","damage_taken":21,"max_hp_gain":0,"max_hp_loss":0,"event_name":"Shining Light","floor":5,"gold_loss":0,"cards_upgraded":["Defend_B","Zap"]}],"is_beta":false,"boss_relics":[],"items_purged_floors":[],"is_endless":false,"potions_floor_spawned":[7],"killed_by":"Gremlin Nob","ascension_level":20}