{"gold_per_floor":[116,41,51,51,69,69,131,145,170,189,199,199,199,99,99,194,194,205,130,130,130,130],"floor_reached":22,"playtime":978,"items_purged":["Strike_R","Defend_R"],"score":258,"play_id":"577f44ae-19ff-42b7-8d73-8627cba00355","local_time":"20190417213237","is_ascension_mode":true,"campfire_choices":[{"data":"Strike_R","floor":13.0,"key":"SMITH"},{"floor":15.0,"key":"REST"}],"neow_cost":"NONE","seed_source_timestamp":0,"circlet_count":0,"master_deck":["Strike_R+1","Defend_R+1","Defend_R+1","Defend_R","Headbutt+1","Metallicize+1"],"special_seed":0,"relics":["Burning Blood","Centennial Puzzle","Bag of Marbles","Tiny Chest","PreservedInsect","Astrolabe","Toxic Egg 2","Self Forming Clay"],"potions_floor_usage":[18],"damage_taken":[{"damage":7.0,"enemies":"2 Louse","floor":1.0,"turns":4.0},{"damage":14.0,"enemies":"Cultist","floor":3.0,"turns":5.0},{"damage":0.0,"enemies":"Small Slimes","floor":5.0,"turns":4.0},{"damage":20.0,"enemies":"Gremlin Nob","floor":7.0,"turns":4.0},{"damage":19.0,"enemies":"Exordium Wildlife","floor":8.0,"turns":4.0},{"damage":11.0,"enemies":"Looter","floor":10.0,"turns":4.0},{"damage":13.0,"enemies":"Red Slaver","floor":11.0,"turns":3.0},{"damage":42.0,"enemies":"Slime Boss","floor":16.0,"turns":10.0},{"damage":47,"enemies":"3 Byrds","floor":18,"turns":9},{"damage":24,"enemies":"Spheric Guardian","floor":22,"turns":5}],"seed_played":"1452819699398269779","potions_obtained":[{"floor":3.0,"key":"LiquidBronze"},{"floor":5.0,"key":"Regen Potion"},{"floor":8.0,"key":"AttackPotion"},{"floor":11.0,"key":"Block Potion"}],"is_trial":false,"path_per_floor":["M","$","M","?","M","?","E","M","T","M","M","?","R","$","R","B",null,"M","?","T","T","M"],"character_chosen":"IRONCLAD","items_purchased":[],"campfire_rested":1,"item_purchase_floors":[],"current_hp_per_floor":[71,71,63,60,66,66,52,51,51,46,39,23,23,23,47,11,63,22,22,22,22,0],"gold":130,"neow_bonus":"REMOVE_CARD","is_prod":false,"is_daily":false,"chose_seed":false,"campfire_upgraded":1,"win_rate":0,"timestamp":1555507957,"path_taken":["M","$","M","?","M","?","E","M","T","?","M","?","R","$","R","BOSS","M","?","?","?","M"],"build_version":"2019-01-23","purchased_purges":2,"victory":false,"max_hp_per_floor":[80,80,80,80,80,80,80,80,80,80,80,80,80,80,80,80,80,80,80,80,80,80],"card_choices":[{"not_picked":["Heavy Blade","Rage","Thunderclap"],"picked":"SKIP","floor":1.0},{"not_picked":["Shockwave","Twin Strike","Iron Wave"],"picked":"SKIP","floor":3.0},{"not_picked":["Wild Strike","Pommel Strike","Clothesline"],"picked":"SKIP","floor":5.0},{"not_picked":["Shockwave","Cleave","Dark Embrace"],"picked":"SKIP","floor":7.0},{"not_picked":["Anger","Perfected Strike","Dual Wield"],"picked":"SKIP","floor":8.0},{"not_picked":["Thunderclap","Anger","Burning Pact"],"picked":"SKIP","floor":10.0},{"not_picked":["Clash","Headbutt","Rupture"],"picked":"SKIP","floor":11.0},{"not_picked":["Entrench+1","Sword Boomerang","Body Slam"],"picked":"SKIP","floor":18}],"player_experience":508076,"relics_obtained":[{"floor":7.0,"key":"Tiny Chest"},{"floor":9.0,"key":"PreservedInsect"},{"floor":20,"key":"Toxic Egg 2"},{"floor":21,"key":"Self Forming Clay"}],"event_choices":[{"damage_healed":0.0,"max_hp_gain":0.0,"max_hp_loss":0.0,"gold_gain":0.0,"event_name":"Scrap Ooze","player_choice":"Success","floor":4.0,"gold_loss":0.0,"damage_taken":3.0,"relics_obtained":["Centennial Puzzle"]},{"damage_healed":0.0,"max_hp_gain":0.0,"max_hp_loss":0.0,"gold_gain":0.0,"event_name":"WeMeetAgain","player_choice":"Gave Potion","floor":6.0,"gold_loss":0.0,"damage_taken":0.0,"relics_obtained":["Bag of Marbles"]},{"damage_healed":0.0,"max_hp_gain":0.0,"max_hp_loss":0.0,"gold_gain":0.0,"event_name":"Shining Light","player_choice":"Entered Light","floor":12.0,"gold_loss":0.0,"damage_taken":16.0,"cards_upgraded":["Defend_R","Defend_R"]},{"cards_removed":["Perfected Strike"],"damage_healed":0,"gold_gain":0,"player_choice":"Gave Gold","damage_taken":0,"max_hp_gain":0,"max_hp_loss":0,"event_name":"Beggar","floor":19,"gold_loss":75}],"is_beta":false,"boss_relics":[{"not_picked":["Pandora\u0027s Box","Runic Cube"],"picked":"Astrolabe"}],"items_purged_floors":[2,14],"is_endless":false,"potions_floor_spawned":[3,5,8,11],"killed_by":"Spheric Guardian","ascension_level":8}