{"gold_per_floor":[368,387,404,305,305,305,319,394,394,408,408,164,164,203,203,203],"floor_reached":16,"playtime":512,"items_purged":["Strike_R","Strike_R"],"score":175,"play_id":"0c0e480b-5e7f-43e3-919a-51873dfecba3","local_time":"20190306150006","is_ascension_mode":true,"campfire_choices":[{"data":"Armaments","floor":6,"key":"SMITH"},{"data":"Sword Boomerang","floor":11,"key":"SMITH"},{"floor":13,"key":"REST"},{"floor":15,"key":"REST"}],"neow_cost":"TEN_PERCENT_HP_LOSS","seed_source_timestamp":331796313367450,"circlet_count":0,"master_deck":["AscendersBane","Strike_R","Strike_R","Strike_R","Defend_R","Defend_R","Defend_R","Defend_R","Bash","Sword Boomerang+1","Armaments+1","Whirlwind","Burning Pact","Offering","Offering"],"relics":["Burning Blood","Golden Idol","Mummified Hand","Bottled Flame"],"potions_floor_usage":[14,16],"damage_taken":[{"damage":0,"enemies":"Small Slimes","floor":1,"turns":3},{"damage":6,"enemies":"2 Louse","floor":2,"turns":2},{"damage":7,"enemies":"Jaw Worm","floor":3,"turns":3},{"damage":13,"enemies":"Blue Slaver","floor":7,"turns":5},{"damage":17,"enemies":"Exordium Thugs","floor":10,"turns":3},{"damage":38,"enemies":"3 Sentries","floor":14,"turns":11},{"damage":42,"enemies":"The Guardian","floor":16,"turns":15}],"seed_played":"1100169167239768607","potions_obtained":[{"floor":2,"key":"FearPotion"},{"floor":10,"key":"Regen Potion"}],"is_trial":false,"path_per_floor":["M","M","M","$","?","R","M","?","T","M","R","$","R","E","R","B"],"character_chosen":"IRONCLAD","items_purchased":["Armaments","Offering"],"campfire_rested":2,"item_purchase_floors":[4,12],"current_hp_per_floor":[68,68,67,67,44,44,37,26,26,15,15,15,35,18,38,0],"gold":203,"neow_bonus":"TWO_FIFTY_GOLD","is_prod":false,"is_daily":false,"chose_seed":false,"campfire_upgraded":2,"win_rate":0,"timestamp":1551855606,"path_taken":["M","M","M","$","?","R","M","?","T","M","R","?","R","E","R","BOSS"],"build_version":"2019-01-23","purchased_purges":2,"victory":false,"max_hp_per_floor":[68,68,68,68,68,68,68,68,68,68,68,68,68,68,68,68],"card_choices":[{"not_picked":["Iron Wave","Thunderclap"],"picked":"Sword Boomerang","floor":1},{"not_picked":["Corruption","Rampage","Twin Strike"],"picked":"SKIP","floor":2},{"not_picked":["Thunderclap","Perfected Strike","Reckless Charge"],"picked":"SKIP","floor":3},{"not_picked":["Evolve","Metallicize"],"picked":"Whirlwind","floor":7},{"not_picked":["Sword Boomerang","Carnage"],"picked":"Burning Pact","floor":10},{"not_picked":["Pommel Strike","Bludgeon"],"picked":"Offering","floor":14}],"player_experience":1131334,"relics_obtained":[{"floor":9,"key":"Mummified Hand"},{"floor":14,"key":"Bottled Flame"}],"event_choices":[{"damage_healed":0,"gold_gain":0,"player_choice":"Take Damage","damage_taken":23,"relics_obtained":["Golden Idol"],"max_hp_gain":0,"max_hp_loss":0,"event_name":"Golden Idol","floor":5,"gold_loss":0},{"damage_healed":0,"gold_gain":75,"player_choice":"Gather Gold","damage_taken":11,"max_hp_gain":0,"max_hp_loss":0,"event_name":"World of Goop","floor":8,"gold_loss":0}],"is_beta":false,"boss_relics":[],"items_purged_floors":[4,12],"is_endless":false,"potions_floor_spawned":[2,10],"killed_by":"The Guardian","ascension_level":15}