{"gold_per_floor":[118,83,6,6,20,20,52,52,76,76,108,126,146,226,226,226],"floor_reached":16,"playtime":541,"items_purged":[],"score":184,"play_id":"68a354c5-b249-478e-8e57-8bc6b7b24b86","local_time":"20190507192304","is_ascension_mode":true,"campfire_choices":[{"data":"Caltrops","floor":6,"key":"SMITH"},{"floor":8,"key":"REST"},{"floor":15,"key":"REST"}],"neow_cost":"NONE","seed_source_timestamp":177160605415953,"circlet_count":0,"master_deck":["AscendersBane","Defend_G","Defend_G","Defend_G","Defend_G","Defend_G","Strike_G","Strike_G","Strike_G","Strike_G","Strike_G","Survivor","Neutralize","Choke","Footwork","Caltrops+1","Slice","Acrobatics","Cloak And Dagger","Cloak And Dagger","A Thousand Cuts"],"relics":["Ring of the Snake","Vajra","Pen Nib","Oddly Smooth Stone","Centennial Puzzle","Bottled Lightning"],"potions_floor_usage":[13,16],"damage_taken":[{"damage":0,"enemies":"Cultist","floor":1,"turns":4},{"damage":7,"enemies":"Jaw Worm","floor":5,"turns":4},{"damage":29,"enemies":"Lagavulin","floor":7,"turns":9},{"damage":20,"enemies":"3 Sentries","floor":11,"turns":8},{"damage":0,"enemies":"2 Louse","floor":12,"turns":2},{"damage":0,"enemies":"Red Slaver","floor":13,"turns":3},{"damage":41,"enemies":"Slime Boss","floor":16,"turns":9}],"seed_played":"7443907150091518687","potions_obtained":[{"floor":11,"key":"Poison Potion"},{"floor":12,"key":"Block Potion"},{"floor":13,"key":"SmokeBomb"}],"is_trial":false,"path_per_floor":["M","$","$","?","M","R","E","R","T","?","E","M","M","T","R","B"],"character_chosen":"THE_SILENT","items_purchased":["Footwork","Caltrops"],"campfire_rested":2,"item_purchase_floors":[2,3],"current_hp_per_floor":[59,59,59,59,52,52,23,42,42,42,22,22,22,22,41,0],"gold":226,"neow_bonus":"RANDOM_COMMON_RELIC","is_prod":false,"is_daily":false,"chose_seed":false,"campfire_upgraded":1,"win_rate":0,"timestamp":1557282184,"path_taken":["M","?","$","?","?","R","E","R","T","?","E","M","?","?","R","BOSS"],"build_version":"2019-01-23","purchased_purges":0,"victory":false,"max_hp_per_floor":[66,66,66,66,66,66,66,66,66,66,66,66,66,66,66,66],"card_choices":[{"not_picked":["Quick Slash","Crippling Poison"],"picked":"Choke","floor":1},{"not_picked":["Flying Knee","Catalyst"],"picked":"Slice","floor":5},{"not_picked":["Poisoned Stab","Expertise"],"picked":"Acrobatics","floor":7},{"not_picked":["PiercingWail","Outmaneuver"],"picked":"Cloak And Dagger","floor":11},{"not_picked":["Acrobatics","Skewer"],"picked":"Cloak And Dagger","floor":12},{"not_picked":["Dash","PiercingWail"],"picked":"A Thousand Cuts","floor":13}],"player_experience":619195,"relics_obtained":[{"floor":7,"key":"Pen Nib"},{"floor":9,"key":"Oddly Smooth Stone"},{"floor":11,"key":"Centennial Puzzle"},{"floor":14,"key":"Bottled Lightning"}],"event_choices":[{"damage_healed":0,"gold_gain":0,"player_choice":"Cursed","damage_taken":0,"max_hp_gain":0,"max_hp_loss":0,"event_name":"Wheel of Change","floor":4,"gold_loss":0,"cards_obtained":["Decay"]},{"cards_removed":["Decay"],"damage_healed":0,"gold_gain":0,"player_choice":"Purged","damage_taken":0,"max_hp_gain":0,"max_hp_loss":0,"event_name":"Purifier","floor":10,"gold_loss":0}],"is_beta":false,"boss_relics":[],"items_purged_floors":[],"is_endless":false,"potions_floor_spawned":[11,12,13],"killed_by":"Slime Boss","ascension_level":14}