{"gold_per_floor":[113,127,127,202,15,15,54,54,130,130,151,151,68,81,81,204,204,217,240,339,11,11,49,67,91,115,115,115],"floor_reached":28,"playtime":1017,"items_purged":[],"score":365,"play_id":"60c4b861-7302-4109-b50b-d35092fc3abd","local_time":"20190401234742","is_ascension_mode":true,"campfire_choices":[{"data":"Footwork","floor":6,"key":"SMITH"},{"data":"Setup","floor":8,"key":"SMITH"},{"floor":10,"key":"RECALL"},{"data":"Jack Of All Trades","floor":15,"key":"SMITH"},{"floor":27,"key":"REST"}],"neow_cost":"NONE","seed_source_timestamp":1695279449983470,"circlet_count":0,"master_deck":["Defend_G","Defend_G","Defend_G","Strike_G","Strike_G","Strike_G","Strike_G","Survivor","Neutralize","Flying Knee","Injury","Footwork+1","Setup+1","Footwork","Jack Of All Trades+1","Dash","Corpse Explosion","Flechettes+1","All Out Attack+1","Riddle With Holes+1","Dodge and Roll+1","Caltrops+1","Blade Dance","All Out Attack","Quick Slash+1","Cloak And Dagger"],"relics":["Ring of the Snake","NeowsBlessing","Golden Idol","Happy Flower","Bronze Scales","Sundial","Incense Burner","Astrolabe","Dead Branch","Boot","Darkstone Periapt","Smiling Mask"],"potions_floor_usage":[16,16,18],"damage_taken":[{"damage":0,"enemies":"Jaw Worm","floor":1,"turns":1},{"damage":0,"enemies":"Small Slimes","floor":2,"turns":1},{"damage":0,"enemies":"Gremlin Nob","floor":7,"turns":1},{"damage":2,"enemies":"2 Louse","floor":11,"turns":3},{"damage":4,"enemies":"Red Slaver","floor":14,"turns":3},{"damage":12,"enemies":"The Guardian","floor":16,"turns":12},{"damage":19,"enemies":"2 Thieves","floor":18,"turns":2},{"damage":0,"enemies":"3 Byrds","floor":19,"turns":2},{"damage":13,"enemies":"Book of Stabbing","floor":23,"turns":5},{"damage":19,"enemies":"Cultist and Chosen","floor":24,"turns":4},{"damage":2,"enemies":"3 Cultists","floor":25,"turns":4},{"damage":12,"enemies":"Centurion and Healer","floor":28,"turns":3}],"seed_played":"5004106761292620111","potions_obtained":[{"floor":2,"key":"LiquidBronze"},{"floor":7,"key":"Explosive Potion"},{"floor":11,"key":"LiquidBronze"}],"is_trial":false,"path_per_floor":["M","M","?","T","$","R","E","R","T","R","M","?","$","M","R","B",null,"M","M","?","$","?","E","M","M","T","R","M"],"character_chosen":"THE_SILENT","items_purchased":["Happy Flower","Footwork","Jack Of All Trades","Dead Branch","Blade Dance"],"campfire_rested":1,"item_purchase_floors":[5,5,13,21,21],"current_hp_per_floor":[63,63,63,63,63,63,63,63,63,63,61,54,54,50,50,38,62,43,43,43,43,43,30,11,9,9,30,18],"gold":115,"neow_bonus":"THREE_ENEMY_KILL","is_prod":false,"is_daily":false,"chose_seed":false,"campfire_upgraded":3,"win_rate":0,"timestamp":1554187662,"path_taken":["M","M","?","?","$","R","E","R","T","R","M","?","$","?","R","BOSS","M","M","?","$","?","E","?","M","T","R","M"],"build_version":"2019-01-23","purchased_purges":0,"victory":false,"max_hp_per_floor":[70,70,70,70,70,70,70,70,70,70,70,70,70,70,70,70,70,70,70,70,70,70,70,70,70,70,70,70],"card_choices":[{"not_picked":["Blade Dance","Backflip"],"picked":"Underhanded Strike","floor":1},{"not_picked":["Dagger Spray","Distraction"],"picked":"Flying Knee","floor":2},{"not_picked":["Quick Slash","Acrobatics"],"picked":"Setup","floor":7},{"not_picked":["Dagger Spray","Outmaneuver"],"picked":"Footwork","floor":11},{"not_picked":["Storm of Steel","Cloak And Dagger"],"picked":"Dash","floor":14},{"not_picked":["Doppelganger","Glass Knife"],"picked":"Corpse Explosion","floor":16},{"not_picked":["Outmaneuver+1","Underhanded Strike+1"],"picked":"Dodge and Roll+1","floor":18},{"not_picked":["Dagger Spray","Concentrate"],"picked":"Caltrops+1","floor":19},{"not_picked":["Well Laid Plans","Acrobatics"],"picked":"All Out Attack","floor":23},{"not_picked":["Setup+1","Backflip"],"picked":"Quick Slash+1","floor":24},{"not_picked":["Dagger Throw","Flying Knee"],"picked":"Cloak And Dagger","floor":25}],"player_experience":448563,"relics_obtained":[{"floor":7,"key":"Bronze Scales"},{"floor":9,"key":"Sundial"},{"floor":23,"key":"Darkstone Periapt"},{"floor":26,"key":"Smiling Mask"}],"event_choices":[{"damage_healed":0,"gold_gain":0,"player_choice":"Take Wound","damage_taken":0,"relics_obtained":["Golden Idol"],"max_hp_gain":0,"max_hp_loss":0,"event_name":"Golden Idol","floor":3,"gold_loss":0,"cards_obtained":["Injury"]},{"damage_healed":0,"gold_gain":0,"player_choice":"Success","damage_taken":7,"relics_obtained":["Incense Burner"],"max_hp_gain":0,"max_hp_loss":0,"event_name":"Scrap Ooze","floor":12,"gold_loss":0},{"damage_healed":0,"gold_gain":99,"player_choice":"Stole From Cult","damage_taken":0,"max_hp_gain":0,"max_hp_loss":0,"event_name":"Nest","floor":20,"gold_loss":0},{"cards_removed":["Underhanded Strike"],"damage_healed":0,"gold_gain":0,"player_choice":"Gave Card","damage_taken":0,"relics_obtained":["Boot"],"max_hp_gain":0,"max_hp_loss":0,"event_name":"WeMeetAgain","floor":22,"gold_loss":0}],"is_beta":false,"boss_relics":[{"not_picked":["Snecko Eye","Lizard Tail"],"picked":"Astrolabe"}],"items_purged_floors":[],"is_endless":false,"potions_floor_spawned":[2,7,11],"killed_by":"Centurion and Healer","ascension_level":8}