{"gold_per_floor":[113,76,91,10,84,84,111,111,159,159,169,180,180,197,197,273,273,290,159,172,172,172,197,197,209,209,225,66,66,92,108,108,185,185,204,220,220,28,28,28,42,42,42,42,71,81,81,100,100,100,100],"floor_reached":52,"playtime":1966,"items_purged":["Decay"],"score":1950,"play_id":"f048bcc5-b664-4d10-bad8-ac9c8ca288a8","local_time":"20190325154737","is_ascension_mode":true,"campfire_choices":[{"data":"Defragment","floor":6.0,"key":"SMITH"},{"data":"Beam Cell","floor":8.0,"key":"SMITH"},{"data":"Rip and Tear","floor":10.0,"key":"SMITH"},{"floor":15.0,"key":"REST"},{"data":"Electrodynamics","floor":24.0,"key":"SMITH"},{"floor":29.0,"key":"REST"},{"floor":32.0,"key":"REST"},{"floor":40.0,"key":"REST"},{"floor":42.0,"key":"REST"},{"data":"Echo Form","floor":49.0,"key":"SMITH"}],"neow_cost":"NONE","seed_source_timestamp":0,"circlet_count":0,"master_deck":["AscendersBane","Strike_B","Strike_B","Strike_B","Strike_B","Defend_B","Defend_B","Defend_B","Defend_B","Zap","Dualcast","Core Surge","Tempest","Rip and Tear+1","Beam Cell+1","Defragment+1","Glacier","Defragment+1","Electrodynamics+1","Biased Cognition","Consume+1","Chill+1","Heatsinks","Capacitor","Undo+1","Redo+1","Coolheaded+1","Thunder Strike","Static Discharge+1","Echo Form+1","Conserve Battery+1","Hologram+1","Doubt"],"special_seed":0,"relics":["Cracked Core","Darkstone Periapt","Art of War","Inserter","Toxic Egg 2","Nunchaku","Bronze Scales","Busted Crown","Bag of Preparation","Turnip","Bottled Lightning"],"potions_floor_usage":[51],"damage_taken":[{"damage":1.0,"enemies":"Cultist","floor":1.0,"turns":3.0},{"damage":12.0,"enemies":"Jaw Worm","floor":3.0,"turns":2.0},{"damage":11.0,"enemies":"Gremlin Nob","floor":7.0,"turns":3.0},{"damage":1.0,"enemies":"Small Slimes","floor":11.0,"turns":3.0},{"damage":6.0,"enemies":"Looter","floor":12.0,"turns":4.0},{"damage":3.0,"enemies":"Blue Slaver","floor":14.0,"turns":3.0},{"damage":0.0,"enemies":"Slime Boss","floor":16.0,"turns":3.0},{"damage":3.0,"enemies":"Chosen","floor":18.0,"turns":4.0},{"damage":4.0,"enemies":"Spheric Guardian","floor":20.0,"turns":3.0},{"damage":24.0,"enemies":"Gremlin Leader","floor":23.0,"turns":6.0},{"damage":12.0,"enemies":"Cultist and Chosen","floor":25.0,"turns":5.0},{"damage":11.0,"enemies":"Shelled Parasite and Fungi","floor":27.0,"turns":4.0},{"damage":32.0,"enemies":"Centurion and Healer","floor":31.0,"turns":6.0},{"damage":0.0,"enemies":"Automaton","floor":33.0,"turns":8.0},{"damage":9.0,"enemies":"3 Shapes","floor":35.0,"turns":4.0},{"damage":33.0,"enemies":"3 Darklings","floor":36.0,"turns":3.0},{"damage":0.0,"enemies":"4 Shapes","floor":41.0,"turns":4.0},{"damage":60.0,"enemies":"Reptomancer","floor":45.0,"turns":4.0},{"damage":2.0,"enemies":"Maw","floor":46.0,"turns":6.0},{"damage":18.0,"enemies":"Jaw Worm Horde","floor":48.0,"turns":6.0},{"damage":14,"enemies":"Donu and Deca","floor":50,"turns":6},{"damage":21,"enemies":"Awakened One","floor":51,"turns":12}],"seed_played":"-1875018592397424661","potions_obtained":[{"floor":1.0,"key":"LiquidBronze"},{"floor":11.0,"key":"Strength Potion"},{"floor":14.0,"key":"SteroidPotion"},{"floor":16.0,"key":"SkillPotion"},{"floor":20.0,"key":"Weak Potion"},{"floor":23.0,"key":"SneckoOil"},{"floor":25.0,"key":"Weak Potion"},{"floor":46.0,"key":"Fruit Juice"},{"floor":48.0,"key":"Weak Potion"}],"is_trial":false,"path_per_floor":["M","$","M","$","?","R","E","R","T","R","M","M","?","M","R","B",null,"M","$","M","?","?","E","R","M","T","M","$","R","T","M","R","B",null,"M","M","?","$","?","R","M","R","T","$","E","M","?","M","R","B","B",null],"character_chosen":"DEFECT","items_purchased":["Rip and Tear","Defragment","Chill","Heatsinks","Thunder Strike","Bag of Preparation","Hologram+1"],"campfire_rested":5,"item_purchase_floors":[2,4,19,19,28,38,38],"current_hp_per_floor":[63,63,51,51,51,51,40,40,40,40,39,33,33,30,51,51,66,63,63,59,59,65,41,41,29,29,18,18,41,41,9,32,32,66,57,24,24,24,24,47,47,70,70,70,10,13,88,70,70,56,35],"gold":100,"neow_bonus":"ONE_RANDOM_RARE_CARD","is_prod":false,"is_daily":false,"chose_seed":false,"campfire_upgraded":5,"win_rate":0,"timestamp":1553543257,"path_taken":["M","$","?","$","?","R","E","R","T","R","M","M","?","M","R","BOSS","M","$","M","?","?","E","R","M","T","?","$","R","?","M","R","BOSS","M","M","?","$","?","R","?","R","T","$","E","M","?","M","R","BOSS","BOSS"],"build_version":"2019-01-23","purchased_purges":1,"victory":true,"max_hp_per_floor":[71,71,71,71,71,71,71,71,71,71,71,71,71,71,71,71,71,71,71,71,71,77,77,77,77,77,77,77,77,77,77,77,77,77,77,77,77,77,77,77,77,77,77,77,77,82,88,88,88,88,88],"card_choices":[{"not_picked":["Conserve Battery","Undo"],"picked":"Tempest","floor":1.0},{"not_picked":["Leap","Hello World"],"picked":"Beam Cell","floor":3.0},{"not_picked":["Chaos","Steam"],"picked":"Glacier","floor":7.0},{"not_picked":["Force Field","Go for the Eyes"],"picked":"Defragment","floor":11.0},{"not_picked":["Steam Power","Ball Lightning"],"picked":"Electrodynamics","floor":12.0},{"not_picked":["Aggregate","Beam Cell","Turbo"],"picked":"SKIP","floor":14.0},{"not_picked":["Electrodynamics","Core Surge"],"picked":"Biased Cognition","floor":16.0},{"not_picked":["Beam Cell","Go for the Eyes"],"picked":"Consume+1","floor":18.0},{"not_picked":["BootSequence","Turbo"],"picked":"Capacitor","floor":20.0},{"not_picked":["Conserve Battery","Tempest"],"picked":"Undo+1","floor":23.0},{"not_picked":["Rebound","Compile Driver"],"picked":"Redo+1","floor":25.0},{"not_picked":["Go for the Eyes","Auto Shields+1"],"picked":"Coolheaded+1","floor":27.0},{"not_picked":["Leap+1","Ball Lightning+1"],"picked":"Static Discharge+1","floor":31.0},{"not_picked":["Buffer","Electrodynamics"],"picked":"Echo Form","floor":33.0},{"not_picked":["Undo+1"],"picked":"SKIP","floor":35.0},{"not_picked":[],"picked":"Conserve Battery+1","floor":36.0},{"not_picked":["Heatsinks"],"picked":"SKIP","floor":41.0},{"not_picked":["Beam Cell"],"picked":"SKIP","floor":45.0},{"not_picked":["Sweeping Beam"],"picked":"SKIP","floor":46.0},{"not_picked":["Ball Lightning"],"picked":"SKIP","floor":48.0}],"player_experience":877908,"relics_obtained":[{"floor":7.0,"key":"Darkstone Periapt"},{"floor":9.0,"key":"Art of War"},{"floor":23.0,"key":"Toxic Egg 2"},{"floor":26.0,"key":"Nunchaku"},{"floor":30.0,"key":"Bronze Scales"},{"floor":43.0,"key":"Turnip"},{"floor":45.0,"key":"Bottled Lightning"}],"event_choices":[{"damage_healed":0.0,"max_hp_gain":0.0,"max_hp_loss":0.0,"gold_gain":74.0,"event_name":"Golden Wing","player_choice":"Gained Gold","floor":5.0,"gold_loss":0.0,"damage_taken":0.0},{"damage_healed":0.0,"max_hp_gain":0.0,"max_hp_loss":0.0,"gold_gain":0.0,"event_name":"Living Wall","player_choice":"Grow","floor":13.0,"gold_loss":0.0,"damage_taken":0.0,"cards_upgraded":["Defragment"]},{"damage_healed":0.0,"max_hp_gain":0.0,"max_hp_loss":0.0,"gold_gain":0.0,"event_name":"Ghosts","player_choice":"Ignored","floor":21.0,"gold_loss":0.0,"damage_taken":0.0},{"damage_healed":0.0,"max_hp_gain":0.0,"max_hp_loss":0.0,"gold_gain":0.0,"event_name":"Forgotten Altar","player_choice":"Smashed Altar","floor":22.0,"gold_loss":0.0,"damage_taken":0.0,"cards_obtained":["Decay"]},{"damage_healed":0.0,"max_hp_gain":0.0,"max_hp_loss":0.0,"gold_gain":0.0,"event_name":"Mysterious Sphere","player_choice":"Ignored","floor":37.0,"gold_loss":0.0,"damage_taken":0.0},{"damage_healed":0.0,"max_hp_gain":0.0,"max_hp_loss":0.0,"gold_gain":0.0,"event_name":"Upgrade Shrine","player_choice":"Upgraded","floor":39.0,"gold_loss":0.0,"damage_taken":0.0,"cards_upgraded":["Chill"]},{"damage_healed":69.0,"max_hp_gain":0.0,"max_hp_loss":0.0,"gold_gain":0.0,"event_name":"MindBloom","player_choice":"Heal","floor":47.0,"gold_loss":0.0,"damage_taken":0.0,"cards_obtained":["Doubt"]}],"is_beta":false,"boss_relics":[{"not_picked":["Astrolabe","Calling Bell"],"picked":"Inserter"},{"not_picked":["Snecko Eye","Fusion Hammer"],"picked":"Busted Crown"}],"items_purged_floors":[28],"is_endless":false,"potions_floor_spawned":[1,11,14,16,20,23,25,46,48],"ascension_level":20}