{"gold_per_floor":[117,117,16,16,28,58,58,75,127,127,154,174,186,202,202,304,304,316,175,195,214,313,313],"floor_reached":23,"playtime":981,"items_purged":["Pain"],"score":228,"play_id":"e40769a6-0201-4475-bafc-22acaf8c2207","local_time":"20190223145548","is_ascension_mode":false,"campfire_choices":[{"data":"Envenom","floor":7,"key":"SMITH"},{"data":"Wraith Form v2","floor":15,"key":"SMITH"}],"neow_cost":"NONE","seed_source_timestamp":592659098829328,"circlet_count":0,"master_deck":["Defend_G","Defend_G","Defend_G","Defend_G","Defend_G","Strike_G","Strike_G","Strike_G","Strike_G","Strike_G","Survivor","Neutralize+1","Dagger Spray+1","Outmaneuver","Flying Knee","Envenom+1","Bouncing Flask+1","Dagger Spray","Bouncing Flask","Poisoned Stab","Wraith Form v2+1","Corpse Explosion","Quick Slash","Flash of Steel","Poisoned Stab","Catalyst","Underhanded Strike"],"relics":["Ring of the Serpent","NeowsBlessing","WarpedTongs","FaceOfCleric","Snake Skull","Boot","Whetstone"],"potions_floor_usage":[16,16,23],"damage_taken":[{"damage":0,"enemies":"2 Louse","floor":1,"turns":1},{"damage":0,"enemies":"Cultist","floor":5,"turns":1},{"damage":0,"enemies":"Gremlin Nob","floor":6,"turns":1},{"damage":0,"enemies":"Small Slimes","floor":8,"turns":2},{"damage":10,"enemies":"Lagavulin","floor":11,"turns":4},{"damage":16,"enemies":"2 Fungi Beasts","floor":12,"turns":3},{"damage":2,"enemies":"Looter","floor":13,"turns":3},{"damage":5,"enemies":"Large Slime","floor":14,"turns":5},{"damage":31,"enemies":"The Guardian","floor":16,"turns":9},{"damage":2,"enemies":"Chosen","floor":18,"turns":4},{"damage":19,"enemies":"Spheric Guardian","floor":20,"turns":4},{"damage":34,"enemies":"Shelled Parasite and Fungi","floor":21,"turns":5},{"damage":26,"enemies":"Gremlin Leader","floor":23,"turns":3}],"seed_played":"-6210780929164346647","potions_obtained":[{"floor":5,"key":"Fire Potion"},{"floor":6,"key":"Energy Potion"},{"floor":12,"key":"Swift Potion"},{"floor":18,"key":"LiquidBronze"}],"is_trial":false,"path_per_floor":["M","?","$","?","M","E","R","M","T","?","E","M","M","M","R","B",null,"M","$","M","M","?","E"],"character_chosen":"THE_SILENT","items_purchased":["Outmaneuver","Flash of Steel","Poisoned Stab"],"campfire_rested":0,"item_purchase_floors":[3,19,19],"current_hp_per_floor":[70,70,70,70,71,72,72,73,73,73,64,49,48,44,44,14,78,77,77,59,26,26,0],"gold":313,"neow_bonus":"THREE_ENEMY_KILL","is_prod":false,"is_daily":false,"chose_seed":false,"campfire_upgraded":2,"win_rate":0,"timestamp":1550955348,"path_taken":["M","?","?","?","?","E","R","M","T","?","E","M","M","M","R","BOSS","M","$","M","M","?","E"],"build_version":"2019-01-23","purchased_purges":1,"victory":false,"max_hp_per_floor":[70,70,70,70,71,72,72,73,73,73,74,75,76,77,77,78,78,79,79,80,81,81,81],"card_choices":[{"not_picked":["Backflip","Blade Dance"],"picked":"Dagger Spray","floor":1},{"not_picked":["Deflect","Outmaneuver"],"picked":"Flying Knee","floor":5},{"not_picked":["Outmaneuver","Leg Sweep"],"picked":"Envenom","floor":6},{"not_picked":["Deflect","PiercingWail"],"picked":"Bouncing Flask","floor":8},{"not_picked":["Deflect","Expertise"],"picked":"Dagger Spray","floor":11},{"not_picked":["Slice","All Out Attack"],"picked":"Bouncing Flask","floor":12},{"not_picked":["Caltrops","Crippling Poison"],"picked":"Poisoned Stab","floor":13},{"not_picked":["Blade Dance","Slice"],"picked":"Wraith Form v2","floor":14},{"not_picked":["Venomology","Adrenaline"],"picked":"Corpse Explosion","floor":16},{"not_picked":["Sucker Punch","Dagger Throw"],"picked":"Quick Slash","floor":18},{"not_picked":["Blade Dance","Backflip"],"picked":"Catalyst","floor":20},{"not_picked":["Tactician","Dodge and Roll+1"],"picked":"Underhanded Strike","floor":21}],"player_experience":66791,"relics_obtained":[{"floor":6,"key":"Snake Skull"},{"floor":9,"key":"Boot"},{"floor":11,"key":"Whetstone"}],"event_choices":[{"damage_healed":0,"gold_gain":0,"player_choice":"Rummage","damage_taken":0,"relics_obtained":["WarpedTongs"],"max_hp_gain":0,"max_hp_loss":0,"event_name":"Accursed Blacksmith","floor":2,"gold_loss":0,"cards_obtained":["Pain"]},{"damage_healed":0,"gold_gain":0,"player_choice":"Trade","damage_taken":0,"relics_obtained":["FaceOfCleric"],"max_hp_gain":0,"max_hp_loss":0,"event_name":"FaceTrader","floor":4,"gold_loss":0},{"damage_healed":0,"gold_gain":0,"player_choice":"Grow","damage_taken":0,"max_hp_gain":0,"max_hp_loss":0,"event_name":"Living Wall","floor":10,"gold_loss":0,"cards_upgraded":["Bouncing Flask"]},{"damage_healed":0,"gold_gain":99,"player_choice":"Stole From Cult","damage_taken":0,"max_hp_gain":0,"max_hp_loss":0,"event_name":"Nest","floor":22,"gold_loss":0}],"is_beta":false,"boss_relics":[{"not_picked":["Empty Cage","Tiny House"],"picked":"Ring of the Serpent"}],"items_purged_floors":[3],"is_endless":false,"potions_floor_spawned":[5,6,12,13,18],"killed_by":"Gremlin Leader","ascension_level":0}