{"gold_per_floor":[109,119,119,23,39,71,81,97,123,153,103,103,103,117,117,219,219,230,246,196,196,215,215,241,241,241,256,273,273,198,232,232,232],"floor_reached":33,"playtime":1878,"items_purged":["Strike_G","Regret","Decay"],"score":307,"play_id":"0f2b7f78-5224-4b0d-8832-4419ba7f2aa8","local_time":"20190508150718","is_ascension_mode":true,"campfire_choices":[{"data":"Footwork","floor":12.0,"key":"SMITH"},{"data":"Bouncing Flask","floor":15.0,"key":"SMITH"},{"floor":23.0,"key":"REST"},{"data":"Venomology","floor":25.0,"key":"SMITH"},{"floor":32.0,"key":"REST"}],"neow_cost":"NONE","seed_source_timestamp":69370292923800,"circlet_count":0,"master_deck":["Defend_G+1","Defend_G+1","Defend_G+1","Defend_G+1","Defend_G+1","Strike_G+1","Strike_G+1","Strike_G+1","Survivor","Neutralize","Footwork+1","Cloak And Dagger","Dramatic Entrance","Dagger Spray","Bouncing Flask+1","Acrobatics","Backstab","Cloak And Dagger","Venomology+1","Parasite","Bane+1","Slice","Deflect+1","Cloak And Dagger+1","Backflip","Venomology","Blur+1"],"special_seed":0,"relics":["Ring of the Snake","Smiling Mask","Question Card","Regal Pillow","Tiny Chest","Calling Bell","Mummified Hand","Ancient Tea Set","Tough Bandages","Nilry\u0027s Codex","Dream Catcher","Gremlin Horn","Blood Vial"],"potions_floor_usage":[33,33],"damage_taken":[{"damage":0.0,"enemies":"Jaw Worm","floor":1.0,"turns":4.0},{"damage":0.0,"enemies":"Cultist","floor":2.0,"turns":5.0},{"damage":0.0,"enemies":"2 Louse","floor":5.0,"turns":2.0},{"damage":12.0,"enemies":"Lagavulin","floor":6.0,"turns":6.0},{"damage":3.0,"enemies":"Red Slaver","floor":7.0,"turns":5.0},{"damage":5.0,"enemies":"Large Slime","floor":8.0,"turns":6.0},{"damage":6.0,"enemies":"Exordium Wildlife","floor":14.0,"turns":2.0},{"damage":10.0,"enemies":"Hexaghost","floor":16.0,"turns":8.0},{"damage":18.0,"enemies":"Chosen","floor":18.0,"turns":5.0},{"damage":2.0,"enemies":"Spheric Guardian","floor":19.0,"turns":4.0},{"damage":0.0,"enemies":"Shelled Parasite and Fungi","floor":22.0,"turns":7.0},{"damage":0.0,"enemies":"Centurion and Healer","floor":27.0,"turns":6.0},{"damage":1.0,"enemies":"Cultist and Chosen","floor":28.0,"turns":7.0},{"damage":30.0,"enemies":"Slavers","floor":31.0,"turns":6.0},{"damage":67,"enemies":"Automaton","floor":33,"turns":9}],"seed_played":"7046927792575687989","potions_obtained":[{"floor":1.0,"key":"Explosive Potion"},{"floor":5.0,"key":"GamblersBrew"},{"floor":14.0,"key":"LiquidBronze"},{"floor":16.0,"key":"FairyPotion"},{"floor":19.0,"key":"Energy Potion"},{"floor":27.0,"key":"PowerPotion"}],"is_trial":false,"path_per_floor":["M","M","?","$","M","E","M","M","T","?","$","R","?","M","R","B",null,"M","M","$","?","M","R","T","R","T","M","M","?","?","E","R","B"],"character_chosen":"THE_SILENT","items_purchased":["Dagger Spray"],"campfire_rested":2,"item_purchase_floors":[4],"current_hp_per_floor":[70,70,70,70,70,58,55,50,50,50,50,50,50,44,44,34,70,52,50,50,34,34,70,70,70,70,70,69,69,69,48,70,3],"gold":232,"neow_bonus":"RANDOM_COMMON_RELIC","is_prod":false,"is_daily":false,"chose_seed":false,"campfire_upgraded":3,"win_rate":0,"timestamp":1557346038,"path_taken":["M","M","?","$","M","E","?","M","T","?","$","R","?","?","R","BOSS","M","M","$","?","M","R","?","R","T","M","M","?","?","E","R","BOSS"],"build_version":"2019-01-23","purchased_purges":3,"victory":false,"max_hp_per_floor":[70,70,70,70,70,70,70,70,70,70,70,70,70,70,70,70,70,70,70,70,70,70,70,70,70,70,70,70,70,70,70,70,70],"card_choices":[{"not_picked":["Skewer","Caltrops"],"picked":"Footwork","floor":1.0},{"not_picked":["Dodge and Roll","Eviscerate"],"picked":"Cloak And Dagger","floor":2.0},{"not_picked":["Concentrate","Sucker Punch"],"picked":"Bouncing Flask","floor":5.0},{"not_picked":["Flying Knee","Prepared","Blade Dance"],"picked":"SKIP","floor":6.0},{"not_picked":["Predator","Setup","Doppelganger"],"picked":"Acrobatics","floor":7.0},{"not_picked":["Caltrops","Dodge and Roll","Dagger Throw"],"picked":"Backstab","floor":8.0},{"not_picked":["Riddle With Holes","Caltrops","Slice"],"picked":"Cloak And Dagger","floor":14.0},{"not_picked":["Glass Knife","Bullet Time","After Image"],"picked":"Venomology","floor":16.0},{"not_picked":["Flechettes","PiercingWail+1","Infinite Blades"],"picked":"Bane+1","floor":18.0},{"not_picked":["Flying Knee","Dash","Infinite Blades"],"picked":"Slice","floor":19.0},{"not_picked":["Sucker Punch","Skewer","Poisoned Stab"],"picked":"Deflect+1","floor":22.0},{"not_picked":["Masterful Stab","Night Terror","Skewer"],"picked":"Cloak And Dagger+1","floor":27.0},{"not_picked":["Flying Knee","Choke","Sucker Punch+1"],"picked":"Backflip","floor":28.0},{"not_picked":["Flying Knee+1","Outmaneuver","Accuracy+1"],"picked":"Venomology","floor":31.0},{"not_picked":["Well Laid Plans","Quick Slash","Leg Sweep"],"picked":"Blur+1","floor":32.0}],"player_experience":233316,"relics_obtained":[{"floor":6.0,"key":"Question Card"},{"floor":9.0,"key":"Regal Pillow"},{"floor":17.0,"key":"Mummified Hand"},{"floor":17.0,"key":"Ancient Tea Set"},{"floor":17.0,"key":"Tough Bandages"},{"floor":21.0,"key":"Nilry\u0027s Codex"},{"floor":24.0,"key":"Dream Catcher"},{"floor":26.0,"key":"Gremlin Horn"},{"floor":31.0,"key":"Blood Vial"}],"event_choices":[{"damage_healed":0.0,"max_hp_gain":0.0,"max_hp_loss":0.0,"gold_gain":0.0,"event_name":"Match and Keep!","player_choice":"1 cards matched","floor":3.0,"gold_loss":0.0,"damage_taken":0.0,"cards_obtained":["Dramatic Entrance"]},{"damage_healed":0.0,"max_hp_gain":0.0,"max_hp_loss":0.0,"gold_gain":0.0,"event_name":"Big Fish","player_choice":"Box","floor":10.0,"gold_loss":0.0,"damage_taken":0.0,"relics_obtained":["Tiny Chest"],"cards_obtained":["Regret"]},{"cards_removed":["Strike_G"],"damage_healed":0.0,"max_hp_gain":0.0,"max_hp_loss":0.0,"gold_gain":0.0,"event_name":"Bonfire Elementals","player_choice":"Offered Basic","floor":13.0,"gold_loss":0.0,"damage_taken":0.0},{"damage_healed":0.0,"max_hp_gain":0.0,"max_hp_loss":0.0,"gold_gain":0.0,"event_name":"Cursed Tome","player_choice":"Obtained Book","floor":21.0,"gold_loss":0.0,"damage_taken":16.0},{"damage_healed":0.0,"max_hp_gain":0.0,"max_hp_loss":0.0,"gold_gain":0.0,"event_name":"Back to Basics","player_choice":"Simplicity","floor":29.0,"gold_loss":0.0,"damage_taken":0.0,"cards_upgraded":["Defend_G","Defend_G","Defend_G","Defend_G","Defend_G","Strike_G","Strike_G","Strike_G"]},{"cards_removed":["Injury"],"damage_healed":0.0,"max_hp_gain":0.0,"max_hp_loss":0.0,"gold_gain":0.0,"event_name":"Beggar","player_choice":"Gave Gold","floor":30.0,"gold_loss":75.0,"damage_taken":0.0}],"is_beta":false,"boss_relics":[{"not_picked":["Runic Pyramid","Ring of the Serpent"],"picked":"Calling Bell"}],"items_purged_floors":[4,11,20],"is_endless":false,"potions_floor_spawned":[1,5,14,16,19,27],"killed_by":"Automaton","ascension_level":3}