{"gold_per_floor":[116,132,132,151,223,223,255,255,255,255,273,273,285,296,296,399,399,415,415,415],"floor_reached":20,"playtime":873,"items_purged":[],"score":174,"play_id":"60d031f2-44bc-42ae-9830-b8fdb9a0802a","local_time":"20190318181729","is_ascension_mode":false,"campfire_choices":[{"data":"Fusion","floor":6,"key":"SMITH"},{"data":"Streamline","floor":8,"key":"SMITH"},{"data":"Zap","floor":10,"key":"SMITH"},{"floor":15,"key":"REST"}],"neow_cost":"NONE","seed_source_timestamp":466024536107209,"circlet_count":0,"master_deck":["Strike_B","Strike_B","Strike_B","Strike_B","Defend_B","Defend_B","Defend_B","Defend_B","Zap+1","Dualcast","Glacier","Fusion+1","Streamline+1","Ball Lightning","Rip and Tear+1","Capacitor","Conserve Battery","Machine Learning"],"relics":["Cracked Core","NeowsBlessing","Darkstone Periapt","Singing Bowl","Dodecahedron","Snecko Eye","Nilry\u0027s Codex"],"potions_floor_usage":[7,14,16],"damage_taken":[{"damage":0,"enemies":"Cultist","floor":1,"turns":1},{"damage":0,"enemies":"Small Slimes","floor":2,"turns":1},{"damage":0,"enemies":"Jaw Worm","floor":4,"turns":1},{"damage":10,"enemies":"3 Sentries","floor":7,"turns":10},{"damage":0,"enemies":"Blue Slaver","floor":11,"turns":3},{"damage":5,"enemies":"Looter","floor":13,"turns":3},{"damage":19,"enemies":"Exordium Thugs","floor":14,"turns":3},{"damage":25,"enemies":"Hexaghost","floor":16,"turns":9},{"damage":33,"enemies":"Chosen","floor":18,"turns":7},{"damage":0,"enemies":"Colosseum Slavers","floor":20,"turns":1}],"seed_played":"5970091599803542281","potions_obtained":[{"floor":1,"key":"AttackPotion"},{"floor":4,"key":"EssenceOfSteel"},{"floor":13,"key":"Explosive Potion"}],"is_trial":false,"path_per_floor":["M","M","?","M","T","R","E","R","T","R","M","?","M","M","R","B",null,"M","?","?"],"character_chosen":"DEFECT","items_purchased":[],"campfire_rested":1,"item_purchase_floors":[],"current_hp_per_floor":[75,75,75,75,75,75,65,65,65,65,65,65,60,41,63,38,75,44,28,28],"gold":415,"neow_bonus":"THREE_ENEMY_KILL","is_prod":false,"is_daily":false,"chose_seed":false,"campfire_upgraded":3,"win_rate":0.0,"timestamp":1552958249,"path_taken":["M","M","?","?","?","R","E","R","T","R","?","?","M","M","R","BOSS","M","?","?"],"build_version":"2019-01-23","purchased_purges":0,"victory":false,"max_hp_per_floor":[75,75,75,75,75,75,75,75,75,75,75,75,75,75,75,75,75,77,77,77],"card_choices":[{"not_picked":["Skim","Double Energy"],"picked":"Glacier","floor":1},{"not_picked":["Stack","Gash"],"picked":"Fusion","floor":2},{"not_picked":["Storm","Beam Cell"],"picked":"Streamline","floor":4},{"not_picked":["Doom and Gloom","Gash"],"picked":"Ball Lightning","floor":7},{"not_picked":["Compile Driver","Go for the Eyes"],"picked":"Rip and Tear","floor":11},{"not_picked":["Beam Cell","Redo"],"picked":"Capacitor","floor":13},{"not_picked":["Rainbow","Streamline"],"picked":"Conserve Battery","floor":14},{"not_picked":["Multi-Cast","All For One"],"picked":"Machine Learning","floor":16},{"not_picked":["Sweeping Beam","Go for the Eyes","Barrage"],"picked":"Singing Bowl","floor":18}],"player_experience":296702,"relics_obtained":[{"floor":5,"key":"Darkstone Periapt"},{"floor":7,"key":"Singing Bowl"},{"floor":9,"key":"Dodecahedron"},{"floor":19,"key":"Nilry\u0027s Codex"}],"event_choices":[{"damage_healed":0,"gold_gain":0,"player_choice":"Bought 0 Potions","damage_taken":0,"max_hp_gain":0,"max_hp_loss":0,"event_name":"The Woman in Blue","floor":3,"gold_loss":0},{"damage_healed":0,"gold_gain":0,"player_choice":"Grow","damage_taken":0,"max_hp_gain":0,"max_hp_loss":0,"event_name":"Living Wall","floor":12,"gold_loss":0,"cards_upgraded":["Rip and Tear"]},{"damage_healed":0,"gold_gain":0,"player_choice":"Obtained Book","damage_taken":16,"max_hp_gain":0,"max_hp_loss":0,"event_name":"Cursed Tome","floor":19,"gold_loss":0},{"damage_healed":0,"gold_gain":0,"player_choice":"Fight","damage_taken":0,"max_hp_gain":0,"max_hp_loss":0,"event_name":"Colosseum","floor":20,"gold_loss":0}],"is_beta":false,"boss_relics":[{"not_picked":["Lizard Tail","White Beast Statue"],"picked":"Snecko Eye"}],"items_purged_floors":[],"is_endless":false,"potions_floor_spawned":[1,4,13],"killed_by":"Colosseum Slavers","ascension_level":0}