{"gold_per_floor":[117,42,42,54,66,66,16,43,43,62,73,73,73,84,84,179,179,194,207,207,60,79,79],"floor_reached":23,"playtime":688,"items_purged":["Strike_R","Bash"],"score":261,"play_id":"2adcc5a4-a542-4c06-83aa-ba5c865dd704","local_time":"20190414154105","is_ascension_mode":true,"campfire_choices":[{"data":"Demon Form","floor":6.0,"key":"SMITH"},{"floor":12,"key":"REST"},{"data":"True Grit","floor":15,"key":"SMITH"}],"neow_cost":"NONE","seed_source_timestamp":285265329467100,"circlet_count":0,"master_deck":["Strike_R","Strike_R","Defend_R","Defend_R","Defend_R","Defend_R","Demon Form+1","Sword Boomerang","Sword Boomerang","Flex","True Grit+1","Whirlwind","Flex","Limit Break","Shrug It Off"],"special_seed":0,"relics":["Burning Blood","Mummified Hand","Charon\u0027s Ashes","Cursed Key","Enchiridion"],"potions_floor_usage":[16,19,23],"damage_taken":[{"damage":2.0,"enemies":"2 Louse","floor":1.0,"turns":6.0},{"damage":1.0,"enemies":"Cultist","floor":4.0,"turns":4.0},{"damage":11.0,"enemies":"Small Slimes","floor":5.0,"turns":4.0},{"damage":30.0,"enemies":"3 Sentries","floor":8.0,"turns":6.0},{"damage":37.0,"enemies":"3 Louse","floor":10.0,"turns":4.0},{"damage":13,"enemies":"Red Slaver","floor":11,"turns":3},{"damage":10,"enemies":"2 Fungi Beasts","floor":14,"turns":3},{"damage":29,"enemies":"The Guardian","floor":16,"turns":11},{"damage":6,"enemies":"Spheric Guardian","floor":18,"turns":3},{"damage":19,"enemies":"3 Byrds","floor":19,"turns":3},{"damage":23,"enemies":"3 Cultists","floor":22,"turns":4},{"damage":38,"enemies":"Book of Stabbing","floor":23,"turns":4}],"seed_played":"-1941464155603993633","potions_obtained":[{"floor":5.0,"key":"FairyPotion"},{"floor":11,"key":"Ancient Potion"},{"floor":14,"key":"Weak Potion"},{"floor":16,"key":"LiquidBronze"},{"floor":22,"key":"SkillPotion"}],"is_trial":false,"path_per_floor":["M","$","?","M","M","R","?","E","T","M","M","R","?","M","R","B",null,"M","M","?","$","M","E"],"character_chosen":"IRONCLAD","items_purchased":["Shrug It Off"],"campfire_rested":1,"item_purchase_floors":[21],"current_hp_per_floor":[76,76,76,80,75,75,75,51,51,20,13,37,37,33,33,10,63,63,50,34,34,17,0],"gold":79,"neow_bonus":"ONE_RANDOM_RARE_CARD","is_prod":false,"is_daily":false,"chose_seed":false,"campfire_upgraded":2,"win_rate":0,"timestamp":1555227665,"path_taken":["M","$","?","M","?","R","?","E","T","M","M","R","?","?","R","BOSS","M","M","?","$","M","E"],"build_version":"2019-01-23","purchased_purges":2,"victory":false,"max_hp_per_floor":[80,80,80,80,80,80,80,80,80,80,80,80,80,80,80,80,80,80,80,80,80,80,80],"card_choices":[{"not_picked":["Clash","Perfected Strike"],"picked":"Sword Boomerang","floor":1.0},{"not_picked":["Heavy Blade","Twin Strike"],"picked":"Sword Boomerang","floor":4.0},{"not_picked":["Body Slam","Sword Boomerang"],"picked":"Flex","floor":5.0},{"not_picked":["Iron Wave","Body Slam","Sword Boomerang"],"picked":"SKIP","floor":8.0},{"not_picked":["Cleave","Pommel Strike","Disarm"],"picked":"SKIP","floor":10.0},{"not_picked":["Juggernaut","Rampage"],"picked":"True Grit","floor":11},{"not_picked":["Shockwave","Entrench"],"picked":"Flex","floor":14},{"not_picked":["Barricade","Berserk"],"picked":"Limit Break","floor":16},{"not_picked":["Seeing Red","Reckless Charge","Havoc"],"picked":"SKIP","floor":18},{"not_picked":["Rampage","Dual Wield","Thunderclap+1"],"picked":"SKIP","floor":19},{"not_picked":["Blood for Blood+1","True Grit","Heavy Blade"],"picked":"SKIP","floor":22}],"player_experience":489540,"relics_obtained":[{"floor":8.0,"key":"Mummified Hand"},{"floor":9.0,"key":"Charon\u0027s Ashes"},{"floor":20,"key":"Enchiridion"}],"event_choices":[{"damage_healed":0.0,"max_hp_gain":0.0,"max_hp_loss":0.0,"gold_gain":0.0,"cards_transformed":["Strike_R"],"event_name":"Transmorgrifier","player_choice":"Transformed","floor":3.0,"gold_loss":0.0,"damage_taken":0.0,"cards_obtained":["Wild Strike"]},{"cards_removed":["Wild Strike"],"damage_healed":0.0,"max_hp_gain":0.0,"max_hp_loss":0.0,"gold_gain":0.0,"event_name":"The Cleric","player_choice":"Card Removal","floor":7.0,"gold_loss":50.0,"damage_taken":0.0},{"damage_healed":0,"gold_gain":0,"cards_transformed":["Strike_R"],"player_choice":"Transformed","damage_taken":0,"max_hp_gain":0,"max_hp_loss":0,"event_name":"Transmorgrifier","floor":13,"gold_loss":0,"cards_obtained":["Whirlwind"]},{"damage_healed":0,"gold_gain":0,"player_choice":"Obtained Book","damage_taken":16,"max_hp_gain":0,"max_hp_loss":0,"event_name":"Cursed Tome","floor":20,"gold_loss":0}],"is_beta":false,"boss_relics":[{"not_picked":["Black Blood","Runic Cube"],"picked":"Cursed Key"}],"items_purged_floors":[2,21],"is_endless":false,"potions_floor_spawned":[5,11,14,16,18,22],"killed_by":"Book of Stabbing","ascension_level":7}