{"gold_per_floor":[114,114,86,86,101,101,116,146,146,176,191,221,236,266,266,366,366,381,396,176,275,290,290,290,305,305,335,335,350,365,158,158,258,258,273,171,186,201,221,221,251,251,301,331,31,61,76,91,91,91],"floor_reached":51,"playtime":2207,"items_purged":["Writhe","Doubt"],"score":887,"play_id":"d20c999e-7aad-45ff-8073-6591dc833aad","local_time":"20180825072846","daily_mods":["Heirloom","Elite Swarm","Night Terrors"],"is_ascension_mode":false,"campfire_choices":[{"data":"Cleave","floor":6,"key":"SMITH"},{"floor":15,"key":"REST"},{"data":"Limit Break","floor":23,"key":"SMITH"},{"data":"Mayhem","floor":32,"key":"SMITH"},{"data":"Flex","floor":40,"key":"SMITH"},{"data":"Brutality","floor":42,"key":"SMITH"},{"data":"Dark Embrace","floor":49,"key":"SMITH"}],"neow_cost":"","seed_source_timestamp":0,"circlet_count":0,"master_deck":["Strike_R+1","Strike_R","Strike_R+1","Strike_R+1","Strike_R","Defend_R+1","Defend_R","Defend_R+1","Defend_R","Bash","Cleave+1","Cleave","Flex","Exhume","Immolate+1","Seeing Red","Reaper+1","Perfected Strike+1","Feed+1","Limit Break+1","Thunderclap+1","Spot Weakness+1","Master of Strategy","Flex+1","True Grit+1","Shockwave","Double Tap","Iron Wave+1","Headbutt+1","Mayhem+1","Impervious","Injury","Clumsy","Pummel+1","Twin Strike+1","Flex+1","Shrug It Off","Brutality+1","Injury","Dark Embrace+1","Master of Strategy","Impervious","Shrug It Off"],"special_seed":17768,"relics":["Burning Blood","Champion Belt","Whetstone","Molten Egg 2","Darkstone Periapt","Bottled Lightning","Regal Pillow","Cursed Key","MutagenicStrength","Matryoshka","Dream Catcher","Calling Bell","Vajra","Mercury Hourglass","Incense Burner","Ginger","Boot","Bottled Flame","War Paint","Mummified Hand","DollysMirror","Kunai"],"potions_floor_usage":[11,14,16,16,30,30,37,41,44,50],"damage_taken":[{"damage":5,"enemies":"2 Louse","floor":1,"turns":4},{"damage":2,"enemies":"Small Slimes","floor":5,"turns":3},{"damage":1,"enemies":"Jaw Worm","floor":7,"turns":3},{"damage":13,"enemies":"3 Sentries","floor":8,"turns":5},{"damage":32,"enemies":"Gremlin Nob","floor":10,"turns":5},{"damage":10,"enemies":"Looter","floor":11,"turns":2},{"damage":9,"enemies":"3 Sentries","floor":12,"turns":2},{"damage":12,"enemies":"Exordium Thugs","floor":13,"turns":3},{"damage":0,"enemies":"Gremlin Nob","floor":14,"turns":2},{"damage":81,"enemies":"Hexaghost","floor":16,"turns":11},{"damage":23,"enemies":"Shell Parasite","floor":18,"turns":4},{"damage":16,"enemies":"Spheric Guardian","floor":19,"turns":4},{"damage":26,"enemies":"Centurion and Healer","floor":22,"turns":4},{"damage":6,"enemies":"Cultist and Chosen","floor":25,"turns":2},{"damage":20,"enemies":"Slavers","floor":27,"turns":5},{"damage":1,"enemies":"Sentry and Sphere","floor":29,"turns":3},{"damage":23,"enemies":"Snecko","floor":30,"turns":4},{"damage":65,"enemies":"Collector","floor":33,"turns":7},{"damage":16,"enemies":"Orb Walker","floor":35,"turns":3},{"damage":8,"enemies":"3 Darklings","floor":37,"turns":3},{"damage":23,"enemies":"Sphere and 2 Shapes","floor":38,"turns":4},{"damage":1,"enemies":"Mysterious Sphere","floor":39,"turns":3},{"damage":13,"enemies":"Nemesis","floor":41,"turns":7},{"damage":53,"enemies":"Giant Head","floor":44,"turns":8},{"damage":14,"enemies":"Nemesis","floor":46,"turns":3},{"damage":1,"enemies":"Flame Bruiser 2 Orb","floor":47,"turns":2},{"damage":22,"enemies":"3 Darklings","floor":48,"turns":3},{"damage":43,"enemies":"Donu and Deca","floor":50,"turns":6}],"seed_played":"-1903850901092924717","potions_obtained":[{"floor":5,"key":"Weak Potion"},{"floor":10,"key":"BloodPotion"},{"floor":13,"key":"Poison Potion"},{"floor":14,"key":"Block Potion"},{"floor":16,"key":"BloodPotion"},{"floor":18,"key":"Energy Potion"},{"floor":22,"key":"AttackPotion"},{"floor":35,"key":"Strength Potion"},{"floor":37,"key":"LiquidBronze"},{"floor":38,"key":"Regen Potion"},{"floor":44,"key":"Energy Potion"},{"floor":47,"key":"SteroidPotion"}],"is_trial":false,"path_per_floor":["M","?","?","$","M","R","M","E","T","E","M","E","M","E","R","B",null,"M","M","$","?","M","R","?","M","T","E","?","M","M","$","R","B",null,"M","$","M","M","?","R","E","R","T","E","$","E","M","M","R","B"],"character_chosen":"IRONCLAD","items_purchased":["Master of Strategy","Flex","Mayhem","Twin Strike+1","DollysMirror"],"campfire_rested":1,"item_purchase_floors":[20,20,31,36,45],"current_hp_per_floor":[80,64,64,64,68,68,73,66,66,40,44,41,35,41,75,7,75,67,57,57,57,57,57,57,57,63,59,88,89,72,72,72,30,107,97,97,104,91,112,112,119,119,125,94,94,90,129,127,127,114],"gold":91,"neow_bonus":"","is_prod":false,"is_daily":true,"chose_seed":false,"campfire_upgraded":6,"win_rate":0,"timestamp":1535196526,"path_taken":["M","?","?","?","M","R","M","E","T","E","?","E","M","E","R","BOSS","M","?","$","?","M","R","?","M","T","E","?","?","M","$","R","BOSS","M","$","M","M","?","R","E","R","T","E","$","E","M","M","R","BOSS"],"build_version":"2018-08-23v2","purchased_purges":2,"victory":true,"max_hp_per_floor":[80,80,80,80,80,80,80,80,80,80,80,80,80,80,75,75,75,79,79,79,79,79,79,79,79,85,89,89,89,89,89,89,89,107,107,107,107,111,115,115,119,119,125,125,125,129,129,129,129,129],"card_choices":[{"not_picked":["Clothesline","Clash"],"picked":"Cleave","floor":1},{"not_picked":["Dual Wield","Wild Strike"],"picked":"Cleave","floor":5},{"not_picked":["Heavy Blade","Shrug It Off"],"picked":"Flex","floor":7},{"not_picked":["Dark Embrace","Fiend Fire"],"picked":"Exhume","floor":8},{"not_picked":["Brutality","Barricade"],"picked":"Immolate+1","floor":10},{"not_picked":["Metallicize","Power Through"],"picked":"Seeing Red","floor":11},{"not_picked":["Offering","Exhume"],"picked":"Reaper+1","floor":12},{"not_picked":["Infernal Blade","Clash+1"],"picked":"Perfected Strike+1","floor":13},{"not_picked":["Exhume","Dark Embrace"],"picked":"Feed+1","floor":14},{"not_picked":["Fiend Fire+1","Berserk"],"picked":"Limit Break","floor":16},{"not_picked":["Corruption","Cleave+1"],"picked":"Thunderclap+1","floor":18},{"not_picked":["Clothesline+1","Twin Strike+1"],"picked":"Spot Weakness","floor":19},{"not_picked":["Clothesline+1","Body Slam+1"],"picked":"True Grit+1","floor":22},{"not_picked":["Thunderclap+1","Inflame"],"picked":"Shockwave","floor":25},{"not_picked":["Reaper+1","Brutality"],"picked":"Double Tap","floor":27},{"not_picked":["Thunderclap+1","True Grit"],"picked":"Iron Wave+1","floor":29},{"not_picked":["Combust+1","Havoc"],"picked":"Headbutt+1","floor":30},{"not_picked":["Immolate+1","Berserk"],"picked":"Impervious","floor":33},{"not_picked":["Cleave+1","Bloodletting"],"picked":"Pummel+1","floor":35},{"not_picked":["Havoc+1","Perfected Strike+1","Iron Wave+1"],"picked":"SKIP","floor":37},{"not_picked":["Body Slam+1","Armaments+1"],"picked":"Flex+1","floor":38},{"not_picked":["Sword Boomerang+1","Fiend Fire+1"],"picked":"Shrug It Off","floor":39},{"not_picked":["Barricade","Juggernaut"],"picked":"Brutality","floor":41},{"not_picked":["Limit Break","Immolate+1"],"picked":"Dark Embrace","floor":44},{"not_picked":["Barricade","Berserk"],"picked":"Impervious","floor":46},{"not_picked":["Shrug It Off","Evolve","Iron Wave+1"],"picked":"SKIP","floor":47},{"not_picked":["Dropkick+1","Infernal Blade"],"picked":"Shrug It Off","floor":48}],"player_experience":192355,"relics_obtained":[{"floor":8,"key":"Whetstone"},{"floor":9,"key":"Molten Egg 2"},{"floor":10,"key":"Darkstone Periapt"},{"floor":12,"key":"Bottled Lightning"},{"floor":14,"key":"Regal Pillow"},{"floor":26,"key":"Matryoshka"},{"floor":27,"key":"Dream Catcher"},{"floor":34,"key":"Vajra"},{"floor":34,"key":"Mercury Hourglass"},{"floor":34,"key":"Incense Burner"},{"floor":39,"key":"Ginger"},{"floor":41,"key":"Boot"},{"floor":43,"key":"Bottled Flame"},{"floor":43,"key":"War Paint"},{"floor":44,"key":"Mummified Hand"},{"floor":46,"key":"Kunai"}],"event_choices":[{"event_name":"Shining Light","player_choice":"Entered Light","floor":2,"damage_taken":0},{"event_name":"World of Goop","player_choice":"Left","floor":3,"damage_taken":0},{"event_name":"Nest","player_choice":"Stole From Cult","floor":21,"damage_taken":0},{"event_name":"Drug Dealer","player_choice":"Inject Mutagens","floor":24,"damage_taken":0},{"event_name":"The Library","player_choice":"Heal","floor":28,"damage_taken":0},{"event_name":"Mysterious Sphere","player_choice":"Fight","floor":39,"damage_taken":0}],"is_beta":true,"boss_relics":[{"not_picked":["Pandora\u0027s Box","Ectoplasm"],"picked":"Cursed Key"},{"not_picked":["Runic Pyramid","Black Star"],"picked":"Calling Bell"}],"items_purged_floors":[36,45],"is_endless":false,"potions_floor_spawned":[5,10,13,14,16,18,22,25,29,35,37,38,44,47,48],"ascension_level":0}