{"gold_per_floor":[109,125,143,160,13,13,45,45,45,67,77,77,77,102,102,102],"floor_reached":16,"playtime":626,"items_purged":[],"score":182,"play_id":"f5a61735-6924-403f-a1ed-d37960f302ec","local_time":"20190506213402","is_ascension_mode":true,"campfire_choices":[{"data":"Dagger Spray","floor":6,"key":"SMITH"},{"floor":8,"key":"REST"},{"floor":12,"key":"REST"},{"data":"Prepared","floor":15,"key":"SMITH"}],"neow_cost":"NONE","seed_source_timestamp":98533983004885,"circlet_count":0,"master_deck":["AscendersBane","Defend_G","Defend_G","Defend_G","Defend_G","Defend_G","Strike_G","Strike_G","Strike_G","Strike_G","Strike_G","Survivor","Neutralize+1","Dagger Spray+1","Quick Slash","Prepared+1","Cloak And Dagger","Tactician","Blade Dance","Dash+1","Underhanded Strike"],"relics":["Ring of the Snake","Oddly Smooth Stone","Ninja Scroll","Mummified Hand","Odd Mushroom","Snake Skull"],"potions_floor_usage":[4,14,16],"damage_taken":[{"damage":0,"enemies":"Cultist","floor":1,"turns":4},{"damage":13,"enemies":"Jaw Worm","floor":2,"turns":5},{"damage":0,"enemies":"Small Slimes","floor":3,"turns":3},{"damage":0,"enemies":"3 Louse","floor":4,"turns":1},{"damage":28,"enemies":"Gremlin Nob","floor":7,"turns":5},{"damage":15,"enemies":"The Mushroom Lair","floor":10,"turns":3},{"damage":0,"enemies":"Gremlin Gang","floor":11,"turns":1},{"damage":1,"enemies":"Lagavulin","floor":14,"turns":5},{"damage":50,"enemies":"Hexaghost","floor":16,"turns":17}],"seed_played":"-1562849608914757555","potions_obtained":[{"floor":2,"key":"Explosive Potion"},{"floor":10,"key":"Poison Potion"},{"floor":14,"key":"SpeedPotion"}],"is_trial":false,"path_per_floor":["M","M","M","M","$","R","E","R","T","?","M","R","?","E","R","B"],"character_chosen":"THE_SILENT","items_purchased":["Oddly Smooth Stone"],"campfire_rested":2,"item_purchase_floors":[5],"current_hp_per_floor":[63,50,50,50,50,50,22,43,43,28,28,49,49,48,48,0],"gold":102,"neow_bonus":"UPGRADE_CARD","is_prod":false,"is_daily":false,"chose_seed":false,"campfire_upgraded":2,"win_rate":0,"timestamp":1557203642,"path_taken":["M","?","M","?","?","R","E","R","T","?","M","R","?","E","R","BOSS"],"build_version":"2019-01-23","purchased_purges":0,"victory":false,"max_hp_per_floor":[70,70,70,70,70,70,70,70,70,70,70,70,70,70,70,70],"card_choices":[{"not_picked":["Sucker Punch","Setup"],"picked":"Dagger Spray","floor":1},{"not_picked":["Deadly Poison","PiercingWail"],"picked":"Quick Slash","floor":2},{"not_picked":["Flying Knee","Skewer"],"picked":"Prepared","floor":3},{"not_picked":["Escape Plan","Quick Slash"],"picked":"Cloak And Dagger","floor":4},{"not_picked":["Storm of Steel","Dagger Spray"],"picked":"Tactician","floor":7},{"not_picked":["Slice","Prepared"],"picked":"Blade Dance","floor":10},{"not_picked":["Predator","Quick Slash"],"picked":"Dash","floor":11},{"not_picked":["Grand Finale","Dagger Throw"],"picked":"Underhanded Strike","floor":14}],"player_experience":598915,"relics_obtained":[{"floor":7,"key":"Ninja Scroll"},{"floor":9,"key":"Mummified Hand"},{"floor":10,"key":"Odd Mushroom"},{"floor":14,"key":"Snake Skull"}],"event_choices":[{"damage_healed":0,"gold_gain":0,"player_choice":"Fought Mushrooms","damage_taken":0,"max_hp_gain":0,"max_hp_loss":0,"event_name":"Mushrooms","floor":10,"gold_loss":0},{"damage_healed":0,"gold_gain":0,"player_choice":"Grow","damage_taken":0,"max_hp_gain":0,"max_hp_loss":0,"event_name":"Living Wall","floor":13,"gold_loss":0,"cards_upgraded":["Dash"]}],"is_beta":false,"boss_relics":[],"items_purged_floors":[],"is_endless":false,"potions_floor_spawned":[2,10,14],"killed_by":"Hexaghost","ascension_level":13}