{"gold_per_floor":[117,131,147,6,18,43,43,218,218,218,250,266,266,290,290,391,391,402,402,416,432,432,432,459,505,531,560,125,157,169,169,169,265,315,333,347,359,370,7,7,42,42,42,76,76,128,145,145,145,145,145,145,22,50,50],"floor_reached":56,"playtime":5558,"items_purged":["Doubt","All Out Attack"],"score":1648,"play_id":"29cdc11a-7adf-495a-a1df-2af055aa2dbf","local_time":"20190402221342","is_ascension_mode":true,"campfire_choices":[{"data":"Dodge and Roll","floor":7,"key":"SMITH"},{"data":"Infinite Blades","floor":10,"key":"SMITH"},{"floor":15,"key":"REST"},{"data":"Sucker Punch","floor":23,"key":"SMITH"},{"data":"After Image","floor":32,"key":"SMITH"},{"data":"Cloak And Dagger","floor":40,"key":"SMITH"},{"floor":49,"key":"RECALL"},{"data":"J.A.X.","floor":52,"key":"SMITH"}],"neow_cost":"NONE","seed_source_timestamp":1581592242771200,"circlet_count":0,"master_deck":["Defend_G","Defend_G","Defend_G+1","Defend_G","Survivor","Neutralize+1","Dodge and Roll+1","Crippling Poison","Sucker Punch+1","Infinite Blades+1","Backflip+1","Flying Knee","Flying Knee","Dagger Throw","After Image+1","Dagger Throw","Bite","Bite","Bite","Bite","Bite","J.A.X.+1","Blur+1","PiercingWail+1","Flying Knee+1","Cloak And Dagger+1","Footwork+1","Footwork+1","Well Laid Plans+1","Accuracy+1","Dodge and Roll+1","Panache+1","Flying Knee+1","Flying Knee+1","Sucker Punch+1","Deflect"],"relics":["Busted Crown","Whetstone","Kunai","Torii","Dodecahedron","Odd Mushroom","Black Star","Oddly Smooth Stone","Happy Flower","Juzu Bracelet","PreservedInsect","Boot","Question Card","Ginger","The Courier","Frozen Egg 2","Tiny House","War Paint","Ancient Tea Set","Molten Egg 2","Blood Vial","Bronze Scales","FossilizedHelix","Strawberry","Dead Branch","Anchor"],"potions_floor_usage":[24,33,44,46,54,55],"damage_taken":[{"damage":0,"enemies":"Jaw Worm","floor":1,"turns":4},{"damage":0,"enemies":"2 Louse","floor":2,"turns":3},{"damage":7,"enemies":"Small Slimes","floor":3,"turns":4},{"damage":10,"enemies":"Exordium Wildlife","floor":5,"turns":5},{"damage":12,"enemies":"3 Sentries","floor":6,"turns":9},{"damage":9,"enemies":"Lagavulin","floor":11,"turns":8},{"damage":0,"enemies":"Blue Slaver","floor":12,"turns":4},{"damage":1,"enemies":"The Mushroom Lair","floor":14,"turns":5},{"damage":12,"enemies":"Slime Boss","floor":16,"turns":13},{"damage":0,"enemies":"3 Byrds","floor":18,"turns":5},{"damage":2,"enemies":"Shell Parasite","floor":20,"turns":6},{"damage":13,"enemies":"Centurion and Healer","floor":21,"turns":8},{"damage":7,"enemies":"Book of Stabbing","floor":24,"turns":7},{"damage":18,"enemies":"Slavers","floor":27,"turns":5},{"damage":7,"enemies":"Gremlin Leader","floor":29,"turns":7},{"damage":7,"enemies":"Snake Plant","floor":30,"turns":5},{"damage":22,"enemies":"Champ","floor":33,"turns":13},{"damage":1,"enemies":"3 Shapes","floor":35,"turns":6},{"damage":3,"enemies":"Orb Walker","floor":36,"turns":4},{"damage":19,"enemies":"4 Shapes","floor":37,"turns":7},{"damage":24,"enemies":"Maw","floor":38,"turns":9},{"damage":3,"enemies":"Giant Head","floor":41,"turns":9},{"damage":22,"enemies":"Reptomancer","floor":44,"turns":8},{"damage":29,"enemies":"2 Orb Walkers","floor":46,"turns":6},{"damage":3,"enemies":"Transient","floor":47,"turns":5},{"damage":31,"enemies":"Donu and Deca","floor":50,"turns":12},{"damage":3,"enemies":"Shield and Spear","floor":54,"turns":6},{"damage":14,"enemies":"The Heart","floor":55,"turns":9}],"seed_played":"8503793777365792327","potions_obtained":[{"floor":2,"key":"Dexterity Potion"},{"floor":3,"key":"Weak Potion"},{"floor":6,"key":"SmokeBomb"},{"floor":12,"key":"Dexterity Potion"},{"floor":21,"key":"Block Potion"},{"floor":27,"key":"PowerPotion"},{"floor":30,"key":"GhostInAJar"},{"floor":33,"key":"Poison Potion"},{"floor":44,"key":"Regen Potion"},{"floor":47,"key":"Explosive Potion"}],"is_trial":false,"path_per_floor":["M","M","M","$","M","E","R","?","T","R","E","M","?","?","R","B",null,"M","?","M","M","?","R","E","T","T","E","$","E","M","?","R","B",null,"M","M","M","M","$","R","E","?","T","E","?","?","M","?","R","B",null,"R","$","E","B",null],"character_chosen":"THE_SILENT","items_purchased":["Infinite Blades","Backflip","Flying Knee","Ginger","Blur","War Paint","Footwork+1","Footwork+1","Well Laid Plans+1","Accuracy+1","Sucker Punch+1"],"campfire_rested":1,"item_purchase_floors":[4,4,4,28,28,39,39,39,39,39,53],"current_hp_per_floor":[70,70,63,63,53,41,41,41,41,41,32,32,32,31,52,40,63,63,49,49,49,49,49,49,49,49,41,41,46,47,47,47,49,54,54,54,40,42,42,42,54,54,54,41,41,32,35,42,42,33,54,54,54,59,53],"gold":50,"neow_bonus":"BOSS_RELIC","is_prod":false,"is_daily":false,"chose_seed":false,"campfire_upgraded":6,"win_rate":0,"timestamp":1554257622,"path_taken":["M","M","M","$","M","E","R","?","T","R","E","M","?","?","R","BOSS","M","?","M","M","?","R","E","?","T","E","$","E","M","?","R","BOSS","M","M","M","M","?","R","E","?","T","E","?","?","M","?","R","BOSS","R","$","E","BOSS"],"build_version":"2019-01-23","purchased_purges":2,"victory":true,"max_hp_per_floor":[70,70,70,70,70,70,70,70,70,70,70,70,70,70,70,70,70,70,49,49,49,49,49,49,49,49,49,49,49,49,49,49,49,54,54,54,54,54,54,54,54,54,54,54,54,54,54,61,61,61,61,61,61,61,61],"card_choices":[{"not_picked":[],"picked":"Dodge and Roll","floor":1},{"not_picked":[],"picked":"Crippling Poison","floor":2},{"not_picked":[],"picked":"Sucker Punch","floor":3},{"not_picked":["Bane"],"picked":"SKIP","floor":5},{"not_picked":["Backstab"],"picked":"SKIP","floor":6},{"not_picked":["Outmaneuver"],"picked":"SKIP","floor":11},{"not_picked":[],"picked":"Flying Knee","floor":12},{"not_picked":[],"picked":"Dagger Throw","floor":14},{"not_picked":[],"picked":"After Image","floor":16},{"not_picked":[],"picked":"Dagger Throw","floor":18},{"not_picked":["Bouncing Flask"],"picked":"SKIP","floor":20},{"not_picked":["Underhanded Strike"],"picked":"SKIP","floor":21},{"not_picked":["Predator"],"picked":"SKIP","floor":24},{"not_picked":["Eviscerate"],"picked":"SKIP","floor":27},{"not_picked":["Deadly Poison","Reflex+1"],"picked":"SKIP","floor":29},{"not_picked":["Distraction"],"picked":"PiercingWail+1","floor":30},{"not_picked":["Tactician","Bane+1"],"picked":"SKIP","floor":35},{"not_picked":["Expertise"],"picked":"Flying Knee+1","floor":36},{"not_picked":["Eviscerate"],"picked":"Cloak And Dagger","floor":37},{"not_picked":["Calculated Gamble","PiercingWail"],"picked":"SKIP","floor":38},{"not_picked":["Dagger Spray+1"],"picked":"Dodge and Roll","floor":41},{"not_picked":["Prepared+1","Dagger Throw+1"],"picked":"SKIP","floor":44},{"not_picked":["Swift Strike+1"],"picked":"Panache+1","floor":45},{"not_picked":["Concentrate+1"],"picked":"Flying Knee+1","floor":46},{"not_picked":["Acrobatics+1"],"picked":"Flying Knee+1","floor":47},{"not_picked":["Dagger Spray+1"],"picked":"Deflect","floor":54}],"player_experience":254855,"relics_obtained":[{"floor":6,"key":"Whetstone"},{"floor":9,"key":"Kunai"},{"floor":11,"key":"Torii"},{"floor":14,"key":"Odd Mushroom"},{"floor":24,"key":"Oddly Smooth Stone"},{"floor":24,"key":"Happy Flower"},{"floor":25,"key":"Juzu Bracelet"},{"floor":26,"key":"PreservedInsect"},{"floor":27,"key":"Boot"},{"floor":27,"key":"Question Card"},{"floor":29,"key":"The Courier"},{"floor":29,"key":"Frozen Egg 2"},{"floor":41,"key":"Ancient Tea Set"},{"floor":41,"key":"Molten Egg 2"},{"floor":44,"key":"Blood Vial"},{"floor":44,"key":"Bronze Scales"},{"floor":46,"key":"FossilizedHelix"},{"floor":48,"key":"Strawberry"},{"floor":54,"key":"Dead Branch"},{"floor":54,"key":"Anchor"}],"event_choices":[{"damage_healed":0,"gold_gain":175,"player_choice":"AGREE","damage_taken":0,"max_hp_gain":0,"max_hp_loss":0,"event_name":"Liars Game","floor":8,"gold_loss":0,"cards_obtained":["Doubt"]},{"damage_healed":0,"gold_gain":0,"player_choice":"Searched \u00271\u0027 times","damage_taken":0,"relics_obtained":["Dodecahedron"],"max_hp_gain":0,"max_hp_loss":0,"event_name":"Dead Adventurer","floor":13,"gold_loss":0},{"damage_healed":0,"gold_gain":0,"player_choice":"Fought Mushrooms","damage_taken":0,"max_hp_gain":0,"max_hp_loss":0,"event_name":"Mushrooms","floor":14,"gold_loss":0},{"damage_healed":0,"gold_gain":0,"player_choice":"Became a vampire","damage_taken":0,"max_hp_gain":0,"max_hp_loss":21,"event_name":"Vampires","floor":19,"gold_loss":0,"cards_obtained":["Bite","Bite","Bite","Bite","Bite"]},{"damage_healed":0,"gold_gain":0,"player_choice":"Obtain J.A.X.","damage_taken":0,"max_hp_gain":0,"max_hp_loss":0,"event_name":"Drug Dealer","floor":22,"gold_loss":0,"cards_obtained":["J.A.X."]},{"damage_healed":0,"gold_gain":0,"cards_transformed":["Defend_G"],"player_choice":"Transformed","damage_taken":0,"max_hp_gain":0,"max_hp_loss":0,"event_name":"Transmorgrifier","floor":31,"gold_loss":0,"cards_obtained":["All Out Attack"]},{"damage_healed":0,"gold_gain":0,"player_choice":"Upgraded","damage_taken":0,"max_hp_gain":0,"max_hp_loss":0,"event_name":"Upgrade Shrine","floor":42,"gold_loss":0,"cards_upgraded":["Dodge and Roll"]},{"damage_healed":0,"gold_gain":0,"player_choice":"Memory 1","damage_taken":0,"max_hp_gain":0,"max_hp_loss":0,"event_name":"SensoryStone","floor":45,"gold_loss":0},{"damage_healed":0,"gold_gain":0,"player_choice":"Fight","damage_taken":0,"max_hp_gain":0,"max_hp_loss":0,"event_name":"Mysterious Sphere","floor":46,"gold_loss":0},{"damage_healed":0,"gold_gain":0,"player_choice":"Relic","damage_taken":0,"max_hp_gain":0,"max_hp_loss":0,"event_name":"Wheel of Change","floor":48,"gold_loss":0}],"is_beta":false,"boss_relics":[{"not_picked":["Calling Bell","HoveringKite"],"picked":"Black Star"},{"not_picked":["White Beast Statue","Runic Pyramid"],"picked":"Tiny House"}],"items_purged_floors":[28,53],"is_endless":false,"potions_floor_spawned":[2,3,6,12,21,27,30,33,35,37,44,47],"ascension_level":5}