{"gold_per_floor":[117,129,29,47,64,64,97,97,97,108,122,122,149,166,166,166],"floor_reached":16,"playtime":519,"items_purged":[],"score":217,"play_id":"72fe437a-e7fe-4768-a40c-149d27e8310f","local_time":"20181120063501","is_ascension_mode":true,"campfire_choices":[{"data":"Perfected Strike","floor":6,"key":"SMITH"},{"floor":8,"key":"REST"},{"data":"Twin Strike","floor":15,"key":"SMITH"}],"neow_cost":"PERCENT_DAMAGE","seed_source_timestamp":320118677706451,"circlet_count":0,"master_deck":["AscendersBane","Strike_R","Strike_R","Strike_R","Strike_R","Strike_R","Defend_R","Defend_R","Defend_R","Defend_R","Bash","Clash","Havoc","Bandage Up","Cleave","Perfected Strike+1","Headbutt","Flex+1","Sword Boomerang","Twin Strike+1"],"relics":["Burning Blood","Kunai","Gremlin Horn","Matryoshka"],"potions_floor_usage":[11,11],"damage_taken":[{"damage":7,"enemies":"Cultist","floor":1,"turns":4},{"damage":9,"enemies":"2 Louse","floor":2,"turns":3},{"damage":15,"enemies":"Small Slimes","floor":4,"turns":3},{"damage":22,"enemies":"3 Louse","floor":5,"turns":3},{"damage":35,"enemies":"3 Sentries","floor":7,"turns":6},{"damage":6,"enemies":"Looter","floor":10,"turns":3},{"damage":11,"enemies":"Exordium Wildlife","floor":11,"turns":4},{"damage":40,"enemies":"Lagavulin","floor":13,"turns":5},{"damage":0,"enemies":"Lots of Slimes","floor":14,"turns":1},{"damage":29,"enemies":"The Guardian","floor":16,"turns":5}],"seed_played":"-4870236833718283714","potions_obtained":[{"floor":4,"key":"EssenceOfSteel"},{"floor":5,"key":"Ancient Potion"},{"floor":10,"key":"SteroidPotion"}],"is_trial":false,"path_per_floor":["M","M","$","M","M","R","E","R","T","M","M","?","E","M","R","B"],"character_chosen":"IRONCLAD","items_purchased":["Bandage Up"],"campfire_rested":1,"item_purchase_floors":[3],"current_hp_per_floor":[63,60,60,55,43,43,18,44,44,48,47,47,17,23,23,0],"gold":166,"neow_bonus":"TWENTY_PERCENT_HP_BONUS","is_prod":false,"is_daily":false,"chose_seed":false,"campfire_upgraded":2,"win_rate":0,"timestamp":1542713701,"path_taken":["M","?","$","M","M","R","E","R","T","M","M","?","E","M","R","BOSS"],"build_version":"2018-11-15","purchased_purges":0,"victory":false,"max_hp_per_floor":[89,89,89,89,89,89,89,89,89,89,89,89,89,89,89,89],"card_choices":[{"not_picked":["True Grit","Perfected Strike"],"picked":"Clash","floor":1},{"not_picked":["Feel No Pain","Fire Breathing"],"picked":"Havoc","floor":2},{"not_picked":["Thunderclap","Clothesline"],"picked":"Cleave","floor":4},{"not_picked":["Armaments","Wild Strike"],"picked":"Perfected Strike","floor":5},{"not_picked":["Rage","Iron Wave"],"picked":"Headbutt","floor":7},{"not_picked":["True Grit","Fire Breathing","Wild Strike"],"picked":"SKIP","floor":10},{"not_picked":["Rage","Sever Soul"],"picked":"Flex","floor":11},{"not_picked":["True Grit","Searing Blow"],"picked":"Sword Boomerang","floor":13},{"not_picked":["Clothesline","Fire Breathing"],"picked":"Twin Strike","floor":14}],"player_experience":752217,"relics_obtained":[{"floor":7,"key":"Kunai"},{"floor":9,"key":"Gremlin Horn"},{"floor":13,"key":"Matryoshka"}],"event_choices":[{"damage_healed":0,"gold_gain":0,"player_choice":"Grow","damage_taken":0,"max_hp_gain":0,"max_hp_loss":0,"event_name":"Living Wall","floor":12,"gold_loss":0,"cards_upgraded":["Flex"]}],"is_beta":false,"boss_relics":[],"items_purged_floors":[],"is_endless":false,"potions_floor_spawned":[4,5,10],"killed_by":"The Guardian","ascension_level":18}