{"gold_per_floor":[112,131,131,34,49,49,66,66,115,148,158,48,67,142,142,216,216,227,9,9,26,26,26,37,37,61,61,20,36,0,17,17,17],"floor_reached":33,"playtime":1181,"items_purged":[],"score":594,"play_id":"ed10e8f7-39e7-4809-9402-2b41a562adcb","local_time":"20190415140236","is_ascension_mode":true,"campfire_choices":[{"data":"Prepared","floor":6.0,"key":"SMITH"},{"data":"Glass Knife","floor":8.0,"key":"SMITH"},{"data":"Blade Dance","floor":15.0,"key":"SMITH"},{"data":"Accuracy","floor":23.0,"key":"SMITH"},{"floor":25,"key":"REST"},{"floor":32,"key":"REST"}],"neow_cost":"NONE","seed_source_timestamp":0,"circlet_count":0,"master_deck":["AscendersBane","Survivor","Neutralize","Doppelganger","Accuracy+1","Glass Knife+1","Crippling Poison","Dagger Throw","Eviscerate","Slice","Deflect","Infinite Blades","Venomology","Blur","Terror","Prepared+1","Masterful Stab","Accuracy","Footwork","Blade Dance+1","Finisher","Acrobatics","Corpse Explosion","Blade Dance","Backflip+1","Catalyst","Bouncing Flask","Blade Dance","PiercingWail+1"],"special_seed":0,"relics":["Pandora\u0027s Box","Omamori","Strawberry","Snecko Eye","ClockworkSouvenir","Dream Catcher"],"potions_floor_usage":[24,31,33],"damage_taken":[{"damage":12.0,"enemies":"Jaw Worm","floor":1.0,"turns":3.0},{"damage":0.0,"enemies":"Small Slimes","floor":2.0,"turns":3.0},{"damage":0.0,"enemies":"2 Louse","floor":5.0,"turns":3.0},{"damage":2.0,"enemies":"2 Fungi Beasts","floor":7.0,"turns":3.0},{"damage":16.0,"enemies":"Gremlin Nob","floor":10.0,"turns":4.0},{"damage":1.0,"enemies":"Blue Slaver","floor":11.0,"turns":2.0},{"damage":10.0,"enemies":"Looter","floor":13.0,"turns":3.0},{"damage":0.0,"enemies":"Slime Boss","floor":16.0,"turns":3.0},{"damage":19.0,"enemies":"Chosen","floor":18.0,"turns":4.0},{"damage":0.0,"enemies":"Shell Parasite","floor":21.0,"turns":1.0},{"damage":17,"enemies":"Sentry and Sphere","floor":24,"turns":4},{"damage":11,"enemies":"Cultist and Chosen","floor":29,"turns":4},{"damage":13,"enemies":"Snake Plant","floor":31,"turns":4},{"damage":72,"enemies":"Automaton","floor":33,"turns":6}],"seed_played":"-7961727161880202641","potions_obtained":[{"floor":1.0,"key":"Swift Potion"},{"floor":5.0,"key":"Block Potion"},{"floor":18.0,"key":"Explosive Potion"}],"is_trial":false,"path_per_floor":["M","M","?","$","M","R","M","R","T","E","M","$","M","?","R","B",null,"M","$","?","M","?","R","M","R","T","?","$","M","?","M","R","B"],"character_chosen":"THE_SILENT","items_purchased":["Prepared","Masterful Stab","Blade Dance","Finisher","ClockworkSouvenir","Bouncing Flask"],"campfire_rested":2,"item_purchase_floors":[4,4,12,12,19,28],"current_hp_per_floor":[47,47,47,47,47,47,45,45,45,36,35,35,25,25,25,25,61,42,42,42,42,42,42,25,46,46,46,46,35,35,22,43,0],"gold":17,"neow_bonus":"BOSS_RELIC","is_prod":false,"is_daily":false,"chose_seed":false,"campfire_upgraded":4,"win_rate":0,"timestamp":1555351356,"path_taken":["M","M","?","$","M","R","M","R","T","E","M","?","M","?","R","BOSS","M","$","?","M","?","R","M","R","T","?","?","M","?","M","R","BOSS"],"build_version":"2019-01-23","purchased_purges":0,"victory":false,"max_hp_per_floor":[66,66,66,66,66,66,66,66,66,73,73,73,73,73,73,73,73,73,73,73,73,73,73,73,73,73,73,73,73,73,73,73,73],"card_choices":[{"not_picked":["Acrobatics","Dodge and Roll"],"picked":"Blur","floor":1.0},{"not_picked":["Backstab","Skewer"],"picked":"Terror","floor":2.0},{"not_picked":["Masterful Stab","Dagger Throw"],"picked":"Accuracy","floor":5.0},{"not_picked":["Concentrate","Deflect","Deadly Poison"],"picked":"SKIP","floor":7.0},{"not_picked":["Deadly Poison","Sucker Punch","Reflex"],"picked":"SKIP","floor":10.0},{"not_picked":["Deadly Poison","A Thousand Cuts"],"picked":"Footwork","floor":11.0},{"not_picked":["Slice","Outmaneuver"],"picked":"Acrobatics","floor":13.0},{"not_picked":["Envenom","Glass Knife"],"picked":"Corpse Explosion","floor":16.0},{"not_picked":["Outmaneuver","Riddle With Holes"],"picked":"Blade Dance","floor":18.0},{"not_picked":["Flying Knee+1","Outmaneuver"],"picked":"Backflip+1","floor":21.0},{"not_picked":["Blur","Dagger Throw","Deadly Poison"],"picked":"SKIP","floor":24},{"not_picked":["Leg Sweep","Underhanded Strike","Poisoned Stab"],"picked":"SKIP","floor":29},{"not_picked":["Calculated Gamble","Skewer"],"picked":"Blade Dance","floor":31},{"not_picked":["Footwork","Acrobatics"],"picked":"PiercingWail+1","floor":32}],"player_experience":893877,"relics_obtained":[{"floor":9.0,"key":"Omamori"},{"floor":10.0,"key":"Strawberry"},{"floor":26,"key":"Dream Catcher"}],"event_choices":[{"damage_healed":0.0,"max_hp_gain":0.0,"max_hp_loss":0.0,"gold_gain":0.0,"event_name":"Scrap Ooze","player_choice":"Fled","floor":3.0,"gold_loss":0.0,"damage_taken":0.0},{"damage_healed":0.0,"max_hp_gain":0.0,"max_hp_loss":0.0,"gold_gain":75.0,"event_name":"Golden Wing","player_choice":"Gained Gold","floor":14.0,"gold_loss":0.0,"damage_taken":0.0},{"damage_healed":0.0,"max_hp_gain":0.0,"max_hp_loss":0.0,"gold_gain":0.0,"event_name":"Ghosts","player_choice":"Ignored","floor":20.0,"gold_loss":0.0,"damage_taken":0.0},{"damage_healed":0.0,"max_hp_gain":0.0,"max_hp_loss":0.0,"gold_gain":0.0,"event_name":"Forgotten Altar","player_choice":"Smashed Altar","floor":22.0,"gold_loss":0.0,"damage_taken":0.0,"cards_obtained":["Decay"]},{"damage_healed":0,"gold_gain":0,"player_choice":"Read","damage_taken":0,"max_hp_gain":0,"max_hp_loss":0,"event_name":"The Library","floor":27,"gold_loss":0,"cards_obtained":["Catalyst"]},{"damage_healed":0,"gold_gain":0,"player_choice":"Paid Fearfully","damage_taken":0,"max_hp_gain":0,"max_hp_loss":0,"event_name":"Masked Bandits","floor":30,"gold_loss":36}],"is_beta":false,"boss_relics":[{"not_picked":["Orrery","Runic Pyramid"],"picked":"Snecko Eye"}],"items_purged_floors":[],"is_endless":false,"potions_floor_spawned":[1,2,5,18],"killed_by":"Automaton","ascension_level":20}