{"gold_per_floor":[112,287,287,299,299,329,339,339,364,439,454,454,473,67,67,171,171,181,181,200,218,39,39,39,39,65,76,76],"floor_reached":28,"playtime":1560,"items_purged":[],"score":243,"play_id":"8f65d5b8-450e-4276-ab0c-2b32566c34af","local_time":"20190219170634","is_ascension_mode":false,"campfire_choices":[{"data":"Iron Wave","floor":8,"key":"SMITH"},{"data":"Armaments","floor":15,"key":"SMITH"},{"data":"Limit Break","floor":23,"key":"SMITH"},{"floor":25,"key":"REST"}],"neow_cost":"NONE","seed_source_timestamp":254328922259613,"circlet_count":0,"master_deck":["Strike_R","Strike_R","Strike_R","Strike_R","Defend_R","Defend_R","Defend_R","Defend_R","Bash","Pummel","Cleave","Wild Strike","Iron Wave+1","Thunderclap","Bludgeon","Armaments+1","Demon Form","Flex","Immolate","Cleave","Twin Strike","Perfected Strike","Limit Break+1","Thunderclap","Shrug It Off+1"],"relics":["Black Blood","NeowsBlessing","PreservedInsect","Lantern","Smiling Mask","Frozen Eye","Blood Vial"],"potions_floor_usage":[16,18,21],"damage_taken":[{"damage":0,"enemies":"Jaw Worm","floor":1,"turns":1},{"damage":0,"enemies":"Small Slimes","floor":4,"turns":1},{"damage":0,"enemies":"Gremlin Nob","floor":6,"turns":1},{"damage":0,"enemies":"2 Louse","floor":7,"turns":2},{"damage":13,"enemies":"2 Fungi Beasts","floor":11,"turns":3},{"damage":7,"enemies":"Blue Slaver","floor":13,"turns":3},{"damage":51,"enemies":"The Guardian","floor":16,"turns":10},{"damage":25,"enemies":"2 Thieves","floor":18,"turns":3},{"damage":20,"enemies":"Spheric Guardian","floor":20,"turns":4},{"damage":24,"enemies":"Centurion and Healer","floor":21,"turns":5},{"damage":42,"enemies":"Chosen and Byrds","floor":27,"turns":5},{"damage":16,"enemies":"Snake Plant","floor":28,"turns":1}],"seed_played":"-1914715040349198922","potions_obtained":[{"floor":1,"key":"SkillPotion"},{"floor":7,"key":"Fire Potion"},{"floor":11,"key":"Block Potion"}],"is_trial":false,"path_per_floor":["M","?","?","M","?","E","M","R","T","?","M","?","M","$","R","B",null,"M","?","M","M","$","R","?","R","T","M","M"],"character_chosen":"IRONCLAD","items_purchased":["Demon Form","Flex","Frozen Eye","Limit Break","Thunderclap"],"campfire_rested":1,"item_purchase_floors":[14,14,14,22,22],"current_hp_per_floor":[80,80,73,79,76,80,80,80,80,69,62,62,61,61,61,16,80,65,57,47,33,33,33,18,43,43,13,0],"gold":76,"neow_bonus":"THREE_ENEMY_KILL","is_prod":false,"is_daily":false,"chose_seed":false,"campfire_upgraded":3,"win_rate":0.0,"timestamp":1550617594,"path_taken":["M","?","?","M","?","E","M","R","T","?","?","?","M","$","R","BOSS","M","?","M","?","$","R","?","R","T","M","M"],"build_version":"2019-01-23","purchased_purges":0,"victory":false,"max_hp_per_floor":[80,80,80,80,80,80,80,80,80,80,80,80,80,80,80,80,80,80,80,80,80,80,80,85,85,85,85,85],"card_choices":[{"not_picked":["Shrug It Off","Feel No Pain"],"picked":"Pummel","floor":1},{"not_picked":["Sword Boomerang","Dual Wield"],"picked":"Cleave","floor":4},{"not_picked":["Heavy Blade","Clash"],"picked":"Wild Strike","floor":6},{"not_picked":["Body Slam","Sword Boomerang"],"picked":"Iron Wave","floor":7},{"not_picked":["Flame Barrier","Iron Wave"],"picked":"Thunderclap","floor":11},{"not_picked":["Iron Wave","Sword Boomerang"],"picked":"Armaments","floor":13},{"not_picked":["Impervious","Juggernaut"],"picked":"Immolate","floor":16},{"not_picked":["True Grit","Carnage+1"],"picked":"Cleave","floor":18},{"not_picked":["Blood for Blood","Dropkick"],"picked":"Twin Strike","floor":20},{"not_picked":["Shrug It Off","Dual Wield"],"picked":"Perfected Strike","floor":21},{"not_picked":["Evolve","Blood for Blood"],"picked":"Shrug It Off+1","floor":27}],"player_experience":44639,"relics_obtained":[{"floor":6,"key":"Lantern"},{"floor":9,"key":"Smiling Mask"},{"floor":26,"key":"Blood Vial"}],"event_choices":[{"damage_healed":0,"gold_gain":175,"player_choice":"AGREE","damage_taken":0,"max_hp_gain":0,"max_hp_loss":0,"event_name":"Liars Game","floor":2,"gold_loss":0,"cards_obtained":["Doubt"]},{"cards_removed":["Doubt"],"damage_healed":0,"gold_gain":0,"player_choice":"Card Removal","damage_taken":7,"max_hp_gain":0,"max_hp_loss":0,"event_name":"Golden Wing","floor":3,"gold_loss":0},{"damage_healed":0,"gold_gain":0,"player_choice":"Success","damage_taken":3,"relics_obtained":["PreservedInsect"],"max_hp_gain":0,"max_hp_loss":0,"event_name":"Scrap Ooze","floor":5,"gold_loss":0},{"damage_healed":0,"gold_gain":75,"player_choice":"Gather Gold","damage_taken":11,"max_hp_gain":0,"max_hp_loss":0,"event_name":"World of Goop","floor":10,"gold_loss":0},{"damage_healed":0,"gold_gain":0,"cards_transformed":["Strike_R"],"player_choice":"Change","damage_taken":0,"max_hp_gain":0,"max_hp_loss":0,"event_name":"Living Wall","floor":12,"gold_loss":0,"cards_obtained":["Bludgeon"]},{"damage_healed":0,"gold_gain":0,"player_choice":"Damaged","damage_taken":8,"max_hp_gain":0,"max_hp_loss":0,"event_name":"Wheel of Change","floor":19,"gold_loss":0},{"damage_healed":0,"gold_gain":0,"player_choice":"Shed Blood","damage_taken":20,"max_hp_gain":5,"max_hp_loss":0,"event_name":"Forgotten Altar","floor":24,"gold_loss":0}],"is_beta":false,"boss_relics":[{"not_picked":["Runic Cube","Coffee Dripper"],"picked":"Black Blood"}],"items_purged_floors":[],"is_endless":false,"potions_floor_spawned":[1,7,11],"killed_by":"Snake Plant","ascension_level":0}