{"gold_per_floor":[113,113,123,139,151,151,164,164,164,177,193,211,223,242,242,344,344,344],"floor_reached":18,"playtime":918,"items_purged":[],"score":160,"play_id":"37565f02-882b-4200-8baa-46edcf662c61","local_time":"20190504210131","is_ascension_mode":false,"campfire_choices":[{"data":"Bash","floor":6,"key":"SMITH"},{"floor":8,"key":"REST"},{"data":"Second Wind","floor":15,"key":"SMITH"}],"neow_cost":"NONE","seed_source_timestamp":947414882052400,"circlet_count":0,"master_deck":["Strike_R","Strike_R","Strike_R","Strike_R","Defend_R","Defend_R","Defend_R","Defend_R","Bash+1","Second Wind+1"],"relics":["Burning Blood","Self Forming Clay","White Beast Statue"],"potions_floor_usage":[5,7,16,16],"damage_taken":[{"damage":1,"enemies":"Cultist","floor":1,"turns":3},{"damage":1,"enemies":"Jaw Worm","floor":3,"turns":3},{"damage":14,"enemies":"Small Slimes","floor":4,"turns":4},{"damage":27,"enemies":"Exordium Thugs","floor":5,"turns":6},{"damage":30,"enemies":"Exordium Wildlife","floor":7,"turns":7},{"damage":8,"enemies":"3 Louse","floor":10,"turns":6},{"damage":7,"enemies":"Looter","floor":11,"turns":3},{"damage":7,"enemies":"Exordium Wildlife","floor":12,"turns":6},{"damage":5,"enemies":"Red Slaver","floor":13,"turns":4},{"damage":7,"enemies":"Looter","floor":14,"turns":3},{"damage":23,"enemies":"Slime Boss","floor":16,"turns":12},{"damage":0,"enemies":"3 Byrds","floor":18,"turns":1}],"seed_played":"-3247999813870640091","potions_obtained":[{"floor":4,"key":"BloodPotion"},{"floor":5,"key":"BloodPotion"},{"floor":7,"key":"FairyPotion"},{"floor":11,"key":"SpeedPotion"},{"floor":13,"key":"PowerPotion"},{"floor":14,"key":"PowerPotion"}],"is_trial":false,"path_per_floor":["M","?","M","M","M","R","M","R","T","M","M","M","M","M","R","B",null,"M"],"character_chosen":"IRONCLAD","items_purchased":[],"campfire_rested":1,"item_purchase_floors":[],"current_hp_per_floor":[80,80,80,72,59,59,43,67,67,65,64,63,64,63,63,46,80,80],"gold":344,"neow_bonus":"REMOVE_CARD","is_prod":false,"is_daily":false,"chose_seed":false,"campfire_upgraded":2,"win_rate":0,"timestamp":1557018091,"path_taken":["M","?","M","M","M","R","M","R","T","M","?","M","M","M","R","BOSS","M"],"build_version":"2019-01-23","purchased_purges":0,"victory":false,"max_hp_per_floor":[80,80,80,80,80,80,80,80,80,80,80,80,80,80,80,80,80,80],"card_choices":[{"not_picked":["Shrug It Off","Blood for Blood","Seeing Red"],"picked":"SKIP","floor":1},{"not_picked":["Cleave","True Grit","Warcry"],"picked":"SKIP","floor":3},{"not_picked":["Armaments","Rupture","Wild Strike"],"picked":"SKIP","floor":4},{"not_picked":["Heavy Blade","Clash","Corruption"],"picked":"SKIP","floor":5},{"not_picked":["Combust","Spot Weakness","Blood for Blood"],"picked":"SKIP","floor":7},{"not_picked":["Headbutt","Infernal Blade","Sword Boomerang"],"picked":"SKIP","floor":10},{"not_picked":["Rupture","Shrug It Off"],"picked":"Second Wind","floor":11},{"not_picked":["Inflame","Clash","Exhume"],"picked":"SKIP","floor":12},{"not_picked":["Iron Wave","Cleave","Twin Strike"],"picked":"SKIP","floor":13},{"not_picked":["Iron Wave","Body Slam","Flex"],"picked":"SKIP","floor":14}],"player_experience":419034,"relics_obtained":[{"floor":9,"key":"Self Forming Clay"}],"event_choices":[{"damage_healed":0,"gold_gain":0,"player_choice":"Ignored","damage_taken":0,"max_hp_gain":0,"max_hp_loss":0,"event_name":"WeMeetAgain","floor":2,"gold_loss":0}],"is_beta":false,"boss_relics":[{"not_picked":["Velvet Choker","Coffee Dripper"],"picked":"White Beast Statue"}],"items_purged_floors":[],"is_endless":false,"potions_floor_spawned":[4,5,7,11,13,14],"killed_by":"3 Byrds","ascension_level":0}