{"gold_per_floor":[113,130,110,122,75,75,75,2,26,26,39,58,58,83,83,180,180,199,199,199,209,209,244,244,244,244,244,263,263,263,289,289,289],"floor_reached":33,"playtime":2892,"items_purged":[],"score":288,"play_id":"3e3bdb9c-18b5-4045-9831-effd2db25007","local_time":"20190313165540","is_ascension_mode":false,"campfire_choices":[{"floor":6,"key":"RECALL"},{"data":"Terror","floor":15,"key":"SMITH"},{"data":"Envenom","floor":24,"key":"SMITH"},{"data":"Poisoned Stab","floor":27,"key":"SMITH"},{"floor":32,"key":"REST"}],"neow_cost":"NONE","seed_source_timestamp":65257559346361,"circlet_count":0,"master_deck":["Defend_G+1","Defend_G+1","Defend_G+1","Defend_G+1","Defend_G+1","Survivor+1","Neutralize","Dash","Poisoned Stab+1","Dash","Quick Slash","Grand Finale","Quick Slash","Terror+1","Underhanded Strike","Envenom+1","Reflex+1","Accuracy","Accuracy+1","Bite","Bite","Bite","Bite","Bite","Underhanded Strike","Backflip"],"relics":["Ring of the Snake","Kunai","Runic Pyramid","Darkstone Periapt","Red Mask"],"potions_floor_usage":[14,16,18,29,29,31],"damage_taken":[{"damage":6,"enemies":"2 Louse","floor":1,"turns":4},{"damage":1,"enemies":"Cultist","floor":2,"turns":4},{"damage":0,"enemies":"Small Slimes","floor":4,"turns":3},{"damage":5,"enemies":"Exordium Thugs","floor":11,"turns":7},{"damage":6,"enemies":"2 Fungi Beasts","floor":12,"turns":3},{"damage":3,"enemies":"3 Sentries","floor":14,"turns":7},{"damage":27,"enemies":"Hexaghost","floor":16,"turns":11},{"damage":23,"enemies":"2 Thieves","floor":18,"turns":4},{"damage":0,"enemies":"Chosen","floor":21,"turns":4},{"damage":16,"enemies":"Gremlin Leader","floor":23,"turns":4},{"damage":34,"enemies":"3 Cultists","floor":28,"turns":5},{"damage":0,"enemies":"Centurion and Healer","floor":29,"turns":1},{"damage":11,"enemies":"Masked Bandits","floor":31,"turns":5},{"damage":40,"enemies":"Champ","floor":33,"turns":6}],"seed_played":"3526395244507847649","potions_obtained":[{"floor":1,"key":"AttackPotion"},{"floor":2,"key":"SkillPotion"},{"floor":3,"key":"Block Potion"},{"floor":14,"key":"SmokeBomb"},{"floor":16,"key":"Explosive Potion"},{"floor":18,"key":"EssenceOfSteel"}],"is_trial":false,"path_per_floor":["M","M","?","M","$","R","?","$","T","?","M","M","?","E","R","B",null,"M","?","?","M","$","E","R","?","T","R","M","M","$","?","R","B"],"character_chosen":"THE_SILENT","items_purchased":["Quick Slash","Grand Finale"],"campfire_rested":1,"item_purchase_floors":[5,8],"current_hp_per_floor":[71,70,70,70,70,70,55,55,55,55,50,44,44,41,41,14,77,54,54,51,51,51,35,35,35,35,35,9,11,11,10,33,0],"gold":289,"neow_bonus":"TEN_PERCENT_HP_BONUS","is_prod":false,"is_daily":false,"chose_seed":false,"campfire_upgraded":3,"win_rate":0,"timestamp":1552514140,"path_taken":["M","M","?","M","?","R","?","$","T","?","M","M","?","E","R","BOSS","M","?","?","?","$","E","R","?","T","R","M","M","?","?","R","BOSS"],"build_version":"2019-01-23","purchased_purges":0,"victory":false,"max_hp_per_floor":[77,77,77,77,77,77,77,77,77,77,77,77,77,77,77,77,77,77,77,77,77,77,77,77,77,77,77,77,77,77,77,77,77],"card_choices":[{"not_picked":["Footwork","Blur"],"picked":"Dash","floor":1},{"not_picked":["Blur","Reflex"],"picked":"Poisoned Stab","floor":2},{"not_picked":["Accuracy","Leg Sweep"],"picked":"Dash","floor":4},{"not_picked":["Outmaneuver","Blade Dance"],"picked":"Quick Slash","floor":11},{"not_picked":["Slice","Infinite Blades"],"picked":"Terror","floor":12},{"not_picked":["Reflex","Blade Dance"],"picked":"Underhanded Strike","floor":14},{"not_picked":["Wraith Form v2","Tools of the Trade"],"picked":"Envenom","floor":16},{"not_picked":["Dagger Spray","Sucker Punch"],"picked":"Reflex+1","floor":18},{"not_picked":["Deflect+1","Quick Slash+1"],"picked":"Accuracy","floor":21},{"not_picked":["Slice+1","Reflex"],"picked":"Accuracy+1","floor":23},{"not_picked":["Bane","Blur"],"picked":"Underhanded Strike","floor":28},{"not_picked":["Choke","Eviscerate"],"picked":"Backflip","floor":31}],"player_experience":122145,"relics_obtained":[{"floor":14,"key":"Kunai"},{"floor":23,"key":"Blood Vial"},{"floor":26,"key":"Darkstone Periapt"},{"floor":31,"key":"Red Mask"}],"event_choices":[{"damage_healed":0,"gold_gain":0,"player_choice":"Bought 1 Potion","damage_taken":0,"max_hp_gain":0,"max_hp_loss":0,"event_name":"The Woman in Blue","floor":3,"gold_loss":0},{"damage_healed":0,"gold_gain":0,"player_choice":"Entered Light","damage_taken":15,"max_hp_gain":0,"max_hp_loss":0,"event_name":"Shining Light","floor":7,"gold_loss":0,"cards_upgraded":["Defend_G","Survivor"]},{"damage_healed":0,"gold_gain":0,"player_choice":"Leave","damage_taken":0,"max_hp_gain":0,"max_hp_loss":0,"event_name":"The Cleric","floor":10,"gold_loss":0},{"cards_removed":["Strike_G"],"damage_healed":0,"gold_gain":0,"player_choice":"Purged","damage_taken":0,"max_hp_gain":0,"max_hp_loss":0,"event_name":"Purifier","floor":13,"gold_loss":0},{"damage_healed":0,"gold_gain":0,"player_choice":"Simplicity","damage_taken":0,"max_hp_gain":0,"max_hp_loss":0,"event_name":"Back to Basics","floor":19,"gold_loss":0,"cards_upgraded":["Defend_G","Defend_G","Defend_G","Defend_G","Strike_G","Strike_G","Strike_G","Strike_G"]},{"damage_healed":0,"gold_gain":0,"player_choice":"Punched","damage_taken":3,"max_hp_gain":0,"max_hp_loss":0,"event_name":"Designer","floor":20,"gold_loss":0},{"damage_healed":0,"gold_gain":0,"player_choice":"Became a vampire (Vial)","damage_taken":0,"max_hp_gain":0,"max_hp_loss":0,"event_name":"Vampires","floor":25,"relics_lost":["Blood Vial"],"gold_loss":0,"cards_obtained":["Bite","Bite","Bite","Bite","Bite"]},{"damage_healed":0,"gold_gain":0,"player_choice":"Fought Bandits","damage_taken":0,"max_hp_gain":0,"max_hp_loss":0,"event_name":"Masked Bandits","floor":31,"gold_loss":0}],"is_beta":false,"boss_relics":[{"not_picked":["WristBlade","Sozu"],"picked":"Runic Pyramid"}],"items_purged_floors":[],"is_endless":false,"potions_floor_spawned":[1,2,14,16,18],"killed_by":"Champ","ascension_level":0}