{"gold_per_floor":[119,119,136,155,155,155,183,183,183,201,221,221,237,237,237,342,342,358,457,457,470,490,490,176,190,190,119,119,119,133,149,149,149],"floor_reached":33,"playtime":3115,"items_purged":[],"score":249,"play_id":"ffcafcef-8f8c-4c0b-bcbc-a9cf4026b6da","local_time":"20190314183043","is_ascension_mode":false,"campfire_choices":[{"data":"Finisher","floor":6,"key":"SMITH"},{"data":"Accuracy","floor":8,"key":"SMITH"},{"data":"Infinite Blades","floor":12,"key":"SMITH"},{"data":"Sucker Punch","floor":15,"key":"SMITH"},{"floor":23,"key":"REST"},{"floor":32,"key":"REST"}],"neow_cost":"NONE","seed_source_timestamp":132983686934700,"circlet_count":0,"master_deck":["Endless Agony+1","Finisher+1","Flying Knee","Neutralize","Poisoned Stab","Quick Slash","Strike_G","Strike_G","Strike_G","Strike_G","Sucker Punch+1","Decay","A Thousand Cuts","Accuracy+1","Infinite Blades+1","Backflip","Blade Dance+1","Cloak And Dagger","Defend_G","Defend_G","Defend_G","Defend_G","Defend_G","Deflect","PiercingWail","Survivor","Eviscerate+1"],"relics":["Ring of the Serpent","Oddly Smooth Stone","Question Card","Pantograph","Pen Nib","Ginger","Regal Pillow","GremlinMask"],"potions_floor_usage":[7,16,16,25,30,31,33],"damage_taken":[{"damage":12,"enemies":"Jaw Worm","floor":1,"turns":6},{"damage":0,"enemies":"Cultist","floor":3,"turns":4},{"damage":0,"enemies":"Small Slimes","floor":4,"turns":3},{"damage":18,"enemies":"3 Sentries","floor":7,"turns":14},{"damage":1,"enemies":"2 Fungi Beasts","floor":10,"turns":4},{"damage":5,"enemies":"Exordium Thugs","floor":11,"turns":7},{"damage":9,"enemies":"3 Louse","floor":13,"turns":2},{"damage":45,"enemies":"The Guardian","floor":16,"turns":9},{"damage":17,"enemies":"3 Byrds","floor":18,"turns":5},{"damage":8,"enemies":"Spheric Guardian","floor":21,"turns":4},{"damage":12,"enemies":"Centurion and Healer","floor":22,"turns":5},{"damage":9,"enemies":"Shelled Parasite and Fungi","floor":25,"turns":6},{"damage":11,"enemies":"Snecko","floor":30,"turns":5},{"damage":21,"enemies":"Snake Plant","floor":31,"turns":5},{"damage":78,"enemies":"Automaton","floor":33,"turns":12}],"seed_played":"2302520370091409496","potions_obtained":[{"floor":4,"key":"SneckoOil"},{"floor":7,"key":"AttackPotion"},{"floor":11,"key":"Ancient Potion"},{"floor":13,"key":"Block Potion"},{"floor":21,"key":"GamblersBrew"},{"floor":22,"key":"Block Potion"},{"floor":30,"key":"Fire Potion"}],"is_trial":false,"path_per_floor":["M","?","M","M","?","R","E","R","T","M","M","R","M","?","R","B",null,"M","?","?","M","M","R","$","M","T","$","?","?","M","M","R","B"],"character_chosen":"THE_SILENT","items_purchased":["Ginger","Quick Slash","Backflip","Flying Knee"],"campfire_rested":2,"item_purchase_floors":[24,24,27,27],"current_hp_per_floor":[58,58,58,58,58,58,40,40,40,39,34,34,25,25,25,5,70,53,53,53,45,33,54,54,45,45,45,45,45,34,13,49,0],"gold":149,"neow_bonus":"RANDOM_COMMON_RELIC","is_prod":false,"is_daily":false,"chose_seed":false,"campfire_upgraded":4,"win_rate":0.0,"timestamp":1552606243,"path_taken":["M","?","M","M","?","R","E","R","T","M","M","R","?","?","R","BOSS","M","?","?","M","M","R","$","M","T","$","?","?","M","M","R","BOSS"],"build_version":"2019-01-23","purchased_purges":0,"victory":false,"max_hp_per_floor":[70,70,70,70,70,70,70,70,70,70,70,70,70,70,70,70,70,70,70,70,70,70,70,70,70,70,70,70,70,70,70,70,70],"card_choices":[{"not_picked":["Outmaneuver","Deadly Poison"],"picked":"Endless Agony","floor":1},{"not_picked":["Poisoned Stab","Tactician"],"picked":"Finisher","floor":3},{"not_picked":["Reflex","Slice","Deflect"],"picked":"SKIP","floor":4},{"not_picked":["Calculated Gamble","Crippling Poison"],"picked":"Sucker Punch","floor":7},{"not_picked":["Riddle With Holes","Dash","Slice","Reflex"],"picked":"SKIP","floor":10},{"not_picked":["Deflect","Expertise","Leg Sweep"],"picked":"Infinite Blades","floor":11},{"not_picked":["Tools of the Trade","Predator","Calculated Gamble"],"picked":"PiercingWail","floor":13},{"not_picked":["Unload","After Image","Die Die Die"],"picked":"A Thousand Cuts","floor":16},{"not_picked":["Prepared","Calculated Gamble","Accuracy","Deflect"],"picked":"SKIP","floor":18},{"not_picked":["Dagger Throw","Dodge and Roll","Dagger Spray+1"],"picked":"Poisoned Stab","floor":21},{"not_picked":["Outmaneuver","Skewer","Deadly Poison"],"picked":"Deflect","floor":22},{"not_picked":["Infinite Blades","Night Terror","PiercingWail"],"picked":"Blade Dance+1","floor":25},{"not_picked":["Accuracy+1","Poisoned Stab+1","Flying Knee"],"picked":"Cloak And Dagger","floor":30},{"not_picked":["Escape Plan+1","PiercingWail+1","Dagger Throw"],"picked":"Eviscerate+1","floor":31}],"player_experience":82166,"relics_obtained":[{"floor":7,"key":"Question Card"},{"floor":9,"key":"Pantograph"},{"floor":26,"key":"Regal Pillow"}],"event_choices":[{"damage_healed":0,"gold_gain":0,"cards_transformed":["Strike_G"],"player_choice":"Change","damage_taken":0,"max_hp_gain":0,"max_hp_loss":0,"event_name":"Living Wall","floor":2,"gold_loss":0,"cards_obtained":["Accuracy"]},{"damage_healed":0,"gold_gain":0,"player_choice":"Upgraded","damage_taken":0,"max_hp_gain":0,"max_hp_loss":0,"event_name":"Upgrade Shrine","floor":5,"gold_loss":0,"cards_upgraded":["Endless Agony"]},{"damage_healed":0,"gold_gain":0,"player_choice":"Ignored","damage_taken":0,"max_hp_gain":0,"max_hp_loss":0,"event_name":"Golden Wing","floor":14,"gold_loss":0},{"damage_healed":0,"gold_gain":99,"player_choice":"Stole From Cult","damage_taken":0,"max_hp_gain":0,"max_hp_loss":0,"event_name":"Nest","floor":19,"gold_loss":0},{"damage_healed":0,"gold_gain":0,"player_choice":"Opened","damage_taken":0,"relics_obtained":["Pen Nib"],"max_hp_gain":0,"max_hp_loss":0,"event_name":"The Mausoleum","floor":20,"gold_loss":0},{"damage_healed":0,"gold_gain":0,"player_choice":"Smashed Altar","damage_taken":0,"max_hp_gain":0,"max_hp_loss":0,"event_name":"Forgotten Altar","floor":28,"gold_loss":0,"cards_obtained":["Decay"]},{"damage_healed":0,"gold_gain":0,"player_choice":"Trade","damage_taken":0,"relics_obtained":["GremlinMask"],"max_hp_gain":0,"max_hp_loss":0,"event_name":"FaceTrader","floor":29,"gold_loss":0}],"is_beta":false,"boss_relics":[{"not_picked":["Black Star","Runic Dome"],"picked":"Ring of the Serpent"}],"items_purged_floors":[],"is_endless":false,"potions_floor_spawned":[4,7,11,13,21,22,30],"killed_by":"Automaton","ascension_level":0}