{"gold_per_floor":[164,164,249,300,100,100,230,295,295,340,340,430,430,475,475,800,800,865,865,950,950],"floor_reached":21,"playtime":2225,"items_purged":[],"score":239,"play_id":"d2638ac3-f3b7-49c0-b525-514ac09be990","local_time":"20190101012358","daily_mods":["Allstar","Hoarder","Midas"],"is_ascension_mode":false,"campfire_choices":[{"floor":6,"key":"REST"},{"floor":13,"key":"REST"},{"floor":15,"key":"REST"}],"neow_cost":"","seed_source_timestamp":0,"circlet_count":0,"master_deck":["Strike_R","Strike_R","Strike_R","Strike_R","Strike_R","Defend_R","Defend_R","Defend_R","Defend_R","Bash","Bandage Up","Bandage Up","Bandage Up","Jack Of All Trades","Jack Of All Trades","Jack Of All Trades","HandOfGreed","HandOfGreed","HandOfGreed","Chrysalis","Chrysalis","Chrysalis","Finesse","Finesse","Finesse","Clothesline","Clothesline","Clothesline","Perfected Strike","Perfected Strike","Perfected Strike","Metallicize","Metallicize","Metallicize","Limit Break","Limit Break","Limit Break","Spot Weakness+1","Spot Weakness+1","Spot Weakness+1","Havoc+1","Havoc+1","Havoc+1","Corruption+1","Corruption+1","Corruption+1"],"special_seed":17897,"relics":["Burning Blood","Happy Flower","Membership Card","Kunai","Dodecahedron","Juzu Bracelet","Paper Frog","Astrolabe","Red Skull"],"potions_floor_usage":[12,20,21,21,21],"damage_taken":[{"damage":8,"enemies":"Small Slimes","floor":1,"turns":4},{"damage":0,"enemies":"2 Louse","floor":3,"turns":4},{"damage":35,"enemies":"3 Sentries","floor":7,"turns":8},{"damage":2,"enemies":"Jaw Worm","floor":8,"turns":2},{"damage":17,"enemies":"Blue Slaver","floor":10,"turns":5},{"damage":12,"enemies":"Gremlin Nob","floor":12,"turns":3},{"damage":10,"enemies":"Exordium Wildlife","floor":14,"turns":4},{"damage":26,"enemies":"Slime Boss","floor":16,"turns":10},{"damage":16,"enemies":"2 Thieves","floor":18,"turns":4},{"damage":49,"enemies":"3 Byrds","floor":20,"turns":7},{"damage":27,"enemies":"Colosseum Slavers","floor":21,"turns":6},{"damage":49,"enemies":"Colosseum Nobs","floor":21,"turns":4}],"seed_played":"2052676809091822558","potions_obtained":[{"floor":3,"key":"SpeedPotion"},{"floor":7,"key":"BloodPotion"},{"floor":8,"key":"FearPotion"},{"floor":14,"key":"SpeedPotion"},{"floor":20,"key":"Ancient Potion"}],"is_trial":false,"path_per_floor":["M","?","M","?","$","R","E","M","T","M","T","E","R","M","R","B",null,"M","?","M","?"],"character_chosen":"IRONCLAD","items_purchased":["Membership Card"],"campfire_rested":3,"item_purchase_floors":[5],"current_hp_per_floor":[80,77,80,80,80,80,63,67,67,64,64,66,80,76,80,72,80,74,74,51,0],"gold":950,"neow_bonus":"","is_prod":false,"is_daily":true,"chose_seed":false,"campfire_upgraded":0,"win_rate":0,"timestamp":1546323838,"path_taken":["M","?","M","?","$","R","E","M","T","M","?","E","R","M","R","BOSS","M","?","M","?"],"build_version":"2018-12-20","purchased_purges":0,"victory":false,"max_hp_per_floor":[80,80,80,80,80,80,80,80,80,80,80,80,80,80,80,80,80,80,80,80,80],"card_choices":[{"not_picked":["Battle Trance","Cleave"],"picked":"Warcry","floor":1},{"not_picked":["Havoc","Bloodletting","Warcry"],"picked":"SKIP","floor":3},{"not_picked":["Clash","Second Wind"],"picked":"Clothesline","floor":7},{"not_picked":["Heavy Blade","Sword Boomerang","Headbutt"],"picked":"SKIP","floor":8},{"not_picked":["Sentinel","Anger"],"picked":"Perfected Strike","floor":10},{"not_picked":["Feel No Pain","Rampage"],"picked":"Metallicize","floor":12},{"not_picked":["Warcry","Iron Wave","Shockwave"],"picked":"SKIP","floor":14},{"not_picked":["Dark Embrace","Barricade"],"picked":"Limit Break","floor":16},{"not_picked":["Sever Soul+1","Clash","Shockwave"],"picked":"SKIP","floor":18},{"not_picked":["Disarm+1","Iron Wave","Body Slam+1"],"picked":"SKIP","floor":20}],"player_experience":87678,"relics_obtained":[{"floor":7,"key":"Kunai"},{"floor":9,"key":"Dodecahedron"},{"floor":11,"key":"Juzu Bracelet"},{"floor":12,"key":"Paper Frog"}],"event_choices":[{"damage_healed":0,"gold_gain":0,"player_choice":"Success","damage_taken":3,"relics_obtained":["Happy Flower"],"max_hp_gain":0,"max_hp_loss":0,"event_name":"Scrap Ooze","floor":2,"gold_loss":0},{"damage_healed":0,"gold_gain":51,"player_choice":"Gained Gold","damage_taken":0,"max_hp_gain":0,"max_hp_loss":0,"event_name":"Golden Wing","floor":4,"gold_loss":0},{"damage_healed":0,"gold_gain":0,"player_choice":"Opened","damage_taken":0,"relics_obtained":["Red Skull"],"max_hp_gain":0,"max_hp_loss":0,"event_name":"The Mausoleum","floor":19,"gold_loss":0},{"damage_healed":0,"gold_gain":0,"player_choice":"Fight","damage_taken":0,"max_hp_gain":0,"max_hp_loss":0,"event_name":"Colosseum","floor":21,"gold_loss":0},{"damage_healed":0,"gold_gain":0,"player_choice":"Fought Nobs","damage_taken":0,"max_hp_gain":0,"max_hp_loss":0,"event_name":"Colosseum","floor":21,"gold_loss":0}],"is_beta":false,"boss_relics":[{"not_picked":["Tiny House","Sozu"],"picked":"Astrolabe"}],"items_purged_floors":[],"is_endless":false,"potions_floor_spawned":[3,7,8,14,20,21],"killed_by":"Colosseum Nobs","ascension_level":0}