{"gold_per_floor":[111,128,138,38,38,38,38,38,38,76,76,151,178,217,217,346,346,369,387,196,196,196,231,231,262,285,285,285,285,316,316,316,417,417,433,446,446,456,161,191,201,201,226,245,245,245,271,289,289,289,289,289,10,43,43],"floor_reached":55,"playtime":4526,"items_purged":["Deflect"],"score":867,"play_id":"90600a24-a911-4bfb-ae9d-44a574d6196c","local_time":"20190101233401","is_ascension_mode":false,"campfire_choices":[{"floor":6,"key":"RECALL"},{"floor":8,"key":"REST"},{"floor":11,"key":"REST"},{"floor":15,"key":"REST"},{"data":"Sucker Punch","floor":24,"key":"SMITH"},{"floor":27,"key":"REST"},{"data":"Flechettes","floor":29,"key":"SMITH"},{"data":"Eviscerate","floor":32,"key":"SMITH"},{"data":"Predator","floor":42,"key":"SMITH"},{"data":"Predator","floor":49,"key":"SMITH"},{"data":"Predator","floor":52,"key":"SMITH"}],"neow_cost":"NONE","seed_source_timestamp":0,"circlet_count":0,"master_deck":["Defend_G","Defend_G","Defend_G","Defend_G","Defend_G+1","Strike_G+1","Strike_G","Strike_G","Strike_G","Strike_G","Survivor","Neutralize","Blade Dance","Flying Knee","Quick Slash+1","Sucker Punch+1","Prepared","Predator+1","Deflect","Deflect","Backflip","Flechettes+1","Adrenaline","Quick Slash+1","Riddle With Holes+1","Eviscerate+1","Eviscerate+1","Bullet Time","Flechettes+1","Underhanded Strike+1","Bullet Time","Dagger Throw+1","Predator+1","Predator+1","Predator+1","Well Laid Plans+1","Eviscerate","Underhanded Strike","Infinite Blades"],"special_seed":0,"relics":["Orrery","Bloody Idol","WingedGreaves","Bag of Preparation","Bag of Marbles","Snecko Eye","Lee\u0027s Waffle","Blood Vial","Anchor","FossilizedHelix","Oddly Smooth Stone","Shuriken","HoveringKite","Happy Flower","StoneCalendar","Whetstone","Smiling Mask","Sling","Ninja Scroll"],"potions_floor_usage":[10,33,33,50,55],"damage_taken":[{"damage":3.0,"enemies":"Jaw Worm","floor":1.0,"turns":3.0},{"damage":0.0,"enemies":"2 Louse","floor":2.0,"turns":2.0},{"damage":0,"enemies":"Cultist","floor":3,"turns":3},{"damage":18,"enemies":"Lagavulin","floor":10,"turns":7},{"damage":5,"enemies":"3 Sentries","floor":14,"turns":7},{"damage":41,"enemies":"Hexaghost","floor":16,"turns":12},{"damage":9,"enemies":"Chosen","floor":18,"turns":5},{"damage":14,"enemies":"Shell Parasite","floor":19,"turns":3},{"damage":26,"enemies":"Slavers","floor":23,"turns":6},{"damage":25,"enemies":"Gremlin Leader","floor":25,"turns":7},{"damage":0,"enemies":"Slavers","floor":30,"turns":4},{"damage":69,"enemies":"Automaton","floor":33,"turns":9},{"damage":1,"enemies":"3 Shapes","floor":35,"turns":3},{"damage":0,"enemies":"Orb Walker","floor":36,"turns":1},{"damage":12,"enemies":"3 Darklings","floor":38,"turns":4},{"damage":0,"enemies":"Giant Head","floor":40,"turns":5},{"damage":10,"enemies":"4 Shapes","floor":41,"turns":3},{"damage":2,"enemies":"Maw","floor":44,"turns":5},{"damage":9,"enemies":"Reptomancer","floor":47,"turns":3},{"damage":0,"enemies":"Spire Growth","floor":48,"turns":2},{"damage":72,"enemies":"Donu and Deca","floor":50,"turns":7},{"damage":10,"enemies":"Shield and Spear","floor":54,"turns":3},{"damage":75,"enemies":"The Heart","floor":55,"turns":5}],"seed_played":"2828069781335093538","potions_obtained":[{"floor":1.0,"key":"Weak Potion"},{"floor":16,"key":"LiquidBronze"},{"floor":18,"key":"FearPotion"},{"floor":36,"key":"SteroidPotion"},{"floor":40,"key":"Ancient Potion"},{"floor":44,"key":"GamblersBrew"}],"is_trial":false,"path_per_floor":["M","M","M","M","$","?","R","?","R","T","E","R","?","T","E","R","B",null,"M","M","$","?","?","E","R","E","T","R","?","R","E","?","R","B",null,"M","M","?","M","$","E","M","R","T","M","?","?","E","M","R","B",null,"R","$","E","B"],"character_chosen":"THE_SILENT","items_purchased":["Backflip","Flechettes","Lee\u0027s Waffle","Happy Flower","Predator","Eviscerate","Underhanded Strike","Sling"],"campfire_rested":4,"item_purchase_floors":[4,4,20,39,39,53,53,53],"current_hp_per_floor":[67,67,67,67,53,53,36,57,57,39,60,49,49,44,65,24,70,61,47,77,77,77,56,56,38,43,66,66,66,73,73,73,11,77,77,77,77,70,70,77,72,72,77,77,77,77,73,77,77,5,77,77,77,72,0],"gold":43,"neow_bonus":"BOSS_RELIC","is_prod":false,"is_daily":false,"chose_seed":false,"campfire_upgraded":6,"win_rate":0,"timestamp":1546403641,"path_taken":["M","M","M","$","?","R","?","R","T","E","R","?","?","E","R","BOSS","M","?","$","?","?","E","R","E","T","R","?","R","E","?","R","BOSS","M","?","?","M","$","E","M","R","T","?","?","?","E","M","R","BOSS","R","$","E","BOSS"],"build_version":"2018-12-20","purchased_purges":1,"victory":false,"max_hp_per_floor":[70,70,70,70,70,70,70,70,70,70,70,70,70,70,70,70,70,70,70,77,77,77,77,77,77,77,77,77,77,77,77,77,77,77,77,77,77,77,77,77,77,77,77,77,77,77,77,77,77,77,77,77,77,77,77],"card_choices":[{"not_picked":["Cloak And Dagger","Poisoned Stab"],"picked":"Blade Dance","floor":0.0},{"not_picked":["Blur","Dagger Throw"],"picked":"Flying Knee","floor":0.0},{"not_picked":["Choke","Concentrate"],"picked":"Quick Slash","floor":0.0},{"not_picked":["Distraction","Grand Finale"],"picked":"Sucker Punch","floor":0.0},{"not_picked":["PiercingWail","Dodge and Roll"],"picked":"Prepared","floor":0.0},{"not_picked":["Underhanded Strike","Prepared"],"picked":"Predator","floor":1.0},{"not_picked":["Masterful Stab","Blur"],"picked":"Deflect","floor":2},{"not_picked":["Poisoned Stab","Distraction"],"picked":"Deflect","floor":3},{"not_picked":["Riddle With Holes","Envenom"],"picked":"Well Laid Plans","floor":10},{"not_picked":["Expertise","Terror"],"picked":"Deflect","floor":14},{"not_picked":["Phantasmal Killer","Venomology"],"picked":"Adrenaline","floor":16},{"not_picked":["Escape Plan","Bane+1"],"picked":"Quick Slash+1","floor":18},{"not_picked":["Backstab","Bane"],"picked":"Riddle With Holes+1","floor":19},{"not_picked":["Backflip","Bane+1"],"picked":"Eviscerate+1","floor":23},{"not_picked":["Poisoned Stab","Well Laid Plans","Catalyst"],"picked":"SKIP","floor":25},{"not_picked":["Grand Finale","Blade Dance+1"],"picked":"Eviscerate","floor":30},{"not_picked":["Unload","Burst"],"picked":"Bullet Time","floor":33},{"not_picked":["Escape Plan+1","Footwork"],"picked":"Flechettes+1","floor":35},{"not_picked":["Bane+1","Deadly Poison+1"],"picked":"Underhanded Strike+1","floor":36},{"not_picked":["Cloak And Dagger+1","Prepared+1"],"picked":"Dagger Throw+1","floor":38},{"not_picked":["Well Laid Plans+1","Cloak And Dagger"],"picked":"Predator","floor":40},{"not_picked":["Distraction","Bouncing Flask+1","Finisher+1"],"picked":"SKIP","floor":41},{"not_picked":["Poisoned Stab+1","Backflip"],"picked":"Predator","floor":44},{"not_picked":["Malaise","Slice"],"picked":"Well Laid Plans+1","floor":47},{"not_picked":["Slice","Dodge and Roll+1","Masterful Stab+1"],"picked":"SKIP","floor":48},{"not_picked":["Skewer+1","Dagger Spray+1"],"picked":"Infinite Blades","floor":54}],"player_experience":93720,"relics_obtained":[{"floor":10,"key":"WingedGreaves"},{"floor":13,"key":"Bag of Preparation"},{"floor":14,"key":"Bag of Marbles"},{"floor":23,"key":"Anchor"},{"floor":25,"key":"FossilizedHelix"},{"floor":26,"key":"Oddly Smooth Stone"},{"floor":30,"key":"Shuriken"},{"floor":40,"key":"StoneCalendar"},{"floor":43,"key":"Whetstone"},{"floor":47,"key":"Smiling Mask"},{"floor":54,"key":"Ninja Scroll"}],"event_choices":[{"damage_healed":0,"gold_gain":0,"player_choice":"Entered Light","damage_taken":14,"max_hp_gain":0,"max_hp_loss":0,"event_name":"Shining Light","floor":5,"gold_loss":0,"cards_upgraded":["Defend_G","Predator"]},{"damage_healed":0,"gold_gain":0,"player_choice":"Take Damage","damage_taken":17,"relics_obtained":["Golden Idol"],"max_hp_gain":0,"max_hp_loss":0,"event_name":"Golden Idol","floor":7,"gold_loss":0},{"damage_healed":0,"gold_gain":75,"player_choice":"Gather Gold","damage_taken":11,"max_hp_gain":0,"max_hp_loss":0,"event_name":"World of Goop","floor":12,"gold_loss":0},{"damage_healed":0,"gold_gain":0,"player_choice":"Opened","damage_taken":0,"relics_obtained":["Blood Vial"],"max_hp_gain":0,"max_hp_loss":0,"event_name":"The Mausoleum","floor":21,"gold_loss":0},{"damage_healed":0,"gold_gain":0,"player_choice":"Gave Idol","damage_taken":0,"relics_obtained":["Bloody Idol"],"max_hp_gain":0,"max_hp_loss":0,"event_name":"Forgotten Altar","floor":22,"relics_lost":["Golden Idol"],"gold_loss":0},{"damage_healed":0,"gold_gain":0,"player_choice":"Ignored","damage_taken":0,"max_hp_gain":0,"max_hp_loss":0,"event_name":"Ghosts","floor":28,"gold_loss":0},{"damage_healed":0,"gold_gain":0,"player_choice":"Ignored","damage_taken":0,"max_hp_gain":0,"max_hp_loss":0,"event_name":"NoteForYourself","floor":31,"gold_loss":0},{"damage_healed":0,"gold_gain":0,"player_choice":"Copied","damage_taken":0,"max_hp_gain":0,"max_hp_loss":0,"event_name":"Duplicator","floor":37,"gold_loss":0,"cards_obtained":["Bullet Time"]},{"damage_healed":0,"gold_gain":0,"player_choice":"Memory 1","damage_taken":0,"max_hp_gain":0,"max_hp_loss":0,"event_name":"SensoryStone","floor":45,"gold_loss":0},{"cards_removed":["Well Laid Plans"],"damage_healed":0,"gold_gain":0,"player_choice":"Removed Power","damage_taken":0,"max_hp_gain":0,"max_hp_loss":0,"event_name":"Falling","floor":46,"gold_loss":0}],"is_beta":false,"boss_relics":[{"not_picked":["Astrolabe","Runic Pyramid"],"picked":"Snecko Eye"},{"not_picked":["Black Star","White Beast Statue"],"picked":"HoveringKite"}],"items_purged_floors":[39],"is_endless":false,"potions_floor_spawned":[1,16,18,36,40,44],"killed_by":"The Heart","ascension_level":0}