{"gold_per_floor":[118,118,128,128,128,164,164,240,240,240,263,278,322,345,345,434,434,458,113,131,131,175,175,175,196,196,223,223,237,7,7],"floor_reached":31,"playtime":776,"items_purged":["Strike_B"],"score":536,"play_id":"7f4c8446-0701-43ec-a397-3daaf8aa548d","local_time":"20190502165601","is_ascension_mode":true,"campfire_choices":[{"data":"Fusion","floor":7.0,"key":"SMITH"},{"data":"Zap","floor":15.0,"key":"SMITH"},{"data":"Discovery","floor":24.0,"key":"SMITH"}],"neow_cost":"NONE","seed_source_timestamp":668657443442766,"circlet_count":0,"master_deck":["AscendersBane","Defend_B","Defend_B","Defend_B","Defend_B","Zap+1","Dualcast","Glacier","Go for the Eyes","Fusion+1","Coolheaded","Compile Driver","Hello World","Electrodynamics","Ball Lightning","Heatsinks","Discovery+1","Ball Lightning","Turbo","Conserve Battery"],"special_seed":0,"relics":["Cracked Core","NeowsBlessing","Ancient Tea Set","Golden Idol","Lantern","Mercury Hourglass","Potion Belt","Meat on the Bone","Empty Cage","Red Mask","Calipers","Bag of Preparation","Medical Kit"],"potions_floor_usage":[],"damage_taken":[{"damage":0.0,"enemies":"Jaw Worm","floor":1.0,"turns":1.0},{"damage":0.0,"enemies":"2 Louse","floor":3.0,"turns":1.0},{"damage":0.0,"enemies":"3 Sentries","floor":6.0,"turns":1.0},{"damage":0.0,"enemies":"Small Slimes","floor":11.0,"turns":2.0},{"damage":0.0,"enemies":"Looter","floor":12.0,"turns":4.0},{"damage":25.0,"enemies":"Lagavulin","floor":13.0,"turns":7.0},{"damage":15.0,"enemies":"Large Slime","floor":14.0,"turns":6.0},{"damage":35.0,"enemies":"Slime Boss","floor":16.0,"turns":10.0},{"damage":33.0,"enemies":"Chosen","floor":18.0,"turns":5.0},{"damage":6.0,"enemies":"Spheric Guardian","floor":20.0,"turns":3.0},{"damage":21.0,"enemies":"Masked Bandits","floor":22.0,"turns":3.0},{"damage":21.0,"enemies":"Shelled Parasite and Fungi","floor":25.0,"turns":8.0},{"damage":12.0,"enemies":"Cultist and Chosen","floor":29.0,"turns":5.0},{"damage":32,"enemies":"Gremlin Leader","floor":31,"turns":2}],"seed_played":"2584024826275787352","potions_obtained":[{"floor":6.0,"key":"EssenceOfSteel"},{"floor":12.0,"key":"SteroidPotion"},{"floor":14.0,"key":"Fruit Juice"},{"floor":16.0,"key":"AttackPotion"},{"floor":20.0,"key":"Poison Potion"},{"floor":29.0,"key":"Fruit Juice"}],"is_trial":false,"path_per_floor":["M","?","M","?","?","E","R","T","T","?","M","M","E","M","R","B",null,"M","$","M","?","?","?","R","M","T","T","?","M","$","E"],"character_chosen":"DEFECT","items_purchased":["Heatsinks","Ancient Potion","Discovery","Medical Kit"],"campfire_rested":0,"item_purchase_floors":[19,19,19,30],"current_hp_per_floor":[64,46,46,46,46,46,46,46,46,64,64,64,39,41,41,18,56,35,35,41,41,32,32,32,23,23,23,23,28,28,0],"gold":7,"neow_bonus":"THREE_ENEMY_KILL","is_prod":false,"is_daily":false,"chose_seed":false,"campfire_upgraded":3,"win_rate":0,"timestamp":1556787361,"path_taken":["M","?","M","?","?","E","R","?","T","?","M","M","E","M","R","BOSS","M","$","M","?","?","?","R","?","T","?","?","M","?","E"],"build_version":"2019-01-23","purchased_purges":1,"victory":false,"max_hp_per_floor":[71,71,71,64,64,64,64,64,64,64,64,64,64,69,69,69,69,69,69,69,69,69,69,69,69,69,69,69,74,74,74],"card_choices":[{"not_picked":["Leap","Conserve Battery"],"picked":"Glacier","floor":1.0},{"not_picked":["Glacier","Chill"],"picked":"Go for the Eyes","floor":3.0},{"not_picked":["Chill","Melter"],"picked":"Fusion","floor":6.0},{"not_picked":["Streamline","Hologram"],"picked":"Coolheaded","floor":11.0},{"not_picked":["Auto Shields","Go for the Eyes","Stack"],"picked":"SKIP","floor":12.0},{"not_picked":["FTL","Aggregate"],"picked":"Compile Driver","floor":13.0},{"not_picked":["Rebound","Force Field"],"picked":"Hello World","floor":14.0},{"not_picked":["Fission","Reboot"],"picked":"Electrodynamics","floor":16.0},{"not_picked":["Redo","Beam Cell"],"picked":"Ball Lightning","floor":18.0},{"not_picked":["FTL","Aggregate"],"picked":"Ball Lightning","floor":20.0},{"not_picked":["Sweeping Beam","Go for the Eyes+1"],"picked":"Conserve Battery","floor":22.0},{"not_picked":["Force Field","Ball Lightning","Rebound"],"picked":"SKIP","floor":25.0},{"not_picked":["Rebound","Conserve Battery","Steam"],"picked":"SKIP","floor":29.0}],"player_experience":1527412,"relics_obtained":[{"floor":6.0,"key":"Lantern"},{"floor":8.0,"key":"Mercury Hourglass"},{"floor":9.0,"key":"Potion Belt"},{"floor":13.0,"key":"Meat on the Bone"},{"floor":22.0,"key":"Red Mask"},{"floor":26.0,"key":"Calipers"},{"floor":27.0,"key":"Bag of Preparation"}],"event_choices":[{"damage_healed":0.0,"max_hp_gain":0.0,"max_hp_loss":0.0,"gold_gain":0.0,"event_name":"Scrap Ooze","player_choice":"Success","floor":2.0,"gold_loss":0.0,"damage_taken":18.0,"relics_obtained":["Ancient Tea Set"]},{"damage_healed":0.0,"max_hp_gain":0.0,"max_hp_loss":7.0,"gold_gain":0.0,"event_name":"Golden Idol","player_choice":"Lose Max HP","floor":4.0,"gold_loss":0.0,"damage_taken":0.0,"relics_obtained":["Golden Idol"]},{"damage_healed":0.0,"max_hp_gain":0.0,"max_hp_loss":0.0,"gold_gain":0.0,"event_name":"Liars Game","player_choice":"Ignored","floor":5.0,"gold_loss":0.0,"damage_taken":0.0},{"damage_healed":21.0,"max_hp_gain":0.0,"max_hp_loss":0.0,"gold_gain":0.0,"event_name":"Big Fish","player_choice":"Banana","floor":10.0,"gold_loss":0.0,"damage_taken":0.0},{"damage_healed":0.0,"max_hp_gain":0.0,"max_hp_loss":0.0,"gold_gain":0.0,"event_name":"The Library","player_choice":"Read","floor":21.0,"gold_loss":0.0,"damage_taken":0.0,"cards_obtained":["Turbo"]},{"damage_healed":0.0,"max_hp_gain":0.0,"max_hp_loss":0.0,"gold_gain":0.0,"event_name":"Masked Bandits","player_choice":"Fought Bandits","floor":22.0,"gold_loss":0.0,"damage_taken":0.0},{"cards_removed":["Strike_B"],"damage_healed":0.0,"max_hp_gain":0.0,"max_hp_loss":0.0,"gold_gain":0.0,"event_name":"Purifier","player_choice":"Purged","floor":23.0,"gold_loss":0.0,"damage_taken":0.0},{"damage_healed":0.0,"max_hp_gain":0.0,"max_hp_loss":0.0,"gold_gain":0.0,"event_name":"The Mausoleum","player_choice":"Ignored","floor":28.0,"gold_loss":0.0,"damage_taken":0.0}],"is_beta":false,"boss_relics":[{"not_picked":["Fusion Hammer","FrozenCore"],"picked":"Empty Cage"}],"items_purged_floors":[19],"is_endless":false,"potions_floor_spawned":[6,12,14,16,20,29],"killed_by":"Gremlin Leader","ascension_level":20}