{"gold_per_floor":[113,113,133,153,153,186,186,80,103,31,31,366,377,394,394,494,494,512,529,168,185,185,185],"floor_reached":23,"playtime":1732,"items_purged":[],"score":201,"play_id":"c339c1b9-de35-422b-b4f2-86e40c49f1b4","local_time":"20190311193720","is_ascension_mode":false,"campfire_choices":[{"data":"Crippling Poison","floor":7,"key":"SMITH"},{"floor":11,"key":"REST"},{"data":"Noxious Fumes","floor":15,"key":"SMITH"}],"neow_cost":"NONE","seed_source_timestamp":250763575003500,"circlet_count":0,"master_deck":["Defend_G","Defend_G","Defend_G","Defend_G","Strike_G","Strike_G","Strike_G","Strike_G","Strike_G","Survivor","Neutralize","Unload","Bane","Distraction","Crippling Poison+1","All Out Attack","Backflip","Deadly Poison","Bane","Noxious Fumes+1","Die Die Die","Blade Dance","Outmaneuver","Corpse Explosion","Poisoned Stab","Deadly Poison","Footwork","A Thousand Cuts"],"relics":["Ring of the Snake","Anchor","Pantograph","Regal Pillow","Old Coin","WristBlade","Thread and Needle"],"potions_floor_usage":[16,19,21,23],"damage_taken":[{"damage":0,"enemies":"Small Slimes","floor":1,"turns":4},{"damage":0,"enemies":"Jaw Worm","floor":3,"turns":2},{"damage":4,"enemies":"Cultist","floor":4,"turns":3},{"damage":18,"enemies":"Gremlin Nob","floor":6,"turns":4},{"damage":8,"enemies":"Lagavulin","floor":12,"turns":5},{"damage":0,"enemies":"Large Slime","floor":13,"turns":4},{"damage":0,"enemies":"Lots of Slimes","floor":14,"turns":2},{"damage":7,"enemies":"Slime Boss","floor":16,"turns":8},{"damage":0,"enemies":"Chosen","floor":18,"turns":4},{"damage":5,"enemies":"Spheric Guardian","floor":19,"turns":4},{"damage":29,"enemies":"Centurion and Healer","floor":21,"turns":5},{"damage":38,"enemies":"Book of Stabbing","floor":23,"turns":4}],"seed_played":"7732402941082850876","potions_obtained":[{"floor":4,"key":"GhostInAJar"},{"floor":12,"key":"Block Potion"},{"floor":16,"key":"FearPotion"},{"floor":21,"key":"Energy Potion"}],"is_trial":false,"path_per_floor":["M","?","M","M","?","E","R","$","T","$","R","E","M","M","R","B",null,"M","M","$","M","?","E"],"character_chosen":"THE_SILENT","items_purchased":["Deadly Poison","Bane","Noxious Fumes","Thread and Needle","Footwork"],"campfire_rested":1,"item_purchase_floors":[8,8,10,20,20],"current_hp_per_floor":[70,70,70,66,59,41,41,41,41,41,70,62,62,62,62,63,70,70,65,65,36,36,0],"gold":185,"neow_bonus":"ONE_RANDOM_RARE_CARD","is_prod":false,"is_daily":false,"chose_seed":false,"campfire_upgraded":2,"win_rate":0.0,"timestamp":1552351040,"path_taken":["M","?","M","M","?","E","R","$","T","?","R","E","M","M","R","BOSS","M","M","$","M","?","E"],"build_version":"2019-01-23","purchased_purges":0,"victory":false,"max_hp_per_floor":[70,70,70,70,70,70,70,70,70,70,70,70,70,70,70,70,70,70,70,70,70,70,70],"card_choices":[{"not_picked":["Underhanded Strike","Infinite Blades"],"picked":"Bane","floor":1},{"not_picked":["Finisher","Acrobatics"],"picked":"Crippling Poison","floor":3},{"not_picked":["Caltrops","PiercingWail"],"picked":"All Out Attack","floor":4},{"not_picked":["Outmaneuver","Slice"],"picked":"Backflip","floor":6},{"not_picked":["Deadly Poison","Outmaneuver"],"picked":"Die Die Die","floor":12},{"not_picked":["Masterful Stab","Prepared"],"picked":"Blade Dance","floor":13},{"not_picked":["Masterful Stab","Tools of the Trade"],"picked":"Outmaneuver","floor":14},{"not_picked":["Burst","Night Terror"],"picked":"Corpse Explosion","floor":16},{"not_picked":["Blade Dance","Skewer"],"picked":"Poisoned Stab","floor":18},{"not_picked":["Backflip","Dodge and Roll"],"picked":"Deadly Poison","floor":19},{"not_picked":["Backflip","Slice"],"picked":"A Thousand Cuts","floor":21}],"player_experience":37354,"relics_obtained":[{"floor":6,"key":"Pantograph"},{"floor":9,"key":"Regal Pillow"},{"floor":12,"key":"Old Coin"}],"event_choices":[{"damage_healed":0,"gold_gain":0,"cards_transformed":["Defend_G"],"player_choice":"Change","damage_taken":0,"max_hp_gain":0,"max_hp_loss":0,"event_name":"Living Wall","floor":2,"gold_loss":0,"cards_obtained":["Distraction"]},{"damage_healed":0,"gold_gain":0,"player_choice":"Success","damage_taken":7,"relics_obtained":["Anchor"],"max_hp_gain":0,"max_hp_loss":0,"event_name":"Scrap Ooze","floor":5,"gold_loss":0},{"damage_healed":0,"gold_gain":0,"player_choice":"0 cards matched","damage_taken":0,"max_hp_gain":0,"max_hp_loss":0,"event_name":"Match and Keep!","floor":22,"gold_loss":0,"cards_obtained":[]}],"is_beta":false,"boss_relics":[{"not_picked":["Runic Pyramid","Astrolabe"],"picked":"WristBlade"}],"items_purged_floors":[],"is_endless":false,"potions_floor_spawned":[4,12,16,21],"killed_by":"Book of Stabbing","ascension_level":0}