{"gold_per_floor":[109,119,77,91,91,129,129,148,148,148,73,111,132,58,58,177,240,211,211,232,232,232],"floor_reached":22,"playtime":2064,"items_purged":["Injury"],"score":194,"play_id":"51b45299-012f-4957-93a4-72d44c8d1c95","local_time":"20180729004845","is_ascension_mode":false,"campfire_choices":[{"floor":7,"key":"REST"},{"floor":10,"key":"REST"},{"data":"Searing Blow","floor":15,"key":"SMITH"}],"neow_cost":"NONE","seed_source_timestamp":295955795891195,"circlet_count":0,"master_deck":["Strike_R+1","Strike_R","Strike_R","Strike_R","Strike_R","Defend_R","Defend_R","Defend_R","Defend_R","Bash","Metallicize","Flex","Iron Wave","Cleave","Impervious","Armaments+1","Inflame","Searing Blow+1","Barricade","Inflame","Flame Barrier+1","Pommel Strike"],"relics":["Eternal Feather","Golden Idol","Boot","Toxic Egg 2","Kunai","Tiny House","Self Forming Clay"],"potions_floor_usage":[6,12,16,18,18,20,22],"damage_taken":[{"damage":5,"enemies":"Jaw Worm","floor":1,"turns":4},{"damage":2,"enemies":"Small Slimes","floor":2,"turns":6},{"damage":1,"enemies":"2 Louse","floor":4,"turns":2},{"damage":40,"enemies":"Lagavulin","floor":6,"turns":10},{"damage":1,"enemies":"Exordium Wildlife","floor":8,"turns":3},{"damage":14,"enemies":"3 Sentries","floor":12,"turns":8},{"damage":10,"enemies":"Looter","floor":13,"turns":3},{"damage":62,"enemies":"Hexaghost","floor":16,"turns":11},{"damage":58,"enemies":"2 Thieves","floor":18,"turns":5},{"damage":20,"enemies":"3 Byrds","floor":20,"turns":9},{"damage":9,"enemies":"Snake Plant","floor":22,"turns":4}],"seed_played":"-4711344019515770139","potions_obtained":[{"floor":4,"key":"Swift Potion"},{"floor":6,"key":"Regen Potion"},{"floor":13,"key":"Fire Potion"},{"floor":16,"key":"SkillPotion"},{"floor":17,"key":"EntropicBrew"}],"is_trial":false,"path_per_floor":["M","M","?","M","?","E","R","M","T","R","$","E","M","$","R","B",null,"M","?","M","?"],"character_chosen":"IRONCLAD","items_purchased":["Searing Blow"],"campfire_rested":2,"item_purchase_floors":[14],"current_hp_per_floor":[75,73,73,72,72,32,65,64,64,80,80,80,70,70,79,17,85,27,27,7,7,0],"gold":232,"neow_bonus":"BOSS_RELIC","is_prod":false,"is_daily":false,"chose_seed":false,"campfire_upgraded":1,"win_rate":0,"timestamp":1532818125,"path_taken":["M","M","?","M","?","E","R","M","T","R","$","E","?","?","R","BOSS","M","?","M","?","?"],"build_version":"2018-07-26","purchased_purges":1,"victory":false,"max_hp_per_floor":[80,80,80,80,80,80,80,80,80,80,80,80,80,80,80,80,85,85,85,85,85,85],"card_choices":[{"not_picked":["Armaments","Uppercut"],"picked":"Metallicize","floor":1},{"not_picked":["Clash","Warcry"],"picked":"Flex","floor":2},{"not_picked":["Dropkick","Shrug It Off"],"picked":"Iron Wave","floor":4},{"not_picked":["Dropkick","Havoc"],"picked":"Cleave","floor":6},{"not_picked":["Anger","Sentinel"],"picked":"Impervious","floor":8},{"not_picked":["Hemokinesis","Headbutt"],"picked":"Armaments+1","floor":12},{"not_picked":["Anger","Searing Blow"],"picked":"Inflame","floor":13},{"not_picked":["Brutality","Bludgeon"],"picked":"Barricade","floor":16},{"not_picked":["Sword Boomerang","Twin Strike"],"picked":"Inflame","floor":17},{"not_picked":["Anger","Sword Boomerang"],"picked":"Flame Barrier+1","floor":18},{"not_picked":["Twin Strike","Warcry+1"],"picked":"Pommel Strike","floor":20}],"player_experience":112417,"relics_obtained":[{"floor":6,"key":"Boot"},{"floor":9,"key":"Toxic Egg 2"},{"floor":12,"key":"Kunai"}],"event_choices":[{"event_name":"World of Goop","player_choice":"Left","floor":3,"damage_taken":0},{"event_name":"Golden Idol","player_choice":"Take Wound","floor":5,"damage_taken":0},{"event_name":"WeMeetAgain","player_choice":"Potion","floor":19,"damage_taken":0},{"event_name":"Drug Dealer","player_choice":"Ignored","floor":21,"damage_taken":0}],"is_beta":false,"boss_relics":[{"not_picked":["Runic Dome","Coffee Dripper"],"picked":"Tiny House"}],"items_purged_floors":[11],"is_endless":false,"potions_floor_spawned":[4,6,13,16],"killed_by":"Snake Plant","ascension_level":0}