{"gold_per_floor":[113,113,113,113,182,208,208,227,227,143,156,170,248,259,259,364,364,381,431,166,234,284,284,300,314,391,409,439,439,455,139,139,242,242,252,315,334,334],"floor_reached":38,"playtime":2280,"items_purged":["Doubt","Shame"],"score":450,"play_id":"fb62717d-5477-42a4-8c16-cad98ac93b15","local_time":"20190217135017","is_ascension_mode":false,"campfire_choices":[{"floor":7,"key":"REST"},{"data":"Inflame","floor":15,"key":"SMITH"},{"data":"Limit Break","floor":23,"key":"SMITH"},{"data":"Perfected Strike","floor":29,"key":"SMITH"},{"floor":32,"key":"REST"}],"neow_cost":"NONE","seed_source_timestamp":69035345687781,"circlet_count":0,"master_deck":["Strike_R","Strike_R","Strike_R","Strike_R","Strike_R","Defend_R","Defend_R","Defend_R","Defend_R","Bash","Armaments+1","Twin Strike","Uppercut","Perfected Strike","Inflame+1","Heavy Blade","Flex","Twin Strike","Cleave","Perfected Strike+1","Rupture","Reaper","Injury","Limit Break+1","Metallicize","Intimidate","Anger+1","Armaments","Infernal Blade","Cleave","Pommel Strike","Double Tap","Flex","Metallicize","Double Tap","Perfected Strike+1","Shrug It Off+1","Armaments"],"relics":["Sozu","SsserpentHead","Meat on the Bone","Matryoshka","Odd Mushroom","Calling Bell","Anchor","Letter Opener","Bird Faced Urn","Pen Nib","Champion Belt","PreservedInsect","Bottled Flame","Bag of Preparation","Runic Pyramid"],"potions_floor_usage":[],"damage_taken":[{"damage":6,"enemies":"Jaw Worm","floor":1,"turns":3},{"damage":6,"enemies":"Small Slimes","floor":5,"turns":2},{"damage":31,"enemies":"3 Sentries","floor":6,"turns":10},{"damage":0,"enemies":"Cultist","floor":8,"turns":2},{"damage":13,"enemies":"Lots of Slimes","floor":11,"turns":3},{"damage":9,"enemies":"Blue Slaver","floor":12,"turns":3},{"damage":13,"enemies":"The Mushroom Lair","floor":13,"turns":3},{"damage":2,"enemies":"Large Slime","floor":14,"turns":3},{"damage":42,"enemies":"The Guardian","floor":16,"turns":6},{"damage":23,"enemies":"2 Thieves","floor":18,"turns":4},{"damage":7,"enemies":"Spheric Guardian","floor":21,"turns":3},{"damage":21,"enemies":"Snake Plant","floor":24,"turns":4},{"damage":33,"enemies":"Shelled Parasite and Fungi","floor":25,"turns":5},{"damage":24,"enemies":"Cultist and Chosen","floor":27,"turns":6},{"damage":22,"enemies":"Slavers","floor":28,"turns":5},{"damage":0,"enemies":"Centurion and Healer","floor":30,"turns":3},{"damage":52,"enemies":"Collector","floor":33,"turns":9},{"damage":0,"enemies":"Orb Walker","floor":35,"turns":2},{"damage":35,"enemies":"3 Shapes","floor":36,"turns":3},{"damage":32,"enemies":"Spire Growth","floor":37,"turns":3},{"damage":29,"enemies":"Jaw Worm Horde","floor":38,"turns":2}],"seed_played":"8155710041973426248","potions_obtained":[],"is_trial":false,"path_per_floor":["M","?","?","?","M","E","R","M","T","$","M","M","?","M","R","B",null,"M","?","$","M","?","R","M","M","T","M","E","R","M","$","R","B",null,"M","M","M","M"],"character_chosen":"IRONCLAD","items_purchased":["Inflame","Heavy Blade","Flex","Metallicize","Pen Nib","Double Tap","Flex","Metallicize"],"campfire_rested":2,"item_purchase_floors":[10,10,10,20,20,31,31,31],"current_hp_per_floor":[74,74,74,74,68,37,61,61,61,61,48,51,50,48,48,18,80,61,61,61,58,58,58,49,32,32,40,34,34,46,46,70,50,80,80,45,29,0],"gold":334,"neow_bonus":"BOSS_RELIC","is_prod":false,"is_daily":false,"chose_seed":false,"campfire_upgraded":3,"win_rate":0.0,"timestamp":1550433017,"path_taken":["M","?","?","?","?","E","R","M","T","?","M","M","?","M","R","BOSS","M","?","$","?","?","R","M","M","T","M","E","R","M","?","R","BOSS","M","?","M","M"],"build_version":"2019-01-23","purchased_purges":2,"victory":false,"max_hp_per_floor":[80,80,80,80,80,80,80,80,80,80,80,80,80,80,80,80,80,80,80,80,80,80,80,80,80,80,80,80,80,80,80,80,80,80,80,80,80,80],"card_choices":[{"not_picked":["Twin Strike","Cleave"],"picked":"Armaments","floor":1},{"not_picked":["Headbutt","Thunderclap"],"picked":"Twin Strike","floor":5},{"not_picked":["Ghostly Armor","Blood for Blood"],"picked":"Uppercut","floor":6},{"not_picked":["Disarm","Searing Blow"],"picked":"Perfected Strike","floor":8},{"not_picked":["Ghostly Armor","Shrug It Off"],"picked":"Twin Strike","floor":11},{"not_picked":["Ghostly Armor","Thunderclap"],"picked":"Cleave","floor":12},{"not_picked":["Heavy Blade","Clothesline"],"picked":"Perfected Strike","floor":13},{"not_picked":["True Grit","Body Slam"],"picked":"Rupture","floor":14},{"not_picked":["Impervious","Dark Embrace"],"picked":"Reaper","floor":16},{"not_picked":["Thunderclap","Whirlwind"],"picked":"Limit Break","floor":18},{"not_picked":["Shockwave","Sword Boomerang"],"picked":"Intimidate","floor":21},{"not_picked":["Armaments+1","Shrug It Off"],"picked":"Anger+1","floor":24},{"not_picked":["Clothesline","Intimidate+1"],"picked":"Armaments","floor":25},{"not_picked":["Blood for Blood","True Grit"],"picked":"Infernal Blade","floor":27},{"not_picked":["Clothesline","Juggernaut"],"picked":"Cleave","floor":28},{"not_picked":["Combust","Fire Breathing"],"picked":"Pommel Strike","floor":30},{"not_picked":["Impervious","Fiend Fire"],"picked":"Double Tap","floor":33},{"not_picked":["Bloodletting+1","Pommel Strike"],"picked":"Perfected Strike+1","floor":35},{"not_picked":["True Grit+1","Heavy Blade+1"],"picked":"Shrug It Off+1","floor":36},{"not_picked":["Shrug It Off+1","Rupture"],"picked":"Armaments","floor":37}],"player_experience":12922,"relics_obtained":[{"floor":6,"key":"Meat on the Bone"},{"floor":9,"key":"Matryoshka"},{"floor":13,"key":"Odd Mushroom"},{"floor":17,"key":"Anchor"},{"floor":17,"key":"Letter Opener"},{"floor":17,"key":"Bird Faced Urn"},{"floor":26,"key":"PreservedInsect"},{"floor":26,"key":"Bottled Flame"},{"floor":28,"key":"Bag of Preparation"}],"event_choices":[{"damage_healed":0,"gold_gain":0,"player_choice":"Grow","damage_taken":0,"max_hp_gain":0,"max_hp_loss":0,"event_name":"Living Wall","floor":2,"gold_loss":0,"cards_upgraded":["Armaments"]},{"damage_healed":0,"gold_gain":0,"player_choice":"Leave","damage_taken":0,"max_hp_gain":0,"max_hp_loss":0,"event_name":"The Cleric","floor":3,"gold_loss":0},{"damage_healed":0,"gold_gain":0,"player_choice":"Trade","damage_taken":0,"relics_obtained":["SsserpentHead"],"max_hp_gain":0,"max_hp_loss":0,"event_name":"FaceTrader","floor":4,"gold_loss":0},{"damage_healed":0,"gold_gain":0,"player_choice":"Fought Mushrooms","damage_taken":0,"max_hp_gain":0,"max_hp_loss":0,"event_name":"Mushrooms","floor":13,"gold_loss":0},{"damage_healed":0,"gold_gain":0,"player_choice":"Got Potions","damage_taken":0,"max_hp_gain":0,"max_hp_loss":0,"event_name":"Lab","floor":19,"gold_loss":0},{"damage_healed":0,"gold_gain":0,"player_choice":"Opened","damage_taken":0,"relics_obtained":["Champion Belt"],"max_hp_gain":0,"max_hp_loss":0,"event_name":"The Mausoleum","floor":22,"gold_loss":0}],"is_beta":false,"boss_relics":[{"not_picked":["Cursed Key","Empty Cage"],"picked":"Calling Bell"},{"not_picked":["Tiny House","Mark of Pain"],"picked":"Runic Pyramid"}],"items_purged_floors":[20,31],"is_endless":false,"potions_floor_spawned":[5,11,12,13,14,18,21,27,28,36],"killed_by":"Jaw Worm Horde","ascension_level":0}