{"gold_per_floor":[112,112,62,62,62,97,117,131,156,156,174,174,255,272,272,272],"floor_reached":16,"playtime":537,"items_purged":[],"score":110,"play_id":"1752e493-7cc2-4d64-bab3-53b11b99add9","local_time":"20180723022115","is_ascension_mode":true,"campfire_choices":[{"floor":10,"key":"REST"},{"floor":15,"key":"REST"}],"neow_cost":"NONE","seed_source_timestamp":961123293730318,"circlet_count":0,"master_deck":["Strike_B","Strike_B","Strike_B","Defend_B","Defend_B","Defend_B","Zap+1","Dualcast","Steam","Gash","Steam"],"relics":["Philosopher\u0027s Stone","Bag of Marbles","Frozen Egg 2","Art of War","Pear"],"potions_floor_usage":[16,16],"damage_taken":[{"damage":4,"enemies":"Small Slimes","floor":1,"turns":3},{"damage":45,"enemies":"3 Sentries","floor":6,"turns":9},{"damage":0,"enemies":"Cultist","floor":7,"turns":3},{"damage":3,"enemies":"Jaw Worm","floor":8,"turns":2},{"damage":13,"enemies":"Exordium Wildlife","floor":11,"turns":4},{"damage":2,"enemies":"Looter","floor":14,"turns":3},{"damage":64,"enemies":"Slime Boss","floor":16,"turns":8}],"seed_played":"7695788352507310741","potions_obtained":[{"floor":7,"key":"FearPotion"},{"floor":8,"key":"Energy Potion"},{"floor":14,"key":"Poison Potion"}],"is_trial":false,"path_per_floor":["M","?","?","?","$","E","M","M","T","R","M","?","T","M","R"],"character_chosen":"DEFECT","items_purchased":[],"campfire_rested":2,"item_purchase_floors":[],"current_hp_per_floor":[71,71,71,53,53,8,8,5,5,27,14,14,24,22,47,0],"gold":272,"neow_bonus":"BOSS_RELIC","is_prod":false,"is_daily":false,"chose_seed":false,"campfire_upgraded":0,"win_rate":0,"timestamp":1532305275,"path_taken":["M","?","?","?","$","E","?","M","T","R","M","?","?","M","R","BOSS"],"build_version":"2018-07-19v2","purchased_purges":0,"victory":false,"max_hp_per_floor":[75,75,75,75,75,75,75,75,75,75,75,75,85,85,85,85],"card_choices":[{"not_picked":["Barrage","Stack","Loop"],"picked":"SKIP","floor":1},{"not_picked":["Coolheaded","Skim"],"picked":"Steam","floor":6},{"not_picked":["Coolheaded","Hyperbeam"],"picked":"Gash","floor":7},{"not_picked":["Loop+1","Chill","Go for the Eyes"],"picked":"SKIP","floor":8},{"not_picked":["Chaos","Streamline"],"picked":"Steam","floor":11},{"not_picked":["Cold Snap","Redo","Streamline"],"picked":"SKIP","floor":14}],"player_experience":319784,"relics_obtained":[{"floor":6,"key":"Frozen Egg 2"},{"floor":9,"key":"Art of War"},{"floor":13,"key":"Pear"}],"event_choices":[{"event_name":"Living Wall","player_choice":"Forget","floor":2,"damage_taken":0},{"event_name":"The Cleric","player_choice":"Card Removal","floor":3,"damage_taken":0},{"event_name":"Scrap Ooze","player_choice":"success","floor":4,"damage_taken":18},{"event_name":"Accursed Blacksmith","player_choice":"Forge","floor":12,"damage_taken":0}],"is_beta":false,"boss_relics":[],"items_purged_floors":[],"is_endless":false,"potions_floor_spawned":[7,8,14],"killed_by":"Slime Boss","ascension_level":2}