{"path_per_floor":["M","$","M","?","M","R","M","E","T","?","?","M","R","?","R","B",null,"M","M","?","M","$","E","R","M","T","R","?","$","?","M","R","B",null,"M","M","?","M","$","R","M"],"character_chosen":"DEFECT","items_purchased":["Matryoshka","Rainbow","Coolheaded","Bandage Up","Bandage Up"],"gold_per_floor":[359,29,48,48,62,62,76,111,111,76,133,149,149,324,324,428,428,447,457,457,476,181,208,208,227,307,307,222,130,130,144,144,239,239,257,271,271,283,56,56,76,76],"floor_reached":42,"campfire_rested":3,"playtime":1541,"current_hp_per_floor":[74,74,67,67,56,56,50,34,34,52,48,39,61,61,61,57,75,55,45,29,9,9,9,31,31,31,53,53,53,53,60,60,26,75,75,69,60,47,47,47,46,0],"items_purged":["Injury","Doubt","Doubt"],"gold":76,"score":468,"play_id":"ad63281f-8fa8-4ad7-89e7-0e87000148e7","local_time":"20180505203709","is_prod":false,"is_daily":false,"chose_seed":false,"is_ascension_mode":false,"campfire_upgraded":4,"timestamp":1525567029,"path_taken":["M","$","M","?","M","R","M","E","T","?","?","M","R","?","R","BOSS","M","M","?","M","$","E","R","?","T","R","?","$","?","M","R","BOSS","M","M","?","M","$","R","M","M"],"build_version":"2018-05-03","seed_source_timestamp":1083065084168458,"purchased_purges":3,"victory":false,"master_deck":["Strike_B","Strike_B","Strike_B","Strike_B","Defend_B","Defend_B","Defend_B","Defend_B","Zap+1","Dualcast","Ball Lightning","Ball Lightning+1","Defragment+1","Beam Cell","Thunder Strike","Impulse","Sweeping Beam","Conserve Battery","Rainbow+1","Coolheaded","Consume+1","Bandage Up","Rainbow+1","Clumsy","Clumsy","Leap+1","Chaos+1","Madness","Madness","Skim","Bandage Up"],"max_hp_per_floor":[75,75,75,75,75,75,75,75,75,75,75,75,75,75,75,75,75,75,75,75,75,75,75,75,75,75,75,75,75,75,75,75,75,75,75,75,75,75,75,75,75,75],"relics":["Cracked Core","Matryoshka","Orichalcum","Mummified Hand","Shuriken","Ice Cream","Sozu","Enchiridion","Bag of Preparation","Juzu Bracelet","Meat on the Bone","Pen Nib","Calling Bell","Lantern","Toolbox","Girya"],"card_choices":[{"not_picked":["Heatsinks","Streamline"],"picked":"Ball Lightning","floor":3},{"not_picked":["Rebound","Sweeping Beam"],"picked":"Ball Lightning","floor":5},{"not_picked":["Heatsinks","Darkness"],"picked":"Defragment","floor":8},{"not_picked":["Stack","White Noise"],"picked":"Beam Cell","floor":12},{"not_picked":["Prime","Nova"],"picked":"Thunder Strike","floor":16},{"not_picked":["Coolheaded","Beam Cell"],"picked":"Impulse","floor":18},{"not_picked":["Recycle","Skim"],"picked":"Sweeping Beam","floor":19},{"not_picked":["Leap","Go for the Eyes"],"picked":"Conserve Battery","floor":21},{"not_picked":["Reinforced Body","Go for the Eyes"],"picked":"Consume","floor":25},{"not_picked":["Hyperbeam","Thunder Strike"],"picked":"Rainbow","floor":33},{"not_picked":["Cold Snap","Storm"],"picked":"Leap","floor":35},{"not_picked":["Axe Kick","Heatsinks"],"picked":"Chaos","floor":36},{"not_picked":["Stack","Echo Form"],"picked":"Skim","floor":38}],"player_experience":46380,"potions_floor_usage":[8,16,21,23],"damage_taken":[{"damage":1,"enemies":"2 Louse","floor":1,"turns":3},{"damage":7,"enemies":"Small Slimes","floor":3,"turns":3},{"damage":11,"enemies":"Jaw Worm","floor":5,"turns":2},{"damage":6,"enemies":"Exordium Thugs","floor":7,"turns":4},{"damage":16,"enemies":"Lagavulin","floor":8,"turns":4},{"damage":4,"enemies":"Gremlin Nob","floor":11,"turns":3},{"damage":9,"enemies":"Blue Slaver","floor":12,"turns":3},{"damage":4,"enemies":"Slime Boss","floor":16,"turns":6},{"damage":20,"enemies":"2 Thieves","floor":18,"turns":3},{"damage":10,"enemies":"Chosen","floor":19,"turns":3},{"damage":20,"enemies":"Centurion and Healer","floor":21,"turns":3},{"damage":0,"enemies":"Gremlin Leader","floor":23,"turns":6},{"damage":0,"enemies":"Cultist and Chosen","floor":25,"turns":3},{"damage":0,"enemies":"Snecko","floor":31,"turns":3},{"damage":50,"enemies":"Champ","floor":33,"turns":8},{"damage":3,"enemies":"3 Shapes","floor":35,"turns":3},{"damage":10,"enemies":"3 Darklings","floor":36,"turns":5},{"damage":17,"enemies":"4 Shapes","floor":38,"turns":3},{"damage":28,"enemies":"Spire Growth","floor":41,"turns":6},{"damage":54,"enemies":"3 Darklings","floor":42,"turns":4}],"event_choices":[{"event_name":"Living Wall","player_choice":"Grow","floor":4,"damage_taken":0},{"event_name":"The Cleric","player_choice":"Healed","floor":10,"damage_taken":0},{"event_name":"Dead Adventurer","player_choice":"Searched \u00271\u0027 times","floor":11,"damage_taken":0},{"event_name":"Liars Game","player_choice":"agreed","floor":14,"damage_taken":0},{"event_name":"Cursed Tome","player_choice":"Obtained Book","floor":20,"damage_taken":0},{"event_name":"Addict","player_choice":"Obtained Relic","floor":28,"damage_taken":0},{"event_name":"Ghosts","player_choice":"Ignored","floor":30,"damage_taken":0},{"event_name":"Winding Halls","player_choice":"Embrace Madness","floor":37,"damage_taken":0}],"boss_relics":[{"not_picked":["Philosopher\u0027s Stone","Astrolabe"],"picked":"Sozu"},{"not_picked":["Runic Dome","Orrery"],"picked":"Calling Bell"}],"potions_floor_spawned":[5,8,11,11,18,21,23,36],"seed_played":"1145209003126093535","killed_by":"3 Darklings","ascension_level":0,"is_trial":false}