{"gold_per_floor":[114,131,148,223,223,256,181,193,193,93,43,43,56,56,56,158,158,170,187,202,214,89,89,105,105,129,129,149,149,160,171,171,171],"floor_reached":33,"playtime":1531,"items_purged":["Strike_R","Defend_R","Defend_R"],"score":251,"play_id":"906dd793-3978-4993-8ee2-350ef3896cf8","local_time":"20190413230102","is_ascension_mode":false,"campfire_choices":[{"data":"Bash","floor":12,"key":"SMITH"},{"data":"Anger","floor":15,"key":"SMITH"},{"floor":23,"key":"REST"},{"data":"Impervious","floor":25,"key":"SMITH"},{"floor":32,"key":"REST"}],"neow_cost":"NONE","seed_source_timestamp":264242893762000,"circlet_count":0,"master_deck":["Strike_R","Strike_R","Defend_R","Defend_R","Bash+1","Seeing Red","Warcry","Anger+1","Impervious+1","Second Wind","Evolve"],"relics":["Burning Blood","Lantern","Letter Opener","Shuriken","StoneCalendar","Lizard Tail","Boot"],"potions_floor_usage":[6,18,27,31,33],"damage_taken":[{"damage":6,"enemies":"Cultist","floor":1,"turns":4},{"damage":0,"enemies":"Small Slimes","floor":2,"turns":2},{"damage":2,"enemies":"2 Louse","floor":3,"turns":2},{"damage":13,"enemies":"Gremlin Nob","floor":6,"turns":4},{"damage":11,"enemies":"Blue Slaver","floor":8,"turns":4},{"damage":15,"enemies":"Exordium Thugs","floor":13,"turns":3},{"damage":11,"enemies":"Slime Boss","floor":16,"turns":7},{"damage":14,"enemies":"Shell Parasite","floor":18,"turns":5},{"damage":0,"enemies":"Chosen","floor":19,"turns":4},{"damage":21,"enemies":"Centurion and Healer","floor":20,"turns":5},{"damage":28,"enemies":"Shelled Parasite and Fungi","floor":21,"turns":5},{"damage":20,"enemies":"Snecko","floor":24,"turns":5},{"damage":11,"enemies":"Colosseum Slavers","floor":27,"turns":3},{"damage":0,"enemies":"Centurion and Healer","floor":28,"turns":5},{"damage":39,"enemies":"Shelled Parasite and Fungi","floor":30,"turns":5},{"damage":33,"enemies":"Sentry and Sphere","floor":31,"turns":7},{"damage":67,"enemies":"Champ","floor":33,"turns":9}],"seed_played":"7285500178836410257","potions_obtained":[{"floor":1,"key":"PowerPotion"},{"floor":8,"key":"Energy Potion"},{"floor":16,"key":"SpeedPotion"},{"floor":19,"key":"Fire Potion"},{"floor":21,"key":"LiquidBronze"},{"floor":31,"key":"Explosive Potion"}],"is_trial":false,"path_per_floor":["M","M","M","T","?","E","$","M","T","$","?","R","M","$","R","B",null,"M","M","M","M","$","R","M","R","T","?","M","$","M","M","R","B"],"character_chosen":"IRONCLAD","items_purchased":[],"campfire_rested":2,"item_purchase_floors":[],"current_hp_per_floor":[80,80,80,80,73,66,66,61,61,61,61,61,52,52,52,47,80,72,78,63,41,41,65,51,51,51,46,52,52,19,39,63,0],"gold":171,"neow_bonus":"RANDOM_COMMON_RELIC","is_prod":false,"is_daily":false,"chose_seed":false,"campfire_upgraded":3,"win_rate":0,"timestamp":1555210862,"path_taken":["M","M","M","?","?","E","$","M","T","$","?","R","M","?","R","BOSS","M","M","M","M","$","R","M","R","T","?","M","$","M","M","R","BOSS"],"build_version":"2019-01-23","purchased_purges":3,"victory":false,"max_hp_per_floor":[80,80,80,80,80,80,80,80,80,80,80,80,80,80,80,80,80,80,80,80,80,80,80,80,80,80,80,80,80,80,80,80,80],"card_choices":[{"not_picked":["Headbutt","Entrench"],"picked":"Seeing Red","floor":1},{"not_picked":["Dual Wield","Iron Wave"],"picked":"Warcry","floor":2},{"not_picked":["Intimidate","Iron Wave","Clothesline"],"picked":"SKIP","floor":3},{"not_picked":["Shrug It Off","Warcry","Spot Weakness"],"picked":"SKIP","floor":6},{"not_picked":["Warcry","Heavy Blade"],"picked":"Anger","floor":8},{"not_picked":["Sever Soul","Perfected Strike","Feel No Pain"],"picked":"SKIP","floor":13},{"not_picked":["Wild Strike","Clothesline","Perfected Strike"],"picked":"SKIP","floor":18},{"not_picked":["Headbutt","Flex+1","Clothesline"],"picked":"SKIP","floor":19},{"not_picked":["Shockwave+1","Carnage","Pommel Strike+1"],"picked":"SKIP","floor":20},{"not_picked":["Warcry","True Grit+1","Uppercut"],"picked":"SKIP","floor":21},{"not_picked":["Perfected Strike","Heavy Blade+1"],"picked":"Impervious","floor":24},{"not_picked":["Rupture+1","Burning Pact","Intimidate"],"picked":"SKIP","floor":28},{"not_picked":["Perfected Strike+1","Sword Boomerang+1"],"picked":"Second Wind","floor":30},{"not_picked":["Searing Blow","Entrench"],"picked":"Evolve","floor":31}],"player_experience":332243,"relics_obtained":[{"floor":4,"key":"Letter Opener"},{"floor":6,"key":"Shuriken"},{"floor":9,"key":"StoneCalendar"},{"floor":26,"key":"Boot"}],"event_choices":[{"cards_removed":["Strike_R"],"damage_healed":0,"gold_gain":0,"player_choice":"Card Removal","damage_taken":7,"max_hp_gain":0,"max_hp_loss":0,"event_name":"Golden Wing","floor":5,"gold_loss":0},{"cards_removed":["Strike_R"],"damage_healed":0,"gold_gain":0,"player_choice":"Card Removal","damage_taken":0,"max_hp_gain":0,"max_hp_loss":0,"event_name":"The Cleric","floor":11,"gold_loss":50},{"damage_healed":0,"gold_gain":0,"player_choice":"Fight","damage_taken":0,"max_hp_gain":0,"max_hp_loss":0,"event_name":"Colosseum","floor":27,"gold_loss":0},{"damage_healed":0,"gold_gain":0,"player_choice":"Fled From Nobs","damage_taken":0,"max_hp_gain":0,"max_hp_loss":0,"event_name":"Colosseum","floor":27,"gold_loss":0}],"is_beta":false,"boss_relics":[{"not_picked":["Philosopher\u0027s Stone","Coffee Dripper"],"picked":"Lizard Tail"}],"items_purged_floors":[7,10,22],"is_endless":false,"potions_floor_spawned":[1,8,16,19,21,27,31],"killed_by":"Champ","ascension_level":0}