{"gold_per_floor":[210,210,22,122,159,190,228,246,273,238,238,238,238,289,289,418,418,431,346,30,50,50,50,113,212,212,271,284,19,19],"floor_reached":30,"playtime":1408,"items_purged":["Injury"],"score":254,"play_id":"3a62581a-9de5-47bf-822e-4912c48987c1","local_time":"20190318111752","is_ascension_mode":false,"campfire_choices":[{"floor":12,"key":"REST"},{"floor":15,"key":"REST"},{"floor":23,"key":"REST"}],"neow_cost":"NONE","seed_source_timestamp":440311680347495,"circlet_count":0,"master_deck":["Defend_G+1","Defend_G","Defend_G","Defend_G","Defend_G","Strike_G","Strike_G","Strike_G","Strike_G","Strike_G","Survivor+1","Neutralize","Heel Hook","HandOfGreed","Caltrops","Noxious Fumes","Dash","Tactician","Escape Plan","After Image","Poisoned Stab","Corpse Explosion","Finisher+1","Infinite Blades","After Image","Prepared+1","Flying Knee","Caltrops","Acrobatics+1","Quick Slash","Die Die Die","Metamorphosis+1"],"relics":["Ring of the Snake","Ancient Tea Set","Dream Catcher","Boot","Golden Idol","Darkstone Periapt","Busted Crown","Toxic Egg 2","DollysMirror","Enchiridion","Red Mask","Letter Opener","Bag of Preparation"],"potions_floor_usage":[6,16,16,27],"damage_taken":[{"damage":6,"enemies":"Jaw Worm","floor":1,"turns":5},{"damage":0,"enemies":"Small Slimes","floor":5,"turns":4},{"damage":31,"enemies":"3 Sentries","floor":6,"turns":8},{"damage":0,"enemies":"Cultist","floor":7,"turns":5},{"damage":0,"enemies":"Looter","floor":8,"turns":3},{"damage":15,"enemies":"Lagavulin","floor":14,"turns":7},{"damage":28,"enemies":"Hexaghost","floor":16,"turns":10},{"damage":15,"enemies":"Spheric Guardian","floor":18,"turns":6},{"damage":9,"enemies":"Chosen","floor":21,"turns":6},{"damage":16,"enemies":"Masked Bandits","floor":24,"turns":3},{"damage":8,"enemies":"Book of Stabbing","floor":27,"turns":5},{"damage":10,"enemies":"Snake Plant","floor":28,"turns":4},{"damage":23,"enemies":"Snecko","floor":30,"turns":3}],"seed_played":"5888498318843188768","potions_obtained":[{"floor":1,"key":"SpeedPotion"},{"floor":8,"key":"SpeedPotion"},{"floor":14,"key":"Strength Potion"},{"floor":18,"key":"SkillPotion"},{"floor":28,"key":"Strength Potion"}],"is_trial":false,"path_per_floor":["M","?","$","?","M","E","M","M","T","?","?","R","?","E","R","B",null,"M","?","$","M","?","R","?","?","T","E","M","$","M"],"character_chosen":"THE_SILENT","items_purchased":["HandOfGreed","Infinite Blades","DollysMirror","Die Die Die","Metamorphosis+1"],"campfire_rested":3,"item_purchase_floors":[3,20,20,29,29],"current_hp_per_floor":[64,39,39,39,39,8,8,8,8,25,11,32,32,17,38,10,70,55,55,55,46,30,51,35,35,35,27,17,17,0],"gold":19,"neow_bonus":"HUNDRED_GOLD","is_prod":false,"is_daily":false,"chose_seed":false,"campfire_upgraded":0,"win_rate":0.0,"timestamp":1552933072,"path_taken":["M","?","$","?","M","E","M","?","T","?","?","R","?","E","R","BOSS","M","?","$","M","?","R","?","?","T","E","?","$","M"],"build_version":"2019-01-23","purchased_purges":1,"victory":false,"max_hp_per_floor":[70,70,70,70,70,70,70,70,70,70,70,70,70,70,70,70,70,70,70,70,70,70,70,70,70,70,70,70,70,70],"card_choices":[{"not_picked":["Blur","Blade Dance"],"picked":"Heel Hook","floor":1},{"not_picked":["Underhanded Strike","Dodge and Roll"],"picked":"Caltrops","floor":5},{"not_picked":["Underhanded Strike","Reflex"],"picked":"Noxious Fumes","floor":6},{"not_picked":["Poisoned Stab","Prepared"],"picked":"Dash","floor":7},{"not_picked":["Expertise","PiercingWail"],"picked":"Tactician","floor":8},{"not_picked":["Deflect","Masterful Stab"],"picked":"Escape Plan","floor":12},{"not_picked":["Dodge and Roll","Choke"],"picked":"After Image","floor":14},{"not_picked":["PiercingWail","Cloak And Dagger"],"picked":"Poisoned Stab","floor":15},{"not_picked":["Die Die Die","Storm of Steel"],"picked":"Corpse Explosion","floor":16},{"not_picked":[],"picked":"Finisher+1","floor":18},{"not_picked":[],"picked":"Prepared+1","floor":21},{"not_picked":[],"picked":"Flying Knee","floor":23},{"not_picked":[],"picked":"Caltrops","floor":24},{"not_picked":[],"picked":"Acrobatics+1","floor":27},{"not_picked":[],"picked":"Quick Slash","floor":28}],"player_experience":276668,"relics_obtained":[{"floor":6,"key":"Dream Catcher"},{"floor":9,"key":"Boot"},{"floor":14,"key":"Darkstone Periapt"},{"floor":22,"key":"Enchiridion"},{"floor":24,"key":"Red Mask"},{"floor":26,"key":"Letter Opener"},{"floor":27,"key":"Bag of Preparation"}],"event_choices":[{"damage_healed":0,"gold_gain":0,"player_choice":"Success","damage_taken":25,"relics_obtained":["Ancient Tea Set"],"max_hp_gain":0,"max_hp_loss":0,"event_name":"Scrap Ooze","floor":2,"gold_loss":0},{"damage_healed":0,"gold_gain":100,"player_choice":"Gold","damage_taken":0,"max_hp_gain":0,"max_hp_loss":0,"event_name":"Wheel of Change","floor":4,"gold_loss":0},{"damage_healed":17,"gold_gain":0,"player_choice":"Healed","damage_taken":0,"max_hp_gain":0,"max_hp_loss":0,"event_name":"The Cleric","floor":10,"gold_loss":35},{"damage_healed":0,"gold_gain":0,"player_choice":"Entered Light","damage_taken":14,"max_hp_gain":0,"max_hp_loss":0,"event_name":"Shining Light","floor":11,"gold_loss":0,"cards_upgraded":["Survivor","Defend_G"]},{"damage_healed":0,"gold_gain":0,"player_choice":"Take Wound","damage_taken":0,"relics_obtained":["Golden Idol"],"max_hp_gain":0,"max_hp_loss":0,"event_name":"Golden Idol","floor":13,"gold_loss":0,"cards_obtained":["Injury"]},{"damage_healed":0,"gold_gain":0,"player_choice":"Obtained Relic","damage_taken":0,"relics_obtained":["Toxic Egg 2"],"max_hp_gain":0,"max_hp_loss":0,"event_name":"Addict","floor":19,"gold_loss":85},{"damage_healed":0,"gold_gain":0,"player_choice":"Obtained Book","damage_taken":16,"max_hp_gain":0,"max_hp_loss":0,"event_name":"Cursed Tome","floor":22,"gold_loss":0},{"damage_healed":0,"gold_gain":0,"player_choice":"Fought Bandits","damage_taken":0,"max_hp_gain":0,"max_hp_loss":0,"event_name":"Masked Bandits","floor":24,"gold_loss":0},{"damage_healed":0,"gold_gain":99,"player_choice":"Stole From Cult","damage_taken":0,"max_hp_gain":0,"max_hp_loss":0,"event_name":"Nest","floor":25,"gold_loss":0}],"is_beta":false,"boss_relics":[{"not_picked":["Runic Dome","Ectoplasm"],"picked":"Busted Crown"}],"items_purged_floors":[20],"is_endless":false,"potions_floor_spawned":[1,8,14,18,28],"killed_by":"Snecko","ascension_level":0}