{"gold_per_floor":[218,218,237,111,127,127,167,181,206,274,298,298,339,360,360,458,458,472,503,503,482,496,496,411,411,411,445,465,465,104,122,122,220,220,244,244,294,314,333,369,381,436,475,511,542,567,28,28],"floor_reached":48,"playtime":2774,"items_purged":["Strike_B","Defend_B","Defend_B"],"score":1198,"play_id":"dd7f7603-b63f-4450-89ed-e7301a138af1","local_time":"20190406012023","is_ascension_mode":true,"campfire_choices":[{"data":"Defragment","floor":6.0,"key":"SMITH"},{"floor":12.0,"key":"REST"},{"data":"Defragment","floor":15.0,"key":"SMITH"},{"floor":23.0,"key":"REST"},{"floor":29.0,"key":"REST"},{"data":"Fusion","floor":32.0,"key":"SMITH"},{"floor":41.0,"key":"REST"}],"neow_cost":"NONE","seed_source_timestamp":0,"circlet_count":0,"master_deck":["AscendersBane","Defend_B+1","Zap","Dualcast","Coolheaded","Defragment+1","Turbo","Recycle","Core Surge","Coolheaded","Defragment+1","White Noise+1","All For One","BootSequence+1","Compile Driver+1","Creative AI+1","Conserve Battery","Gash+1","Heatsinks","Capacitor","Coolheaded","Fusion+1","Capacitor","Echo Form","Sunder+1","Tempest","Biased Cognition","Compile Driver+1","Coolheaded","Blizzard"],"special_seed":0,"relics":["Cracked Core","Golden Idol","Oddly Smooth Stone","Regal Pillow","Boot","Astrolabe","Red Mask","War Paint","Incense Burner","Unceasing Top","TheAbacus","Nuclear Battery","MawBank","Blue Candle","Ice Cream"],"potions_floor_usage":[],"damage_taken":[{"damage":3.0,"enemies":"2 Louse","floor":1.0,"turns":2.0},{"damage":5.0,"enemies":"Jaw Worm","floor":3.0,"turns":5.0},{"damage":0.0,"enemies":"Cultist","floor":5.0,"turns":4.0},{"damage":38.0,"enemies":"3 Sentries","floor":7.0,"turns":11.0},{"damage":13.0,"enemies":"Blue Slaver","floor":8.0,"turns":3.0},{"damage":4.0,"enemies":"Lots of Slimes","floor":11.0,"turns":3.0},{"damage":10.0,"enemies":"Lagavulin","floor":13.0,"turns":9.0},{"damage":7.0,"enemies":"Large Slime","floor":14.0,"turns":5.0},{"damage":32.0,"enemies":"The Guardian","floor":16.0,"turns":14.0},{"damage":18.0,"enemies":"3 Byrds","floor":18.0,"turns":6.0},{"damage":21.0,"enemies":"Masked Bandits","floor":19.0,"turns":6.0},{"damage":6.0,"enemies":"2 Thieves","floor":21.0,"turns":4.0},{"damage":4.0,"enemies":"3 Cultists","floor":22.0,"turns":6.0},{"damage":32.0,"enemies":"Gremlin Leader","floor":27.0,"turns":10.0},{"damage":0.0,"enemies":"Snake Plant","floor":28.0,"turns":6.0},{"damage":0.0,"enemies":"Chosen and Byrds","floor":31.0,"turns":6.0},{"damage":6.0,"enemies":"Champ","floor":33.0,"turns":13.0},{"damage":9.0,"enemies":"Orb Walker","floor":35.0,"turns":5.0},{"damage":19.0,"enemies":"3 Shapes","floor":38.0,"turns":5.0},{"damage":8.0,"enemies":"Transient","floor":39.0,"turns":6.0},{"damage":18.0,"enemies":"Nemesis","floor":40.0,"turns":13.0},{"damage":0.0,"enemies":"Giant Head","floor":42.0,"turns":7.0},{"damage":8.0,"enemies":"Writhing Mass","floor":44.0,"turns":7.0},{"damage":11.0,"enemies":"Sphere and 2 Shapes","floor":45.0,"turns":4.0},{"damage":0.0,"enemies":"Maw","floor":46.0,"turns":7.0},{"damage":10,"enemies":"Reptomancer","floor":48,"turns":3}],"seed_played":"9174555239424185837","potions_obtained":[{"floor":5.0,"key":"Fire Potion"},{"floor":11.0,"key":"Swift Potion"},{"floor":13.0,"key":"FairyPotion"},{"floor":14.0,"key":"EssenceOfSteel"},{"floor":16.0,"key":"Swift Potion"},{"floor":19.0,"key":"PowerPotion"},{"floor":21.0,"key":"Swift Potion"},{"floor":27.0,"key":"LiquidBronze"},{"floor":38.0,"key":"PowerPotion"},{"floor":39.0,"key":"Swift Potion"},{"floor":40.0,"key":"LiquidBronze"},{"floor":42.0,"key":"Regen Potion"}],"is_trial":false,"path_per_floor":["M","?","M","$","M","R","E","M","T","?","M","R","E","M","R","B",null,"M","?","?","M","M","R","?","?","T","E","M","R","$","M","R","B",null,"M","?","?","M","M","E","R","E","T","M","M","M","$","E"],"character_chosen":"DEFECT","items_purchased":["Turbo","Fusion","TheAbacus","Blizzard","Ice Cream"],"campfire_rested":4,"item_purchase_floors":[4,30,30,47,47],"current_hp_per_floor":[61,61,56,56,56,56,18,5,5,5,1,35,25,18,18,6,50,32,11,11,5,1,35,35,35,35,3,3,37,37,37,37,31,56,47,47,47,28,20,2,36,36,36,28,26,26,26,16],"gold":28,"neow_bonus":"HUNDRED_GOLD","is_prod":false,"is_daily":false,"chose_seed":false,"campfire_upgraded":3,"win_rate":0,"timestamp":1554484823,"path_taken":["M","?","M","$","M","R","E","M","T","?","?","R","E","M","R","BOSS","M","?","?","M","?","R","?","?","T","E","M","R","$","M","R","BOSS","M","?","?","?","M","E","R","E","T","M","M","M","$","E"],"build_version":"2019-01-23","purchased_purges":3,"victory":false,"max_hp_per_floor":[71,64,64,64,64,64,64,64,64,64,64,64,64,64,64,64,64,64,64,64,64,64,64,64,64,64,64,64,64,64,64,64,64,64,64,64,64,64,64,64,64,64,64,64,64,64,64,64],"card_choices":[{"not_picked":["Beam Cell","Barrage"],"picked":"Coolheaded","floor":1.0},{"not_picked":["Cold Snap","Beam Cell"],"picked":"Defragment","floor":3.0},{"not_picked":["Ball Lightning","Buffer"],"picked":"Recycle","floor":5.0},{"not_picked":["Cold Snap","Aggregate"],"picked":"Core Surge","floor":7.0},{"not_picked":["Streamline","Stack"],"picked":"Coolheaded","floor":8.0},{"not_picked":["Redo","Cold Snap"],"picked":"Defragment","floor":11.0},{"not_picked":["Turbo","Go for the Eyes","Stack"],"picked":"SKIP","floor":13.0},{"not_picked":["Barrage","Static Discharge"],"picked":"White Noise","floor":14.0},{"not_picked":["Fission","Buffer"],"picked":"All For One","floor":16.0},{"not_picked":["Beam Cell","Recycle"],"picked":"Conserve Battery","floor":18.0},{"not_picked":["Melter","Redo"],"picked":"Gash+1","floor":19.0},{"not_picked":["Beam Cell","Go for the Eyes","Thunder Strike"],"picked":"SKIP","floor":21.0},{"not_picked":["Cold Snap","Storm"],"picked":"Heatsinks","floor":22.0},{"not_picked":["Rebound","Conserve Battery","Barrage"],"picked":"SKIP","floor":27.0},{"not_picked":["Redo","Rebound"],"picked":"Coolheaded","floor":28.0},{"not_picked":["Sweeping Beam","Lockon"],"picked":"Capacitor","floor":31.0},{"not_picked":["Biased Cognition","Hyperbeam"],"picked":"Echo Form","floor":33.0},{"not_picked":["Storm","Conserve Battery","Stack"],"picked":"SKIP","floor":35.0},{"not_picked":["Lockon","Ball Lightning"],"picked":"Sunder+1","floor":38.0},{"not_picked":["Gash+1","Conserve Battery+1"],"picked":"Tempest","floor":39.0},{"not_picked":["Go for the Eyes","Stack","Streamline"],"picked":"SKIP","floor":40.0},{"not_picked":["Defragment+1","Genetic Algorithm"],"picked":"Biased Cognition","floor":42.0},{"not_picked":["Darkness","Doom and Gloom"],"picked":"Compile Driver+1","floor":44.0},{"not_picked":["Rebound","Stack"],"picked":"Coolheaded","floor":45.0},{"not_picked":["Cold Snap+1","Barrage","Ball Lightning"],"picked":"SKIP","floor":46.0}],"player_experience":1339142,"relics_obtained":[{"floor":7.0,"key":"Oddly Smooth Stone"},{"floor":9.0,"key":"Regal Pillow"},{"floor":13.0,"key":"Boot"},{"floor":19.0,"key":"Red Mask"},{"floor":26.0,"key":"Incense Burner"},{"floor":27.0,"key":"Unceasing Top"},{"floor":40.0,"key":"MawBank"},{"floor":42.0,"key":"Blue Candle"}],"event_choices":[{"damage_healed":0.0,"max_hp_gain":0.0,"max_hp_loss":7.0,"gold_gain":0.0,"event_name":"Golden Idol","player_choice":"Lose Max HP","floor":2.0,"gold_loss":0.0,"damage_taken":0.0,"relics_obtained":["Golden Idol"]},{"damage_healed":0.0,"max_hp_gain":0.0,"max_hp_loss":0.0,"gold_gain":68.0,"event_name":"Golden Wing","player_choice":"Gained Gold","floor":10.0,"gold_loss":0.0,"damage_taken":0.0},{"damage_healed":0.0,"max_hp_gain":0.0,"max_hp_loss":0.0,"gold_gain":0.0,"event_name":"Masked Bandits","player_choice":"Fought Bandits","floor":19.0,"gold_loss":0.0,"damage_taken":0.0},{"cards_removed":["Defend_B"],"damage_healed":0.0,"max_hp_gain":0.0,"max_hp_loss":0.0,"gold_gain":0.0,"event_name":"Purifier","player_choice":"Purged","floor":20.0,"gold_loss":0.0,"damage_taken":0.0},{"damage_healed":0.0,"max_hp_gain":0.0,"max_hp_loss":0.0,"gold_gain":0.0,"event_name":"Addict","player_choice":"Obtained Relic","floor":24.0,"gold_loss":85.0,"damage_taken":0.0,"relics_obtained":["War Paint"]},{"damage_healed":0.0,"max_hp_gain":0.0,"max_hp_loss":0.0,"gold_gain":0.0,"event_name":"The Library","player_choice":"Read","floor":25.0,"gold_loss":0.0,"damage_taken":0.0,"cards_obtained":["Capacitor"]},{"damage_healed":0.0,"max_hp_gain":0.0,"max_hp_loss":0.0,"gold_gain":0.0,"event_name":"Mysterious Sphere","player_choice":"Ignored","floor":36.0,"gold_loss":0.0,"damage_taken":0.0},{"damage_healed":0.0,"max_hp_gain":0.0,"max_hp_loss":0.0,"gold_gain":50.0,"event_name":"Golden Shrine","player_choice":"Pray","floor":37.0,"gold_loss":0.0,"damage_taken":0.0}],"is_beta":false,"boss_relics":[{"not_picked":["Snecko Eye","Runic Dome"],"picked":"Astrolabe"},{"not_picked":["Pandora\u0027s Box","Eternal Feather"],"picked":"Nuclear Battery"}],"items_purged_floors":[4,30,47],"is_endless":false,"potions_floor_spawned":[5,11,13,14,16,19,21,27,38,39,40,42],"killed_by":"Reptomancer","ascension_level":20}