{"gold_per_floor":[16,30,47,47,47,47,71,71,71,71,54,78,78,78],"floor_reached":14,"playtime":329,"items_purged":[],"score":115,"play_id":"505adad6-2704-4a39-b5df-6f1e02a101b8","local_time":"20190417122454","is_ascension_mode":true,"campfire_choices":[{"data":"Body Slam","floor":6,"key":"SMITH"},{"data":"Entrench","floor":8,"key":"SMITH"},{"data":"Defend_R","floor":10,"key":"SMITH"}],"neow_cost":"NO_GOLD","seed_source_timestamp":533125875011800,"circlet_count":0,"master_deck":["Strike_R","Strike_R","Strike_R","Strike_R","Strike_R","Defend_R+1","Defend_R","Defend_R","Defend_R","Bash","Barricade","Entrench+1","Body Slam+1","Shrug It Off"],"relics":["Burning Blood","Golden Idol","StoneCalendar"],"potions_floor_usage":[],"damage_taken":[{"damage":10,"enemies":"Small Slimes","floor":1,"turns":4},{"damage":19,"enemies":"Jaw Worm","floor":2,"turns":5},{"damage":6,"enemies":"2 Louse","floor":3,"turns":3},{"damage":7,"enemies":"Looter","floor":7,"turns":4},{"damage":24,"enemies":"Exordium Thugs","floor":11,"turns":4},{"damage":6,"enemies":"3 Louse","floor":12,"turns":4},{"damage":0,"enemies":"3 Sentries","floor":14,"turns":1}],"seed_played":"537562209123819824","potions_obtained":[{"floor":1,"key":"Swift Potion"},{"floor":11,"key":"Block Potion"},{"floor":12,"key":"SkillPotion"}],"is_trial":false,"path_per_floor":["M","M","M","?","?","R","M","R","T","R","M","M","?","E"],"character_chosen":"IRONCLAD","items_purchased":[],"campfire_rested":0,"item_purchase_floors":[],"current_hp_per_floor":[68,55,55,55,35,35,34,34,34,34,16,16,4,4],"gold":78,"neow_bonus":"THREE_RARE_CARDS","is_prod":false,"is_daily":false,"chose_seed":false,"campfire_upgraded":3,"win_rate":0,"timestamp":1555475094,"path_taken":["M","M","M","?","?","R","M","R","T","R","M","?","?","E"],"build_version":"2019-01-23","purchased_purges":0,"victory":false,"max_hp_per_floor":[80,80,80,80,80,80,80,80,80,80,80,80,80,80],"card_choices":[{"not_picked":["Reaper","Berserk"],"picked":"Barricade","floor":0},{"not_picked":["Searing Blow","Heavy Blade"],"picked":"Entrench","floor":1},{"not_picked":["Burning Pact","Twin Strike","Sever Soul"],"picked":"SKIP","floor":2},{"not_picked":["Burning Pact","Twin Strike","Sever Soul"],"picked":"SKIP","floor":2},{"not_picked":["Hemokinesis","Rampage"],"picked":"Body Slam","floor":3},{"not_picked":["Sever Soul","Rampage","Armaments"],"picked":"SKIP","floor":7},{"not_picked":["Hemokinesis","Body Slam"],"picked":"Shrug It Off","floor":11},{"not_picked":["Body Slam","Whirlwind","Pummel"],"picked":"SKIP","floor":12}],"player_experience":506710,"relics_obtained":[{"floor":9,"key":"StoneCalendar"}],"event_choices":[{"damage_healed":0,"gold_gain":0,"player_choice":"Ignored","damage_taken":0,"max_hp_gain":0,"max_hp_loss":0,"event_name":"Liars Game","floor":4,"gold_loss":0},{"damage_healed":0,"gold_gain":0,"player_choice":"Take Damage","damage_taken":20,"relics_obtained":["Golden Idol"],"max_hp_gain":0,"max_hp_loss":0,"event_name":"Golden Idol","floor":5,"gold_loss":0},{"damage_healed":0,"gold_gain":0,"player_choice":"Fled","damage_taken":12,"max_hp_gain":0,"max_hp_loss":0,"event_name":"Scrap Ooze","floor":13,"gold_loss":0}],"is_beta":false,"boss_relics":[],"items_purged_floors":[],"is_endless":false,"potions_floor_spawned":[1,11,12],"killed_by":"3 Sentries","ascension_level":8}