{"gold_per_floor":[115,130,130,130,142,173,185,208,266,278,300,324,336,368,380,493,505,534,564,491,503,36,36],"floor_reached":23,"playtime":1822,"items_purged":[],"score":193,"play_id":"9378c8a3-3fa7-4dea-baff-fc8d28fde427","local_time":"20181230050144","is_ascension_mode":false,"campfire_choices":[{"floor":7,"key":"REST"},{"data":"Self Repair","floor":10,"key":"SMITH"},{"data":"Defragment","floor":15,"key":"SMITH"}],"neow_cost":"NONE","seed_source_timestamp":135976888249165,"circlet_count":0,"master_deck":["Strike_B","Strike_B","Strike_B","Strike_B","Defend_B","Defend_B","Defend_B","Defend_B","Zap","Dualcast","Streamline","Ball Lightning+1","Reinforced Body+1","Self Repair+1","Leap+1","Conserve Battery+1","Coolheaded+1","Defragment+1","Meteor Strike","Defragment","Static Discharge+1","Glacier+1"],"relics":["Cracked Core","Toxic Egg 2","MawBank","Omamori","Runic Pyramid","Mummified Hand","Pantograph","Ancient Tea Set"],"potions_floor_usage":[16,19,23,23],"damage_taken":[{"damage":2,"enemies":"2 Louse","floor":1,"turns":3},{"damage":0,"enemies":"Small Slimes","floor":2,"turns":2},{"damage":1,"enemies":"Cultist","floor":5,"turns":3},{"damage":30,"enemies":"3 Sentries","floor":6,"turns":6},{"damage":22,"enemies":"Large Slime","floor":8,"turns":6},{"damage":8,"enemies":"Red Slaver","floor":11,"turns":3},{"damage":5,"enemies":"Looter","floor":12,"turns":3},{"damage":0,"enemies":"Blue Slaver","floor":14,"turns":3},{"damage":8,"enemies":"Slime Boss","floor":16,"turns":9},{"damage":15,"enemies":"Shell Parasite","floor":18,"turns":6},{"damage":33,"enemies":"3 Byrds","floor":19,"turns":6},{"damage":82,"enemies":"Gremlin Leader","floor":23,"turns":12}],"seed_played":"420859328241679456","potions_obtained":[{"floor":2,"key":"SteroidPotion"},{"floor":6,"key":"Poison Potion"},{"floor":14,"key":"FocusPotion"},{"floor":18,"key":"Fruit Juice"},{"floor":19,"key":"Regen Potion"}],"is_trial":false,"path_per_floor":["M","M","?","?","M","E","R","M","T","R","M","M","?","M","R","B",null,"M","M","?","?","$","E"],"character_chosen":"DEFECT","items_purchased":["Pantograph","Ancient Tea Set","Glacier+1"],"campfire_rested":1,"item_purchase_floors":[22,22,22],"current_hp_per_floor":[80,80,77,77,76,46,70,55,55,55,57,62,62,72,72,64,82,77,59,59,59,59,0],"gold":36,"neow_bonus":"TEN_PERCENT_HP_BONUS","is_prod":false,"is_daily":false,"chose_seed":false,"campfire_upgraded":2,"win_rate":0.0,"timestamp":1546174904,"path_taken":["M","M","?","?","M","E","R","M","T","R","?","M","?","M","R","BOSS","M","M","?","?","?","E"],"build_version":"2018-12-20","purchased_purges":0,"victory":false,"max_hp_per_floor":[82,82,82,82,82,82,82,82,82,82,82,82,82,82,82,82,82,82,87,87,87,87,87],"card_choices":[{"not_picked":["Auto Shields","Go for the Eyes"],"picked":"Streamline","floor":1},{"not_picked":["Streamline","Conserve Battery"],"picked":"Ball Lightning","floor":2},{"not_picked":["Gash","Force Field+1"],"picked":"Reinforced Body+1","floor":5},{"not_picked":["Multi-Cast+1","Storm"],"picked":"Self Repair","floor":6},{"not_picked":["Tempest+1","Streamline"],"picked":"Leap+1","floor":8},{"not_picked":["Gash","Leap+1"],"picked":"Conserve Battery+1","floor":11},{"not_picked":["Leap+1","Rebound"],"picked":"Coolheaded+1","floor":12},{"not_picked":["Loop","Go for the Eyes"],"picked":"Defragment","floor":14},{"not_picked":["Biased Cognition","Fission+1"],"picked":"Meteor Strike","floor":16},{"not_picked":["Cold Snap+1","Turbo+1"],"picked":"Defragment","floor":18},{"not_picked":["Aggregate+1","Sweeping Beam+1"],"picked":"Static Discharge+1","floor":19}],"player_experience":162291,"relics_obtained":[{"floor":6,"key":"MawBank"},{"floor":9,"key":"Omamori"}],"event_choices":[{"damage_healed":0,"gold_gain":0,"player_choice":"Success","damage_taken":3,"relics_obtained":["Toxic Egg 2"],"max_hp_gain":0,"max_hp_loss":0,"event_name":"Scrap Ooze","floor":3,"gold_loss":0},{"damage_healed":0,"gold_gain":0,"player_choice":"Bought 0 Potions","damage_taken":0,"max_hp_gain":0,"max_hp_loss":0,"event_name":"The Woman in Blue","floor":4,"gold_loss":0},{"damage_healed":0,"gold_gain":0,"player_choice":"Forge","damage_taken":0,"max_hp_gain":0,"max_hp_loss":0,"event_name":"Accursed Blacksmith","floor":13,"gold_loss":0,"cards_upgraded":["Ball Lightning"]},{"damage_healed":0,"gold_gain":0,"player_choice":"Obtained Relic","damage_taken":0,"relics_obtained":["Mummified Hand"],"max_hp_gain":0,"max_hp_loss":0,"event_name":"Addict","floor":20,"gold_loss":85},{"damage_healed":0,"gold_gain":0,"player_choice":"Ignored","damage_taken":0,"max_hp_gain":0,"max_hp_loss":0,"event_name":"Ghosts","floor":21,"gold_loss":0}],"is_beta":false,"boss_relics":[{"not_picked":["Fusion Hammer","Lizard Tail"],"picked":"Runic Pyramid"}],"items_purged_floors":[],"is_endless":false,"potions_floor_spawned":[2,6,14,18,19],"killed_by":"Gremlin Leader","ascension_level":0}