{"gold_per_floor":[18,18,33,46,46,46,56,56,56,56,21,21,47,59,59,138,138,153,153,23,23,23,55,55,23,23,23],"floor_reached":27,"playtime":776,"items_purged":["Writhe"],"score":454,"play_id":"0451d965-901e-4c2b-bec8-f8871c5347ba","local_time":"20190425211724","is_ascension_mode":true,"campfire_choices":[{"data":"Zap","floor":6,"key":"SMITH"},{"data":"White Noise","floor":8,"key":"SMITH"},{"data":"Coolheaded","floor":10,"key":"SMITH"},{"data":"Go for the Eyes","floor":12,"key":"SMITH"},{"data":"Creative AI","floor":15,"key":"SMITH"},{"floor":24,"key":"REST"}],"neow_cost":"NO_GOLD","seed_source_timestamp":199607791279254,"circlet_count":0,"master_deck":["AscendersBane","Strike_B","Strike_B","Defend_B","Defend_B","Defend_B","Zap+1","Dualcast","White Noise+1","Skim","Go for the Eyes+1","Cold Snap","Cold Snap","Coolheaded+1","Creative AI+1","Electrodynamics","Storm","Decay","Force Field"],"relics":["Cracked Core","The Courier","Bottled Lightning","Lizard Tail","Anchor","Incense Burner","Molten Egg 2"],"potions_floor_usage":[23,23],"damage_taken":[{"damage":11,"enemies":"Jaw Worm","floor":1,"turns":4},{"damage":1,"enemies":"Cultist","floor":3,"turns":3},{"damage":6,"enemies":"2 Louse","floor":4,"turns":3},{"damage":9,"enemies":"2 Fungi Beasts","floor":7,"turns":3},{"damage":10,"enemies":"Gremlin Nob","floor":13,"turns":4},{"damage":3,"enemies":"Looter","floor":14,"turns":2},{"damage":18,"enemies":"Hexaghost","floor":16,"turns":10},{"damage":23,"enemies":"Spheric Guardian","floor":18,"turns":5},{"damage":37,"enemies":"Slavers","floor":23,"turns":3},{"damage":67,"enemies":"Book of Stabbing","floor":27,"turns":7}],"seed_played":"-1670646411036643438","potions_obtained":[{"floor":7,"key":"Regen Potion"},{"floor":13,"key":"SpeedPotion"},{"floor":18,"key":"Swift Potion"}],"is_trial":false,"path_per_floor":["M","$","M","M","?","R","M","R","T","R","?","R","E","M","R","B",null,"M","?","$","?","?","E","R","$","T","E"],"character_chosen":"DEFECT","items_purchased":["Storm","Force Field"],"campfire_rested":1,"item_purchase_floors":[20,25],"current_hp_per_floor":[53,53,52,46,46,46,37,37,37,37,54,54,44,41,41,23,59,36,36,36,36,36,8,29,29,29,0],"gold":23,"neow_bonus":"TRANSFORM_TWO_CARDS","is_prod":false,"is_daily":false,"chose_seed":false,"campfire_upgraded":5,"win_rate":0,"timestamp":1556241444,"path_taken":["M","$","M","M","?","R","?","R","T","R","?","R","E","M","R","BOSS","M","?","$","?","?","E","R","$","T","E"],"build_version":"2019-01-23","purchased_purges":1,"victory":false,"max_hp_per_floor":[71,71,71,71,71,71,71,71,71,71,71,71,71,71,71,71,71,71,71,71,71,71,71,71,71,71,71],"card_choices":[{"not_picked":["Turbo","Leap"],"picked":"Go for the Eyes","floor":1},{"not_picked":["BootSequence","Hologram"],"picked":"Cold Snap","floor":3},{"not_picked":["Reprogram","Steam Power"],"picked":"Cold Snap","floor":4},{"not_picked":["Turbo","Gash"],"picked":"Coolheaded","floor":7},{"not_picked":["Ball Lightning","Turbo"],"picked":"Creative AI","floor":13},{"not_picked":["Conserve Battery","Leap","Turbo"],"picked":"SKIP","floor":14},{"not_picked":["Seek","Buffer"],"picked":"Electrodynamics","floor":16},{"not_picked":["Sunder","Steam","Aggregate"],"picked":"SKIP","floor":18},{"not_picked":["Leap","Compile Driver","Rebound"],"picked":"SKIP","floor":23}],"player_experience":928767,"relics_obtained":[{"floor":9,"key":"The Courier"},{"floor":13,"key":"Bottled Lightning"},{"floor":23,"key":"Incense Burner"},{"floor":26,"key":"Molten Egg 2"}],"event_choices":[{"cards_removed":["Defend_B"],"damage_healed":0,"gold_gain":0,"player_choice":"Purged","damage_taken":0,"max_hp_gain":0,"max_hp_loss":0,"event_name":"Purifier","floor":5,"gold_loss":0},{"damage_healed":17,"gold_gain":0,"player_choice":"Healed","damage_taken":0,"max_hp_gain":0,"max_hp_loss":0,"event_name":"The Cleric","floor":11,"gold_loss":35},{"damage_healed":0,"gold_gain":0,"player_choice":"Opened","damage_taken":0,"relics_obtained":["Anchor"],"max_hp_gain":0,"max_hp_loss":0,"event_name":"The Mausoleum","floor":19,"gold_loss":0,"cards_obtained":["Writhe"]},{"damage_healed":0,"gold_gain":0,"player_choice":"Smashed Altar","damage_taken":0,"max_hp_gain":0,"max_hp_loss":0,"event_name":"Forgotten Altar","floor":21,"gold_loss":0,"cards_obtained":["Decay"]},{"damage_healed":0,"gold_gain":0,"player_choice":"Ignored","damage_taken":0,"max_hp_gain":0,"max_hp_loss":0,"event_name":"Beggar","floor":22,"gold_loss":0}],"is_beta":false,"boss_relics":[{"not_picked":["Philosopher\u0027s Stone","FrozenCore"],"picked":"Lizard Tail"}],"items_purged_floors":[20],"is_endless":false,"potions_floor_spawned":[7,13,14,18],"killed_by":"Book of Stabbing","ascension_level":20}