{"gold_per_floor":[112,127,52,52,9,9,35,57,57,70,103,103,116,133,133,133],"floor_reached":16,"playtime":406,"items_purged":[],"score":220,"play_id":"4fb06150-4b45-4923-836a-60a0843545e3","local_time":"20190207112445","is_ascension_mode":true,"campfire_choices":[{"data":"Electrodynamics","floor":6,"key":"SMITH"},{"floor":15,"key":"REST"}],"neow_cost":"CURSE","seed_source_timestamp":231937424370604,"circlet_count":0,"master_deck":["AscendersBane","Strike_B","Strike_B","Strike_B","Strike_B","Defend_B","Defend_B","Defend_B","Defend_B","Zap","Dualcast","Electrodynamics+1","Turbo","Sweeping Beam","Melter","Conserve Battery","Glacier","Cold Snap","Chill"],"relics":["Cracked Core","Mango","Odd Mushroom","Shuriken","Singing Bowl"],"potions_floor_usage":[11,16],"damage_taken":[{"damage":0,"enemies":"2 Louse","floor":1,"turns":2},{"damage":8,"enemies":"Small Slimes","floor":2,"turns":2},{"damage":30,"enemies":"Lagavulin","floor":7,"turns":5},{"damage":13,"enemies":"The Mushroom Lair","floor":8,"turns":3},{"damage":0,"enemies":"Cultist","floor":10,"turns":2},{"damage":9,"enemies":"Gremlin Nob","floor":11,"turns":3},{"damage":5,"enemies":"Exordium Wildlife","floor":13,"turns":2},{"damage":2,"enemies":"Red Slaver","floor":14,"turns":3},{"damage":45,"enemies":"Hexaghost","floor":16,"turns":9}],"seed_played":"4430969481661328103","potions_obtained":[{"floor":7,"key":"Block Potion"},{"floor":8,"key":"GamblersBrew"},{"floor":10,"key":"Strength Potion"},{"floor":14,"key":"AttackPotion"}],"is_trial":false,"path_per_floor":["M","M","?","?","$","R","E","?","T","M","E","$","M","M","R","B"],"character_chosen":"DEFECT","items_purchased":["Melter"],"campfire_rested":1,"item_purchase_floors":[5],"current_hp_per_floor":[64,56,56,56,56,56,40,27,27,27,18,18,15,15,41,0],"gold":133,"neow_bonus":"THREE_RARE_CARDS","is_prod":false,"is_daily":false,"chose_seed":false,"campfire_upgraded":1,"win_rate":0,"timestamp":1549556685,"path_taken":["M","M","?","?","$","R","E","?","T","M","E","$","M","M","R","BOSS"],"build_version":"2019-01-23","purchased_purges":0,"victory":false,"max_hp_per_floor":[71,71,71,71,71,71,85,85,85,85,85,85,87,89,89,89],"card_choices":[{"not_picked":["Machine Learning","Multi-Cast"],"picked":"Electrodynamics","floor":0},{"not_picked":["Rebound","Streamline"],"picked":"Turbo","floor":1},{"not_picked":["Stack","Aggregate"],"picked":"Sweeping Beam","floor":2},{"not_picked":["Streamline","Aggregate"],"picked":"Conserve Battery","floor":7},{"not_picked":["Cold Snap","Go for the Eyes"],"picked":"Glacier","floor":8},{"not_picked":["Rebound","Stack"],"picked":"Cold Snap","floor":10},{"not_picked":["All For One","Hologram"],"picked":"Chill","floor":11},{"not_picked":["FTL","Barrage","Gash"],"picked":"Singing Bowl","floor":13},{"not_picked":["Cold Snap","Recycle","Blizzard"],"picked":"Singing Bowl","floor":14}],"player_experience":832866,"relics_obtained":[{"floor":7,"key":"Mango"},{"floor":8,"key":"Odd Mushroom"},{"floor":9,"key":"Shuriken"},{"floor":11,"key":"Singing Bowl"}],"event_choices":[{"cards_removed":["Clumsy"],"damage_healed":0,"gold_gain":0,"player_choice":"Card Removal","damage_taken":0,"max_hp_gain":0,"max_hp_loss":0,"event_name":"The Cleric","floor":3,"gold_loss":75},{"damage_healed":0,"gold_gain":0,"player_choice":"Ignored","damage_taken":0,"max_hp_gain":0,"max_hp_loss":0,"event_name":"Shining Light","floor":4,"gold_loss":0},{"damage_healed":0,"gold_gain":0,"player_choice":"Fought Mushrooms","damage_taken":0,"max_hp_gain":0,"max_hp_loss":0,"event_name":"Mushrooms","floor":8,"gold_loss":0}],"is_beta":false,"boss_relics":[],"items_purged_floors":[],"is_endless":false,"potions_floor_spawned":[7,8,10,14],"killed_by":"Hexaghost","ascension_level":20}