{"gold_per_floor":[113,128,128,145,157,192,192,204,227,227,243,243,129,141,141,239,239,256,244,41,56,56],"floor_reached":22,"playtime":1404,"items_purged":["Regret"],"score":304,"play_id":"583ea27c-601a-4699-a534-2af135f69be3","local_time":"20190504203112","is_ascension_mode":true,"campfire_choices":[{"floor":7,"key":"REST"},{"floor":15,"key":"REST"}],"neow_cost":"NONE","seed_source_timestamp":945108777596500,"circlet_count":0,"master_deck":["AscendersBane","Defend_G","Defend_G","Defend_G+1","Defend_G","Defend_G","Strike_G","Strike_G","Strike_G","Strike_G","Strike_G","Survivor","Neutralize+1","Masterful Stab","PiercingWail","Blur","Dagger Spray","Poisoned Stab","Footwork","Infinite Blades","Dodge and Roll"],"relics":["Busted Crown","Happy Flower","Vajra","Boot","Sozu","Dream Catcher"],"potions_floor_usage":[6,6,16],"damage_taken":[{"damage":2,"enemies":"2 Louse","floor":1,"turns":3},{"damage":1,"enemies":"Jaw Worm","floor":2,"turns":4},{"damage":3,"enemies":"Small Slimes","floor":4,"turns":4},{"damage":5,"enemies":"3 Louse","floor":5,"turns":5},{"damage":39,"enemies":"Gremlin Nob","floor":6,"turns":7},{"damage":2,"enemies":"2 Fungi Beasts","floor":8,"turns":5},{"damage":2,"enemies":"Exordium Wildlife","floor":11,"turns":3},{"damage":6,"enemies":"Lots of Slimes","floor":14,"turns":4},{"damage":19,"enemies":"The Guardian","floor":16,"turns":14},{"damage":17,"enemies":"Spheric Guardian","floor":18,"turns":5},{"damage":5,"enemies":"2 Thieves","floor":19,"turns":4},{"damage":19,"enemies":"Snake Plant","floor":21,"turns":5},{"damage":22,"enemies":"Centurion and Healer","floor":22,"turns":5}],"seed_played":"4954146632007037924","potions_obtained":[{"floor":1,"key":"GhostInAJar"},{"floor":4,"key":"PowerPotion"},{"floor":6,"key":"Strength Potion"}],"is_trial":false,"path_per_floor":["M","M","?","M","M","E","R","M","T","?","M","?","$","M","R","B",null,"M","M","$","M","M"],"character_chosen":"THE_SILENT","items_purchased":["Footwork","Dodge and Roll","Dream Catcher"],"campfire_rested":2,"item_purchase_floors":[13,20,20],"current_hp_per_floor":[61,60,60,57,52,13,34,32,32,18,16,16,16,10,31,12,56,39,34,34,15,0],"gold":56,"neow_bonus":"BOSS_RELIC","is_prod":false,"is_daily":false,"chose_seed":false,"campfire_upgraded":0,"win_rate":0,"timestamp":1557016272,"path_taken":["M","M","?","M","M","E","R","M","T","?","M","?","$","M","R","BOSS","M","M","$","M","M"],"build_version":"2019-01-23","purchased_purges":1,"victory":false,"max_hp_per_floor":[70,70,70,70,70,70,70,70,70,70,70,70,70,70,70,70,70,70,70,70,70,70],"card_choices":[{"not_picked":[],"picked":"Masterful Stab","floor":1},{"not_picked":[],"picked":"PiercingWail","floor":2},{"not_picked":[],"picked":"Blur","floor":4},{"not_picked":["Catalyst"],"picked":"SKIP","floor":5},{"not_picked":["Bane"],"picked":"SKIP","floor":6},{"not_picked":[],"picked":"Dagger Spray","floor":8},{"not_picked":[],"picked":"Poisoned Stab","floor":11},{"not_picked":[],"picked":"Infinite Blades","floor":14},{"not_picked":["Outmaneuver"],"picked":"SKIP","floor":18},{"not_picked":["Slice"],"picked":"SKIP","floor":19},{"not_picked":["Deflect"],"picked":"SKIP","floor":21}],"player_experience":416776,"relics_obtained":[{"floor":6,"key":"Vajra"},{"floor":9,"key":"Boot"}],"event_choices":[{"damage_healed":0,"gold_gain":0,"player_choice":"Box","damage_taken":0,"relics_obtained":["Happy Flower"],"max_hp_gain":0,"max_hp_loss":0,"event_name":"Big Fish","floor":3,"gold_loss":0,"cards_obtained":["Regret"]},{"damage_healed":0,"gold_gain":0,"player_choice":"Entered Light","damage_taken":14,"max_hp_gain":0,"max_hp_loss":0,"event_name":"Shining Light","floor":10,"gold_loss":0,"cards_upgraded":["Neutralize","Defend_G"]},{"damage_healed":0,"gold_gain":0,"player_choice":"Fled","damage_taken":0,"max_hp_gain":0,"max_hp_loss":0,"event_name":"Scrap Ooze","floor":12,"gold_loss":0}],"is_beta":false,"boss_relics":[{"not_picked":["WristBlade","Snecko Eye"],"picked":"Sozu"}],"items_purged_floors":[13],"is_endless":false,"potions_floor_spawned":[1,4,6,18,21],"killed_by":"Centurion and Healer","ascension_level":12}