{"gold_per_floor":[113,126,126,139,119,152,152,171,171,201,201,218,218,233,233,338,338,352,204,194,194,210,210],"floor_reached":23,"playtime":1373,"items_purged":[],"score":213,"play_id":"cbd4a61f-0b33-46f4-a1e3-c8d70b11f0d9","local_time":"20190430075219","is_ascension_mode":true,"campfire_choices":[{"floor":7,"key":"REST"},{"data":"Juggernaut","floor":11,"key":"SMITH"},{"floor":15,"key":"REST"}],"neow_cost":"NONE","seed_source_timestamp":388907380251900,"circlet_count":0,"master_deck":["Strike_R","Strike_R","Strike_R","Strike_R","Defend_R","Defend_R","Defend_R","Defend_R","Bash","Clothesline","Rage","Dropkick","Juggernaut+1","Rampage","Armaments","Double Tap","Inflame+1","Intimidate+1","Sever Soul+1","Heavy Blade","PanicButton","Shrug It Off","Body Slam","Iron Wave"],"relics":["Burning Blood","NeowsBlessing","Pantograph","Mercury Hourglass","Red Skull","Juzu Bracelet","Astrolabe"],"potions_floor_usage":[10,10,16,16,22,23],"damage_taken":[{"damage":0,"enemies":"Cultist","floor":1,"turns":1},{"damage":0,"enemies":"2 Louse","floor":2,"turns":1},{"damage":0,"enemies":"Small Slimes","floor":4,"turns":2},{"damage":34,"enemies":"Lagavulin","floor":6,"turns":8},{"damage":12,"enemies":"Red Slaver","floor":8,"turns":4},{"damage":16,"enemies":"3 Sentries","floor":10,"turns":6},{"damage":14,"enemies":"2 Fungi Beasts","floor":12,"turns":3},{"damage":6,"enemies":"Large Slime","floor":14,"turns":4},{"damage":43,"enemies":"The Guardian","floor":16,"turns":10},{"damage":19,"enemies":"Spheric Guardian","floor":18,"turns":4},{"damage":21,"enemies":"2 Thieves","floor":20,"turns":4},{"damage":20,"enemies":"Centurion and Healer","floor":22,"turns":5},{"damage":42,"enemies":"Book of Stabbing","floor":23,"turns":5}],"seed_played":"-1323216179947198042","potions_obtained":[{"floor":2,"key":"BloodPotion"},{"floor":4,"key":"GamblersBrew"},{"floor":5,"key":"EssenceOfSteel"},{"floor":6,"key":"SkillPotion"},{"floor":12,"key":"SkillPotion"},{"floor":20,"key":"PowerPotion"},{"floor":22,"key":"AttackPotion"}],"is_trial":false,"path_per_floor":["M","M","?","M","?","E","R","M","T","E","R","M","?","M","R","B",null,"M","$","M","?","M","E"],"character_chosen":"IRONCLAD","items_purchased":["PanicButton","Shrug It Off"],"campfire_rested":2,"item_purchase_floors":[19,19],"current_hp_per_floor":[80,80,80,80,80,52,76,70,70,68,68,60,42,42,66,43,80,67,67,52,52,38,0],"gold":210,"neow_bonus":"THREE_ENEMY_KILL","is_prod":false,"is_daily":false,"chose_seed":false,"campfire_upgraded":1,"win_rate":0,"timestamp":1556625139,"path_taken":["M","?","?","M","?","E","R","M","T","E","R","?","?","M","R","BOSS","M","$","M","?","M","E"],"build_version":"2019-01-23","purchased_purges":0,"victory":false,"max_hp_per_floor":[80,80,80,80,80,80,80,80,80,80,80,80,80,80,80,80,80,80,80,80,80,80,80],"card_choices":[{"not_picked":["Wild Strike","Shrug It Off"],"picked":"Clothesline","floor":1},{"not_picked":["Corruption","Thunderclap"],"picked":"Rage","floor":2},{"not_picked":["Warcry","Armaments"],"picked":"Dropkick","floor":4},{"not_picked":["Infernal Blade","Carnage"],"picked":"Juggernaut","floor":6},{"not_picked":["Reckless Charge","Anger"],"picked":"Second Wind","floor":8},{"not_picked":["Iron Wave","Body Slam"],"picked":"Rampage","floor":10},{"not_picked":["Warcry","Berserk"],"picked":"Armaments","floor":12},{"not_picked":["Warcry","Sword Boomerang"],"picked":"Body Slam","floor":14},{"not_picked":["Berserk","Fiend Fire"],"picked":"Double Tap","floor":16},{"not_picked":["Pommel Strike","Flex+1"],"picked":"Heavy Blade","floor":18},{"not_picked":["Pommel Strike","Dark Embrace"],"picked":"Body Slam","floor":20},{"not_picked":["Body Slam+1","Anger"],"picked":"Iron Wave","floor":22}],"player_experience":37559,"relics_obtained":[{"floor":6,"key":"Pantograph"},{"floor":9,"key":"Mercury Hourglass"},{"floor":10,"key":"Red Skull"}],"event_choices":[{"damage_healed":0,"gold_gain":0,"player_choice":"Ignored","damage_taken":0,"max_hp_gain":0,"max_hp_loss":0,"event_name":"Liars Game","floor":3,"gold_loss":0},{"damage_healed":0,"gold_gain":0,"player_choice":"Bought 1 Potion","damage_taken":0,"max_hp_gain":0,"max_hp_loss":0,"event_name":"The Woman in Blue","floor":5,"gold_loss":0},{"damage_healed":0,"gold_gain":0,"player_choice":"Success","damage_taken":18,"relics_obtained":["Juzu Bracelet"],"max_hp_gain":0,"max_hp_loss":0,"event_name":"Scrap Ooze","floor":13,"gold_loss":0},{"damage_healed":0,"gold_gain":0,"player_choice":"Ignored","damage_taken":0,"max_hp_gain":0,"max_hp_loss":0,"event_name":"Ghosts","floor":21,"gold_loss":0}],"is_beta":false,"boss_relics":[{"not_picked":["Calling Bell","Pandora\u0027s Box"],"picked":"Astrolabe"}],"items_purged_floors":[],"is_endless":false,"potions_floor_spawned":[2,4,6,12,20,22],"killed_by":"Book of Stabbing","ascension_level":1}