{"path_per_floor":["M","M","M","?","M","R","E","R","T","R","E","M","$","E","R","B",null,"M","?","$","?","$","E","R","T","T","M","M","E","R","M","R","B",null,"M","T","T","T","?","E","R","E","T","M","M","M","E","M","R","B"],"character_chosen":"IRONCLAD","items_purchased":["Cleave","Flex"],"gold_per_floor":[17,31,48,48,64,64,90,90,169,169,197,213,213,244,244,344,344,328,355,286,286,286,316,316,316,316,334,351,385,385,397,397,493,493,506,506,556,556,556,589,589,621,689,703,714,724,753,771,771,771],"floor_reached":51,"campfire_rested":3,"playtime":2205,"item_purchase_floors":[20,20],"current_hp_per_floor":[76,82,86,86,89,89,92,92,92,92,76,76,76,78,78,7,100,89,91,91,91,91,39,72,72,72,73,51,45,81,82,82,12,125,129,129,129,129,129,108,135,133,133,135,138,139,121,117,117,60],"items_purged":[],"gold":771,"score":933,"play_id":"3b37e2e1-a74e-4422-95df-8e6144edf902","local_time":"20180606211354","is_prod":false,"is_daily":false,"chose_seed":false,"is_ascension_mode":true,"campfire_upgraded":6,"win_rate":0.0,"timestamp":1528334034,"campfire_choices":[{"data":"Flex","floor":6,"key":"SMITH"},{"data":"Rampage","floor":8,"key":"SMITH"},{"data":"Feed","floor":10,"key":"SMITH"},{"data":"Flex","floor":15,"key":"SMITH"},{"floor":24,"key":"REST"},{"floor":30,"key":"REST"},{"data":"Flex","floor":32,"key":"SMITH"},{"floor":41,"key":"REST"},{"data":"Double Tap","floor":49,"key":"SMITH"}],"path_taken":["M","M","M","?","M","R","E","R","T","R","E","M","$","E","R","BOSS","M","?","$","?","$","E","R","?","T","M","M","E","R","M","R","BOSS","M","?","?","?","?","E","R","E","T","?","?","M","E","M","R","BOSS"],"build_version":"2018-06-05","seed_source_timestamp":7237435945711,"purchased_purges":0,"victory":true,"master_deck":["Strike_R","Strike_R","Defend_R","Defend_R","Defend_R","Defend_R","Bash","Feed+1","Thunderclap","Battle Trance","Headbutt","Flex+1","Rampage+1","Flex+1","Dual Wield","Feed","Offering+1","Disarm+1","Feel No Pain+1","Shrug It Off","Iron Wave","Cleave","Flex+1","Twin Strike+1","Iron Wave+1","Offering","Heavy Blade+1","Offering","Twin Strike+1","Double Tap+1"],"max_hp_per_floor":[83,86,86,86,89,89,92,92,92,92,92,96,96,100,100,100,100,103,111,111,111,111,111,111,111,111,115,118,121,121,125,125,125,125,132,132,132,132,132,135,135,135,135,135,138,141,141,141,141,141],"relics":["Burning Blood","Centennial Puzzle","Tiny Chest","Boot","Peace Pipe","Astrolabe","Red Mask","Turnip","Blood Vial","Dream Catcher","Ancient Tea Set","Sozu","Kunai","Oddly Smooth Stone","Molten Egg 2","Happy Flower","Bag of Marbles","Smiling Mask","Shuriken"],"card_choices":[{"not_picked":["Brutality","Reaper"],"picked":"Feed","floor":0},{"not_picked":["Combust","Pommel Strike"],"picked":"Thunderclap","floor":1},{"not_picked":["Intimidate","Iron Wave"],"picked":"Battle Trance","floor":2},{"not_picked":["Pommel Strike","Sever Soul"],"picked":"Headbutt","floor":3},{"not_picked":["Clothesline","Cleave"],"picked":"Flex","floor":5},{"not_picked":["Armaments","Warcry"],"picked":"Rampage","floor":7},{"not_picked":["Pommel Strike","Power Through","Entrench"],"picked":"SKIP","floor":11},{"not_picked":["True Grit","Inflame"],"picked":"Flex","floor":12},{"not_picked":["Ghostly Armor","Pommel Strike"],"picked":"Dual Wield","floor":14},{"not_picked":["Dark Embrace","Demon Form"],"picked":"Feed","floor":16},{"not_picked":["Bloodletting","Fire Breathing+1"],"picked":"Shrug It Off","floor":18},{"not_picked":["True Grit","Second Wind"],"picked":"Iron Wave","floor":19},{"not_picked":["Metallicize","Warcry","Ghostly Armor"],"picked":"SKIP","floor":23},{"not_picked":["True Grit","Clothesline","Metallicize"],"picked":"SKIP","floor":27},{"not_picked":["Disarm","Battle Trance"],"picked":"Twin Strike+1","floor":28},{"not_picked":["Flex","Metallicize","Anger"],"picked":"SKIP","floor":29},{"not_picked":["Perfected Strike","Flex"],"picked":"Iron Wave+1","floor":31},{"not_picked":["Berserk","Barricade"],"picked":"Offering","floor":33},{"not_picked":["Warcry+1","Headbutt","Clash+1"],"picked":"SKIP","floor":35},{"not_picked":["Inflame","Clothesline+1","Dual Wield"],"picked":"SKIP","floor":40},{"not_picked":["True Grit","Perfected Strike+1"],"picked":"Heavy Blade+1","floor":42},{"not_picked":["True Grit+1","Corruption"],"picked":"Offering","floor":44},{"not_picked":["Shrug It Off","Pommel Strike+1"],"picked":"Twin Strike+1","floor":45},{"not_picked":["Sword Boomerang+1","Corruption","Disarm"],"picked":"SKIP","floor":46},{"not_picked":["Twin Strike+1","Warcry"],"picked":"Double Tap","floor":47},{"not_picked":["Dropkick+1","Shrug It Off","Rupture+1"],"picked":"SKIP","floor":48}],"player_experience":153191,"potions_floor_usage":[2,5,7,11,14,23,28,28],"damage_taken":[{"damage":13,"enemies":"Jaw Worm","floor":1,"turns":6},{"damage":3,"enemies":"2 Louse","floor":2,"turns":3},{"damage":1,"enemies":"Cultist","floor":3,"turns":4},{"damage":2,"enemies":"Large Slime","floor":5,"turns":9},{"damage":4,"enemies":"Gremlin Nob","floor":7,"turns":3},{"damage":22,"enemies":"Lagavulin","floor":11,"turns":5},{"damage":10,"enemies":"Looter","floor":12,"turns":2},{"damage":8,"enemies":"Gremlin Nob","floor":14,"turns":3},{"damage":77,"enemies":"Hexaghost","floor":16,"turns":8},{"damage":20,"enemies":"2 Thieves","floor":18,"turns":4},{"damage":12,"floor":19,"turns":4},{"damage":58,"enemies":"Book of Stabbing","floor":23,"turns":7},{"damage":11,"enemies":"Shell Parasite","floor":27,"turns":2},{"damage":33,"enemies":"Snecko","floor":28,"turns":6},{"damage":17,"enemies":"Slavers","floor":29,"turns":2},{"damage":11,"enemies":"3 Cultists","floor":31,"turns":3},{"damage":78,"enemies":"Collector","floor":33,"turns":8},{"damage":9,"enemies":"3 Shapes","floor":35,"turns":2},{"damage":32,"enemies":"2 Orb Walkers","floor":40,"turns":4},{"damage":8,"enemies":"Giant Head","floor":42,"turns":5},{"damage":4,"enemies":"3 Darklings","floor":44,"turns":1},{"damage":4,"enemies":"Spire Growth","floor":45,"turns":2},{"damage":8,"enemies":"Flame Bruiser 2 Orb","floor":46,"turns":1},{"damage":26,"enemies":"2 Orb Walkers","floor":47,"turns":2},{"damage":12,"enemies":"3 Darklings","floor":48,"turns":3},{"damage":65,"enemies":"Time Eater","floor":50,"turns":7}],"relics_obtained":[{"floor":7,"key":"Centennial Puzzle"},{"floor":9,"key":"Tiny Chest"},{"floor":11,"key":"Boot"},{"floor":14,"key":"Peace Pipe"},{"floor":19,"key":"Red Mask"},{"floor":23,"key":"Turnip"},{"floor":25,"key":"Blood Vial"},{"floor":26,"key":"Dream Catcher"},{"floor":29,"key":"Ancient Tea Set"},{"floor":36,"key":"Kunai"},{"floor":37,"key":"Oddly Smooth Stone"},{"floor":38,"key":"Molten Egg 2"},{"floor":40,"key":"Happy Flower"},{"floor":42,"key":"Bag of Marbles"},{"floor":43,"key":"Smiling Mask"},{"floor":47,"key":"Shuriken"}],"event_choices":[{"event_name":"The Cleric","player_choice":"Leave","floor":4,"damage_taken":0},{"event_name":"Masked Bandits","player_choice":"Fought over 328 gold","floor":19,"damage_taken":0},{"event_name":"The Lab","player_choice":"Got Potions","floor":21,"damage_taken":0},{"event_name":"The Woman in Blue","player_choice":"Bought 0 Potions","floor":39,"damage_taken":0}],"boss_relics":[{"not_picked":["Black Star","Snecko Eye"],"picked":"Astrolabe"},{"not_picked":["Black Blood","Runic Cube"],"picked":"Sozu"}],"items_purged_floors":[],"potions_floor_spawned":[1,3,12,14,18,23,33,40,42,47,48],"seed_played":"-6124537996986141161","ascension_level":1,"potions_obtained":[{"floor":1,"key":"EntropicBrew"},{"floor":12,"key":"FearPotion"},{"floor":14,"key":"FairyPotion"},{"floor":18,"key":"Energy Potion"},{"floor":21,"key":"SteroidPotion"},{"floor":23,"key":"AttackPotion"},{"floor":33,"key":"SteroidPotion"}],"is_trial":false}