{"gold_per_floor":[114,39,139,39,39,72,72,84,84,98,98,110,122,140,140,140],"floor_reached":16,"playtime":396,"items_purged":["Strike_R","Defend_R"],"score":128,"play_id":"7f9ff6c3-cf6a-42eb-b0ff-5483eef27c13","local_time":"20181230233524","is_ascension_mode":true,"campfire_choices":[{"data":"Whirlwind","floor":11,"key":"SMITH"},{"data":"Defend_R","floor":15,"key":"SMITH"}],"neow_cost":"TEN_PERCENT_HP_LOSS","seed_source_timestamp":187860005037700,"circlet_count":0,"master_deck":["Strike_R","Strike_R","Strike_R","Defend_R+1","Bash","Corruption","Whirlwind+1"],"relics":["Burning Blood","Meat on the Bone","Strawberry","Blood Vial"],"potions_floor_usage":[16],"damage_taken":[{"damage":0,"enemies":"Small Slimes","floor":1,"turns":3},{"damage":40,"enemies":"Gremlin Nob","floor":6,"turns":5},{"damage":6,"enemies":"Cultist","floor":8,"turns":3},{"damage":19,"enemies":"Jaw Worm","floor":10,"turns":3},{"damage":0,"enemies":"Gremlin Gang","floor":12,"turns":1},{"damage":23,"enemies":"Exordium Thugs","floor":13,"turns":3},{"damage":18,"enemies":"Exordium Wildlife","floor":14,"turns":2},{"damage":58,"enemies":"Hexaghost","floor":16,"turns":8}],"seed_played":"8312178861467086431","potions_obtained":[{"floor":6,"key":"EssenceOfSteel"},{"floor":14,"key":"SmokeBomb"}],"is_trial":false,"path_per_floor":["M","$","?","$","T","E","?","M","T","M","R","M","M","M","R","B"],"character_chosen":"IRONCLAD","items_purchased":[],"campfire_rested":0,"item_purchase_floors":[],"current_hp_per_floor":[72,72,72,72,72,57,57,57,57,46,46,54,51,53,53,0],"gold":140,"neow_bonus":"REMOVE_TWO","is_prod":false,"is_daily":false,"chose_seed":false,"campfire_upgraded":2,"win_rate":0,"timestamp":1546184124,"path_taken":["M","$","?","$","?","E","?","M","T","M","R","M","?","M","R","BOSS"],"build_version":"2018-12-20","purchased_purges":2,"victory":false,"max_hp_per_floor":[72,72,72,72,72,79,79,79,79,79,79,79,79,79,79,79],"card_choices":[{"not_picked":["Clothesline","Wild Strike"],"picked":"Corruption","floor":1},{"not_picked":["Wild Strike","Armaments","Headbutt"],"picked":"SKIP","floor":6},{"not_picked":["Burning Pact","Pommel Strike"],"picked":"Whirlwind","floor":8},{"not_picked":["Cleave","Iron Wave","Headbutt"],"picked":"SKIP","floor":10},{"not_picked":["Uppercut","Thunderclap","Anger"],"picked":"SKIP","floor":12},{"not_picked":["Second Wind","Heavy Blade","Sword Boomerang"],"picked":"SKIP","floor":13},{"not_picked":["Dark Embrace","Cleave","Disarm"],"picked":"SKIP","floor":14}],"player_experience":381159,"relics_obtained":[{"floor":5,"key":"Meat on the Bone"},{"floor":6,"key":"Strawberry"},{"floor":9,"key":"Blood Vial"}],"event_choices":[{"damage_healed":0,"gold_gain":100,"player_choice":"Pray","damage_taken":0,"max_hp_gain":0,"max_hp_loss":0,"event_name":"Golden Shrine","floor":3,"gold_loss":0},{"cards_removed":["Defend_R"],"damage_healed":0,"gold_gain":0,"player_choice":"Purged","damage_taken":0,"max_hp_gain":0,"max_hp_loss":0,"event_name":"Purifier","floor":7,"gold_loss":0}],"is_beta":false,"boss_relics":[],"items_purged_floors":[2,4],"is_endless":false,"potions_floor_spawned":[6,14],"killed_by":"Hexaghost","ascension_level":5}