{"gold_per_floor":[119,119,137,149,149,149,168,168,220,240,250,263,263,283,283,283],"floor_reached":16,"playtime":554,"items_purged":[],"score":173,"play_id":"f265e44b-b516-4570-8984-50aeea00f19c","local_time":"20181119075230","is_ascension_mode":true,"campfire_choices":[{"data":"Jack Of All Trades","floor":6.0,"key":"SMITH"},{"data":"Inflame","floor":8.0,"key":"SMITH"},{"floor":13,"key":"REST"},{"data":"Heavy Blade","floor":15,"key":"SMITH"}],"neow_cost":"TEN_PERCENT_HP_LOSS","seed_source_timestamp":0,"circlet_count":0,"master_deck":["AscendersBane","Strike_R","Strike_R","Strike_R","Strike_R","Strike_R","Defend_R","Defend_R","Defend_R","Defend_R","Bash","Jack Of All Trades+1","Apotheosis","Sword Boomerang","Inflame+1","Corruption","Disarm","Headbutt","Heavy Blade+1","Flex"],"special_seed":0,"relics":["Burning Blood","Happy Flower"],"potions_floor_usage":[14],"damage_taken":[{"damage":10.0,"enemies":"Small Slimes","floor":1.0,"turns":4.0},{"damage":6.0,"enemies":"Cultist","floor":3.0,"turns":3.0},{"damage":4.0,"enemies":"Jaw Worm","floor":4.0,"turns":3.0},{"damage":25.0,"enemies":"Lots of Slimes","floor":7.0,"turns":5.0},{"damage":27.0,"enemies":"Exordium Wildlife","floor":10.0,"turns":4.0},{"damage":18,"enemies":"Large Slime","floor":11,"turns":3},{"damage":7,"enemies":"2 Fungi Beasts","floor":12,"turns":3},{"damage":6,"enemies":"3 Louse","floor":14,"turns":4},{"damage":47,"enemies":"Slime Boss","floor":16,"turns":6}],"seed_played":"-6659441765183730905","potions_obtained":[{"floor":7.0,"key":"Swift Potion"},{"floor":12,"key":"Swift Potion"}],"is_trial":false,"path_per_floor":["M","$","M","M","?","R","M","R","T","M","M","M","R","M","R","B"],"character_chosen":"IRONCLAD","items_purchased":[],"campfire_rested":1,"item_purchase_floors":[],"current_hp_per_floor":[64,64,64,66,66,66,47,47,47,26,14,13,33,33,33,0],"gold":283,"neow_bonus":"RANDOM_COLORLESS_2","is_prod":false,"is_daily":false,"chose_seed":false,"campfire_upgraded":3,"win_rate":0,"timestamp":1542631950,"path_taken":["M","$","M","M","?","R","M","R","T","M","M","M","R","M","R","BOSS"],"build_version":"2018-11-15","purchased_purges":0,"victory":false,"max_hp_per_floor":[68,68,68,68,68,68,68,68,68,68,68,68,68,68,68,68],"card_choices":[{"not_picked":["Clash","Havoc"],"picked":"Sword Boomerang","floor":1.0},{"not_picked":["Heavy Blade","Iron Wave"],"picked":"Inflame","floor":3.0},{"not_picked":["Clash","Hemokinesis"],"picked":"Corruption","floor":4.0},{"not_picked":["Sword Boomerang","Bloodletting"],"picked":"Disarm","floor":7.0},{"not_picked":["Warcry","Corruption"],"picked":"Headbutt","floor":10.0},{"not_picked":["Twin Strike","Clothesline"],"picked":"Heavy Blade","floor":11},{"not_picked":["Body Slam","Sever Soul","Pommel Strike"],"picked":"SKIP","floor":12},{"not_picked":["Fire Breathing","Shrug It Off"],"picked":"Flex","floor":14}],"player_experience":743052,"relics_obtained":[{"floor":9.0,"key":"Happy Flower"}],"event_choices":[{"damage_healed":0.0,"max_hp_gain":0.0,"max_hp_loss":0.0,"gold_gain":0.0,"event_name":"Golden Wing","player_choice":"Ignored","floor":5.0,"gold_loss":0.0,"damage_taken":0.0}],"is_beta":false,"boss_relics":[],"items_purged_floors":[],"is_endless":false,"potions_floor_spawned":[7,12],"killed_by":"Slime Boss","ascension_level":16}