{"gold_per_floor":[218,218,232,243,243,273,273,292,292,367,397,397,415,415,415,513,513,533,332,332,347,363,363,396,396],"floor_reached":25,"playtime":1729,"items_purged":[],"score":243,"play_id":"e0728939-fbdc-4b92-aaf9-4c502654d392","local_time":"20190130223056","is_ascension_mode":true,"campfire_choices":[{"floor":7,"key":"RECALL"},{"data":"Armaments","floor":12,"key":"SMITH"},{"floor":15,"key":"REST"},{"floor":23,"key":"REST"}],"neow_cost":"NONE","seed_source_timestamp":554961762494100,"circlet_count":0,"master_deck":["Strike_R","Strike_R","Strike_R","Strike_R","Strike_R","Defend_R","Defend_R","Defend_R","Defend_R","Bash","Ghostly Armor","Rampage+1","Shockwave","Armaments+1","Pommel Strike+1","Clothesline+1","Demon Form","Heavy Blade+1","Wild Strike+1","Clothesline+1","Shrug It Off","Warcry","Heavy Blade+1","Rampage+1","Shrug It Off"],"relics":["Burning Blood","Juzu Bracelet","Molten Egg 2","Ornamental Fan","Self Forming Clay","Orrery","Strawberry","Question Card"],"potions_floor_usage":[6,16,24],"damage_taken":[{"damage":0,"enemies":"Small Slimes","floor":1,"turns":3},{"damage":1,"enemies":"Cultist","floor":3,"turns":4},{"damage":0,"enemies":"2 Louse","floor":4,"turns":3},{"damage":27,"enemies":"Gremlin Nob","floor":6,"turns":5},{"damage":0,"enemies":"Large Slime","floor":8,"turns":4},{"damage":10,"enemies":"Lagavulin","floor":11,"turns":8},{"damage":10,"enemies":"Looter","floor":13,"turns":3},{"damage":25,"enemies":"Slime Boss","floor":16,"turns":11},{"damage":28,"enemies":"Shell Parasite","floor":18,"turns":7},{"damage":20,"enemies":"Spheric Guardian","floor":21,"turns":9},{"damage":13,"enemies":"Snecko","floor":22,"turns":5},{"damage":58,"enemies":"Slavers","floor":24,"turns":10},{"damage":25,"enemies":"3 Cultists","floor":25,"turns":6}],"seed_played":"-6774605072619259294","potions_obtained":[{"floor":3,"key":"Weak Potion"},{"floor":8,"key":"Strength Potion"},{"floor":16,"key":"Strength Potion"},{"floor":22,"key":"FearPotion"}],"is_trial":false,"path_per_floor":["M","?","M","M","?","E","R","M","T","?","E","R","M","?","R","B",null,"M","$","?","M","M","R","E","M"],"character_chosen":"IRONCLAD","items_purchased":["Shrug It Off","Strawberry"],"campfire_rested":2,"item_purchase_floors":[19,19],"current_hp_per_floor":[80,80,80,80,80,59,59,65,65,54,50,50,46,13,37,18,80,58,65,65,51,44,70,18,0],"gold":396,"neow_bonus":"HUNDRED_GOLD","is_prod":false,"is_daily":false,"chose_seed":false,"campfire_upgraded":1,"win_rate":0,"timestamp":1548905456,"path_taken":["M","?","M","M","?","E","R","M","T","?","E","R","M","?","R","BOSS","M","$","?","M","M","R","E","M"],"build_version":"2019-01-23","purchased_purges":0,"victory":false,"max_hp_per_floor":[80,80,80,80,80,80,80,80,80,80,80,80,80,80,80,80,80,80,87,87,87,87,87,87,87],"card_choices":[{"not_picked":["Thunderclap","Battle Trance"],"picked":"Ghostly Armor","floor":1},{"not_picked":["Perfected Strike","True Grit"],"picked":"Rampage","floor":3},{"not_picked":["Pommel Strike","Infernal Blade","Dropkick"],"picked":"SKIP","floor":4},{"not_picked":["Thunderclap","Cleave"],"picked":"Shockwave","floor":6},{"not_picked":["Power Through","Pummel"],"picked":"Armaments","floor":8},{"not_picked":["Cleave+1","Hemokinesis+1"],"picked":"Pommel Strike+1","floor":11},{"not_picked":["Clash+1","Fiend Fire+1"],"picked":"Clothesline+1","floor":13},{"not_picked":["Intimidate","Havoc"],"picked":"Demon Form","floor":17},{"not_picked":["Wild Strike+1","Sword Boomerang+1"],"picked":"Heavy Blade+1","floor":17},{"not_picked":["Body Slam+1","Perfected Strike+1"],"picked":"Wild Strike+1","floor":17},{"not_picked":["Thunderclap+1","Perfected Strike+1"],"picked":"Clothesline+1","floor":18},{"not_picked":["Rage","Feel No Pain+1"],"picked":"Heavy Blade+1","floor":21},{"not_picked":["Cleave+1","Anger+1"],"picked":"Rampage+1","floor":22},{"not_picked":["Bloodletting","Double Tap"],"picked":"Shrug It Off","floor":24}],"player_experience":169745,"relics_obtained":[{"floor":6,"key":"Juzu Bracelet"},{"floor":9,"key":"Molten Egg 2"},{"floor":11,"key":"Ornamental Fan"},{"floor":24,"key":"Question Card"}],"event_choices":[{"damage_healed":0,"gold_gain":0,"player_choice":"Ignored","damage_taken":0,"max_hp_gain":0,"max_hp_loss":0,"event_name":"Golden Wing","floor":2,"gold_loss":0},{"damage_healed":0,"gold_gain":0,"player_choice":"Upgraded","damage_taken":0,"max_hp_gain":0,"max_hp_loss":0,"event_name":"Upgrade Shrine","floor":5,"gold_loss":0,"cards_upgraded":["Rampage"]},{"damage_healed":0,"gold_gain":75,"player_choice":"Gather Gold","damage_taken":11,"max_hp_gain":0,"max_hp_loss":0,"event_name":"World of Goop","floor":10,"gold_loss":0},{"damage_healed":0,"gold_gain":0,"player_choice":"Success","damage_taken":33,"relics_obtained":["Self Forming Clay"],"max_hp_gain":0,"max_hp_loss":0,"event_name":"Scrap Ooze","floor":14,"gold_loss":0},{"damage_healed":0,"gold_gain":0,"player_choice":"Read","damage_taken":0,"max_hp_gain":0,"max_hp_loss":0,"event_name":"The Library","floor":20,"gold_loss":0,"cards_obtained":["Warcry"]}],"is_beta":false,"boss_relics":[{"not_picked":["Busted Crown","Sozu"],"picked":"Orrery"}],"items_purged_floors":[],"is_endless":false,"potions_floor_spawned":[3,8,16,22],"killed_by":"3 Cultists","ascension_level":1}