{"gold_per_floor":[119,139,139,139,139,139,167,186,186,204,531,4,40,59,59,156,156,172,172,172,172,183,183,210,210,235,145,163,163,197,213,213,310,310,321,331,150,0,15,15,31,42,94,94,124,124,136,136,136,136,136,136,7,38,38],"floor_reached":56,"playtime":3467,"items_purged":["Regret","Writhe"],"score":1878,"play_id":"966c8578-5f65-409f-9cc9-89b6d03fa7d6","local_time":"20190410180002","is_ascension_mode":true,"campfire_choices":[{"data":"Neutralize","floor":6,"key":"SMITH"},{"floor":15,"key":"REST"},{"data":"Envenom","floor":23,"key":"SMITH"},{"data":"Venomology","floor":25,"key":"SMITH"},{"data":"Choke","floor":29,"key":"SMITH"},{"data":"Blade Dance","floor":32,"key":"SMITH"},{"data":"Dagger Throw","floor":40,"key":"SMITH"},{"floor":46,"key":"REST"},{"floor":49,"key":"RECALL"},{"floor":52,"key":"REST"}],"neow_cost":"NONE","seed_source_timestamp":26201217629131,"circlet_count":0,"master_deck":["AscendersBane","Defend_G+1","Defend_G","Defend_G","Defend_G","Defend_G","Strike_G","Strike_G","Strike_G","Strike_G+1","Strike_G+1","Survivor","Neutralize+1","Dagger Throw+1","Backstab+1","Venomology+1","Blade Dance+1","Choke+1","Endless Agony","Blade Dance+1","Well Laid Plans+1","Jack Of All Trades+1","Acrobatics+1","Prepared+1","Envenom+1","Cloak And Dagger+1","Tactician+1","Quick Slash","Blur+1","Outmaneuver+1","Blur+1","Terror+1","Adrenaline+1","Acrobatics+1","Crippling Poison+1","Tactician+1","Madness+1","Madness+1","Blade Dance+1","Caltrops","Riddle With Holes+1"],"relics":["Ring of the Snake","NeowsBlessing","Dead Branch","Mercury Hourglass","Omamori","StoneCalendar","Old Coin","Toxic Egg 2","Calling Bell","Snake Skull","Ninja Scroll","Thread and Needle","Shuriken","Whetstone","Boot","Meat on the Bone","Busted Crown","Red Mask","Tingsha","Bronze Scales"],"potions_floor_usage":[11,11,16,16,16,30,33,33,35,36,42,42,50,50,50,55,55],"damage_taken":[{"damage":0,"enemies":"Cultist","floor":1,"turns":1},{"damage":0,"enemies":"2 Louse","floor":2,"turns":1},{"damage":0,"enemies":"3 Sentries","floor":7,"turns":1},{"damage":2,"enemies":"Jaw Worm","floor":8,"turns":3},{"damage":4,"enemies":"Red Slaver","floor":10,"turns":2},{"damage":6,"enemies":"Lagavulin","floor":11,"turns":5},{"damage":13,"enemies":"Blue Slaver","floor":13,"turns":2},{"damage":0,"enemies":"Large Slime","floor":14,"turns":3},{"damage":12,"enemies":"The Guardian","floor":16,"turns":8},{"damage":0,"enemies":"Spheric Guardian","floor":18,"turns":2},{"damage":0,"enemies":"3 Byrds","floor":22,"turns":2},{"damage":0,"enemies":"Gremlin Leader","floor":24,"turns":2},{"damage":0,"enemies":"Snake Plant","floor":28,"turns":2},{"damage":0,"enemies":"Slavers","floor":30,"turns":2},{"damage":0,"enemies":"Chosen and Byrds","floor":31,"turns":3},{"damage":19,"enemies":"Collector","floor":33,"turns":5},{"damage":0,"enemies":"3 Darklings","floor":35,"turns":2},{"damage":0,"enemies":"Orb Walker","floor":36,"turns":2},{"damage":0,"enemies":"Jaw Worm Horde","floor":39,"turns":2},{"damage":1,"enemies":"Sphere and 2 Shapes","floor":41,"turns":2},{"damage":1,"enemies":"Spire Growth","floor":42,"turns":2},{"damage":11,"enemies":"Nemesis","floor":45,"turns":3},{"damage":0,"enemies":"Maw","floor":47,"turns":3},{"damage":48,"enemies":"Time Eater","floor":50,"turns":7},{"damage":3,"enemies":"Shield and Spear","floor":54,"turns":3},{"damage":50,"enemies":"The Heart","floor":55,"turns":6}],"seed_played":"-6798236995419514217","potions_obtained":[{"floor":2,"key":"EssenceOfSteel"},{"floor":11,"key":"Swift Potion"},{"floor":13,"key":"Weak Potion"},{"floor":18,"key":"SpeedPotion"},{"floor":30,"key":"PowerPotion"},{"floor":35,"key":"GhostInAJar"},{"floor":39,"key":"Explosive Potion"}],"is_trial":false,"path_per_floor":["M","M","?","?","?","R","E","M","T","M","E","$","M","M","R","B",null,"M","?","?","?","M","R","E","R","T","?","M","R","E","M","R","B",null,"M","M","$","?","M","R","M","M","T","?","E","R","M","$","R","B",null,"R","$","E","B",null],"character_chosen":"THE_SILENT","items_purchased":["Toxic Egg 2","Blade Dance+1","Well Laid Plans","Jack Of All Trades+1","Crippling Poison+1","Caltrops","Block Potion"],"campfire_rested":3,"item_purchase_floors":[12,12,12,12,37,53,53],"current_hp_per_floor":[63,63,49,42,42,42,42,40,40,36,44,44,31,31,52,40,63,63,63,63,63,63,63,63,63,63,63,63,63,63,63,63,44,64,64,64,64,64,64,64,63,62,62,53,42,63,63,63,63,27,59,70,70,67,29],"gold":38,"neow_bonus":"THREE_ENEMY_KILL","is_prod":false,"is_daily":false,"chose_seed":false,"campfire_upgraded":6,"win_rate":0,"timestamp":1554944402,"path_taken":["M","M","?","?","?","R","E","M","T","M","E","?","?","M","R","BOSS","M","?","?","?","M","R","E","R","T","?","M","R","E","M","R","BOSS","M","M","?","?","M","R","M","M","T","?","E","R","M","?","R","BOSS","R","$","E","BOSS"],"build_version":"2019-01-23","purchased_purges":2,"victory":true,"max_hp_per_floor":[70,70,70,70,70,70,70,70,70,70,70,70,70,70,70,70,70,70,70,70,70,70,70,70,70,70,70,70,70,70,70,70,70,70,70,70,70,70,70,70,70,70,70,70,70,70,70,70,70,70,70,70,70,70,70],"card_choices":[{"not_picked":["Deflect","Sucker Punch"],"picked":"Dagger Throw","floor":1},{"not_picked":["Dagger Throw","Accuracy"],"picked":"Backstab","floor":2},{"not_picked":["Quick Slash","Dagger Spray"],"picked":"Venomology","floor":7},{"not_picked":["Deadly Poison","All Out Attack"],"picked":"Blade Dance","floor":8},{"not_picked":["Escape Plan","Sucker Punch"],"picked":"Choke","floor":10},{"not_picked":["Setup","Acrobatics"],"picked":"Endless Agony","floor":11},{"not_picked":["Choke","Flying Knee"],"picked":"Acrobatics+1","floor":13},{"not_picked":["Setup+1","Underhanded Strike"],"picked":"Prepared+1","floor":14},{"not_picked":["Grand Finale","Tools of the Trade"],"picked":"Envenom","floor":16},{"not_picked":["Choke","Quick Slash"],"picked":"Cloak And Dagger+1","floor":18},{"not_picked":["Heel Hook","Masterful Stab"],"picked":"Quick Slash","floor":22},{"not_picked":["Catalyst+1","Quick Slash"],"picked":"Blur+1","floor":24},{"not_picked":["Prepared+1","Blade Dance+1"],"picked":"Outmaneuver+1","floor":28},{"not_picked":["Sucker Punch","Bane"],"picked":"Blur+1","floor":30},{"not_picked":["Bouncing Flask+1","Glass Knife"],"picked":"Terror+1","floor":31},{"not_picked":["A Thousand Cuts","Corpse Explosion+1"],"picked":"Adrenaline+1","floor":33},{"not_picked":["Quick Slash"],"picked":"SKIP","floor":35},{"not_picked":[],"picked":"Acrobatics+1","floor":36},{"not_picked":[],"picked":"Tactician+1","floor":39},{"not_picked":["Choke"],"picked":"SKIP","floor":41},{"not_picked":["Dagger Throw"],"picked":"SKIP","floor":42},{"not_picked":[],"picked":"Blade Dance+1","floor":45},{"not_picked":["Bane"],"picked":"SKIP","floor":47},{"not_picked":[],"picked":"Riddle With Holes+1","floor":54}],"player_experience":544223,"relics_obtained":[{"floor":7,"key":"Omamori"},{"floor":9,"key":"StoneCalendar"},{"floor":11,"key":"Old Coin"},{"floor":17,"key":"Snake Skull"},{"floor":17,"key":"Ninja Scroll"},{"floor":17,"key":"Thread and Needle"},{"floor":24,"key":"Whetstone"},{"floor":26,"key":"Boot"},{"floor":30,"key":"Meat on the Bone"},{"floor":45,"key":"Tingsha"},{"floor":54,"key":"Bronze Scales"}],"event_choices":[{"damage_healed":0,"gold_gain":0,"player_choice":"Entered Light","damage_taken":14,"max_hp_gain":0,"max_hp_loss":0,"event_name":"Shining Light","floor":3,"gold_loss":0,"cards_upgraded":["Strike_G","Defend_G"]},{"damage_healed":0,"gold_gain":0,"player_choice":"Success","damage_taken":7,"relics_obtained":["Dead Branch"],"max_hp_gain":0,"max_hp_loss":0,"event_name":"Scrap Ooze","floor":4,"gold_loss":0},{"damage_healed":0,"gold_gain":0,"player_choice":"Box","damage_taken":0,"relics_obtained":["Mercury Hourglass"],"max_hp_gain":0,"max_hp_loss":0,"event_name":"Big Fish","floor":5,"gold_loss":0,"cards_obtained":["Regret"]},{"damage_healed":0,"gold_gain":0,"player_choice":"Read","damage_taken":0,"max_hp_gain":0,"max_hp_loss":0,"event_name":"The Library","floor":19,"gold_loss":0,"cards_obtained":["Tactician"]},{"damage_healed":0,"gold_gain":0,"player_choice":"Ignored","damage_taken":0,"max_hp_gain":0,"max_hp_loss":0,"event_name":"Ghosts","floor":20,"gold_loss":0},{"damage_healed":0,"gold_gain":0,"player_choice":"Opened","damage_taken":0,"relics_obtained":["Shuriken"],"max_hp_gain":0,"max_hp_loss":0,"event_name":"The Mausoleum","floor":21,"gold_loss":0,"cards_obtained":["Writhe"]},{"cards_removed":["Shame"],"damage_healed":0,"gold_gain":0,"player_choice":"Upgrade and Remove","damage_taken":0,"max_hp_gain":0,"max_hp_loss":0,"event_name":"Designer","floor":27,"gold_loss":90,"cards_upgraded":["Well Laid Plans"]},{"damage_healed":0,"gold_gain":0,"player_choice":"Paid","damage_taken":0,"relics_obtained":["Red Mask"],"max_hp_gain":0,"max_hp_loss":0,"event_name":"Tomb of Lord Red Mask","floor":38,"gold_loss":150},{"damage_healed":0,"gold_gain":0,"player_choice":"Embrace Madness","damage_taken":9,"max_hp_gain":0,"max_hp_loss":0,"event_name":"Winding Halls","floor":44,"gold_loss":0,"cards_obtained":["Madness","Madness"]}],"is_beta":false,"boss_relics":[{"not_picked":["Philosopher\u0027s Stone","Astrolabe"],"picked":"Calling Bell"},{"not_picked":["Sozu","Lizard Tail"],"picked":"Busted Crown"}],"items_purged_floors":[12,37],"is_endless":false,"potions_floor_spawned":[2,11,13,18,30,31,35,39,47],"ascension_level":11}