{"gold_per_floor":[113,123,139,155,155,155,155,155,155,174,174,189,189,53,53,173,173],"floor_reached":17,"playtime":459,"items_purged":[],"score":147,"play_id":"fa57c016-25ce-448c-a902-71c73e89f8fe","local_time":"20190405175118","is_ascension_mode":false,"campfire_choices":[{"floor":6.0,"key":"REST"},{"floor":8.0,"key":"REST"},{"data":"Bash","floor":11,"key":"SMITH"},{"data":"Uppercut","floor":13,"key":"SMITH"},{"data":"Immolate","floor":15,"key":"SMITH"}],"neow_cost":"NONE","seed_source_timestamp":0,"circlet_count":0,"master_deck":["Strike_R","Strike_R","Strike_R","Strike_R","Strike_R","Defend_R","Defend_R","Defend_R","Defend_R","Bash+1","Clothesline","Uppercut+1","Immolate+1","Feed"],"special_seed":0,"relics":["Burning Blood","NeowsBlessing","Golden Idol","Vajra","Pear","Runic Dome"],"potions_floor_usage":[10,16],"damage_taken":[{"damage":0.0,"enemies":"Cultist","floor":1.0,"turns":1.0},{"damage":0.0,"enemies":"Small Slimes","floor":2.0,"turns":1.0},{"damage":0.0,"enemies":"Jaw Worm","floor":3.0,"turns":1.0},{"damage":13.0,"enemies":"Blue Slaver","floor":4.0,"turns":5.0},{"damage":18,"enemies":"Lots of Slimes","floor":10,"turns":4},{"damage":7,"enemies":"Gremlin Gang","floor":12,"turns":4},{"damage":52,"enemies":"The Guardian","floor":16,"turns":9}],"seed_played":"7782417223331239164","potions_obtained":[{"floor":1.0,"key":"Fire Potion"},{"floor":4.0,"key":"AttackPotion"}],"is_trial":false,"path_per_floor":["M","M","M","M","?","R","?","R","T","M","R","M","R","$","R","B",null],"character_chosen":"IRONCLAD","items_purchased":["Immolate"],"campfire_rested":2,"item_purchase_floors":[14],"current_hp_per_floor":[80,80,80,73,53,77,59,80,90,78,78,77,77,77,77,31,90],"gold":173,"neow_bonus":"THREE_ENEMY_KILL","is_prod":false,"is_daily":false,"chose_seed":false,"campfire_upgraded":3,"win_rate":0,"timestamp":1554501078,"path_taken":["M","?","?","M","?","R","?","R","T","M","R","M","R","$","R","BOSS"],"build_version":"2019-01-23","purchased_purges":0,"victory":false,"max_hp_per_floor":[80,80,80,80,80,80,80,80,90,90,90,90,90,90,90,90,90],"card_choices":[{"not_picked":["Rupture","True Grit","Clash"],"picked":"SKIP","floor":1.0},{"not_picked":["Warcry","Havoc","Rage"],"picked":"SKIP","floor":2.0},{"not_picked":["True Grit","Dual Wield","Metallicize"],"picked":"SKIP","floor":3.0},{"not_picked":["Sword Boomerang","Battle Trance"],"picked":"Clothesline","floor":4.0},{"not_picked":["Battle Trance","Body Slam","Metallicize"],"picked":"SKIP","floor":10},{"not_picked":["Dual Wield","Combust"],"picked":"Uppercut","floor":12},{"not_picked":["Barricade","Impervious"],"picked":"Feed","floor":16}],"player_experience":272629,"relics_obtained":[{"floor":9.0,"key":"Pear"}],"event_choices":[{"damage_healed":0.0,"max_hp_gain":0.0,"max_hp_loss":0.0,"gold_gain":0.0,"event_name":"Golden Idol","player_choice":"Take Damage","floor":5.0,"gold_loss":0.0,"damage_taken":20.0,"relics_obtained":["Golden Idol"]},{"damage_healed":0.0,"max_hp_gain":0.0,"max_hp_loss":0.0,"gold_gain":0.0,"event_name":"Scrap Ooze","player_choice":"Success","floor":7.0,"gold_loss":0.0,"damage_taken":18.0,"relics_obtained":["Vajra"]}],"is_beta":false,"boss_relics":[{"not_picked":["Tiny House","Runic Pyramid"],"picked":"Runic Dome"}],"items_purged_floors":[],"is_endless":false,"potions_floor_spawned":[1,4],"ascension_level":0}