{"gold_per_floor":[109,119,119,119,294,294,327,347,347,357,357],"floor_reached":11,"playtime":260,"items_purged":[],"score":80,"play_id":"89683c9d-4438-4ddb-930d-3910e570c402","local_time":"20190507172817","is_ascension_mode":true,"campfire_choices":[{"floor":6,"key":"REST"}],"neow_cost":"NONE","seed_source_timestamp":13019126459982,"circlet_count":0,"master_deck":["Strike_B","Strike_B","Strike_B","Strike_B","Defend_B","Defend_B","Defend_B","Defend_B","Zap+1","Dualcast","Amplify+1","Stack","Redo","Doubt","Cold Snap","Defragment","Turbo"],"relics":["Cracked Core","Smiling Mask","Dead Branch","The Courier"],"potions_floor_usage":[],"damage_taken":[{"damage":12,"enemies":"Jaw Worm","floor":1,"turns":3},{"damage":14,"enemies":"2 Louse","floor":2,"turns":2},{"damage":28,"enemies":"3 Sentries","floor":7,"turns":10},{"damage":0,"enemies":"Cultist","floor":8,"turns":4},{"damage":17,"enemies":"3 Louse","floor":10,"turns":4},{"damage":8,"enemies":"Blue Slaver","floor":11,"turns":2}],"seed_played":"1824947135509690724","potions_obtained":[{"floor":10,"key":"AttackPotion"}],"is_trial":false,"path_per_floor":["M","M","?","?","?","R","E","M","T","M","M"],"character_chosen":"DEFECT","items_purchased":[],"campfire_rested":1,"item_purchase_floors":[],"current_hp_per_floor":[63,49,46,31,31,53,25,25,25,8,0],"gold":357,"neow_bonus":"ONE_RANDOM_RARE_CARD","is_prod":false,"is_daily":false,"chose_seed":false,"campfire_upgraded":0,"win_rate":0,"timestamp":1557242897,"path_taken":["M","M","?","?","?","R","E","M","T","M","M"],"build_version":"2019-01-23","purchased_purges":0,"victory":false,"max_hp_per_floor":[75,75,75,75,75,75,75,75,75,75,75],"card_choices":[{"not_picked":["Barrage","Rebound"],"picked":"Stack","floor":1},{"not_picked":["Rebound","Skim"],"picked":"Redo","floor":2},{"not_picked":["Tempest","Darkness"],"picked":"Cold Snap","floor":7},{"not_picked":["Storm","Reprogram"],"picked":"Defragment","floor":8},{"not_picked":["White Noise","Aggregate"],"picked":"Turbo","floor":10}],"player_experience":279171,"relics_obtained":[{"floor":7,"key":"Dead Branch"},{"floor":9,"key":"The Courier"}],"event_choices":[{"damage_healed":0,"gold_gain":0,"player_choice":"Success","damage_taken":3,"relics_obtained":["Smiling Mask"],"max_hp_gain":0,"max_hp_loss":0,"event_name":"Scrap Ooze","floor":3,"gold_loss":0},{"damage_healed":0,"gold_gain":0,"player_choice":"Entered Light","damage_taken":15,"max_hp_gain":0,"max_hp_loss":0,"event_name":"Shining Light","floor":4,"gold_loss":0,"cards_upgraded":["Amplify","Zap"]},{"damage_healed":0,"gold_gain":175,"player_choice":"AGREE","damage_taken":0,"max_hp_gain":0,"max_hp_loss":0,"event_name":"Liars Game","floor":5,"gold_loss":0,"cards_obtained":["Doubt"]}],"is_beta":false,"boss_relics":[],"items_purged_floors":[],"is_endless":false,"potions_floor_spawned":[10],"killed_by":"Blue Slaver","ascension_level":2}