{"gold_per_floor":[99,99,99,99,99,99,99,99,99,99,99,99,99,69,69,69,69,69,69,69,69,69,69,69],"floor_reached":24,"playtime":1644,"items_purged":[],"score":220,"play_id":"0a7301c4-b8c5-44bb-af09-af8689ea6ce6","local_time":"20181229222538","is_ascension_mode":false,"campfire_choices":[{"floor":11,"key":"REST"},{"floor":15,"key":"REST"}],"neow_cost":"NONE","seed_source_timestamp":112388760377391,"circlet_count":0,"master_deck":["Strike_B","Strike_B","Strike_B","Strike_B","Defend_B","Defend_B","Defend_B","Defend_B","Zap","Dualcast","Coolheaded","Consume","Doom and Gloom","Doubt","Tempest","Leap","Hologram","Regret","Streamline","Ball Lightning","Rainbow","Loop","Redo+1","Compile Driver","PanicButton","Glacier","Rainbow"],"relics":["Ectoplasm","Ornamental Fan","Sundial","Vajra","Darkstone Periapt","Nuclear Battery","Juzu Bracelet"],"potions_floor_usage":[14,21,23],"damage_taken":[{"damage":2,"enemies":"Small Slimes","floor":1,"turns":2},{"damage":6,"enemies":"Jaw Worm","floor":2,"turns":4},{"damage":0,"enemies":"2 Louse","floor":3,"turns":4},{"damage":32,"enemies":"Lagavulin","floor":6,"turns":8},{"damage":13,"enemies":"Red Slaver","floor":7,"turns":2},{"damage":20,"enemies":"Exordium Wildlife","floor":8,"turns":6},{"damage":4,"enemies":"Gremlin Gang","floor":12,"turns":3},{"damage":13,"enemies":"Exordium Thugs","floor":14,"turns":4},{"damage":27,"enemies":"The Guardian","floor":16,"turns":8},{"damage":14,"enemies":"Shell Parasite","floor":18,"turns":3},{"damage":22,"enemies":"Spheric Guardian","floor":20,"turns":4},{"damage":30,"enemies":"Snake Plant","floor":21,"turns":3},{"damage":14,"enemies":"Book of Stabbing","floor":23,"turns":6},{"damage":1,"enemies":"3 Cultists","floor":24,"turns":2}],"seed_played":"2719810615987923325","potions_obtained":[{"floor":6,"key":"Regen Potion"},{"floor":8,"key":"LiquidBronze"},{"floor":12,"key":"Swift Potion"},{"floor":14,"key":"LiquidBronze"}],"is_trial":false,"path_per_floor":["M","M","M","?","T","E","M","M","T","?","R","M","?","M","R","B",null,"M","?","M","M","?","E","M"],"character_chosen":"DEFECT","items_purchased":[],"campfire_rested":2,"item_purchase_floors":[],"current_hp_per_floor":[73,67,67,67,67,35,22,2,2,8,32,28,28,27,51,24,81,67,67,45,15,15,1,0],"gold":69,"neow_bonus":"BOSS_RELIC","is_prod":false,"is_daily":false,"chose_seed":false,"campfire_upgraded":0,"win_rate":0.0,"timestamp":1546151138,"path_taken":["M","M","M","?","?","E","M","M","T","?","R","M","?","M","R","BOSS","M","?","M","?","?","E","M"],"build_version":"2018-12-20","purchased_purges":0,"victory":false,"max_hp_per_floor":[75,75,75,75,75,75,75,75,75,81,81,81,81,81,81,81,81,81,81,81,81,81,81,81],"card_choices":[{"not_picked":["Steam","Sweeping Beam"],"picked":"Coolheaded","floor":1},{"not_picked":["Barrage","Cold Snap"],"picked":"Consume","floor":2},{"not_picked":["Leap","Genetic Algorithm"],"picked":"Doom and Gloom","floor":3},{"not_picked":["Leap","Barrage"],"picked":"Tempest","floor":6},{"not_picked":["Barrage","Scrape"],"picked":"Leap","floor":7},{"not_picked":["Capacitor","Steam"],"picked":"Hologram","floor":8},{"not_picked":["Undo","Hello World"],"picked":"Streamline","floor":12},{"not_picked":["Go for the Eyes","Beam Cell"],"picked":"Ball Lightning","floor":14},{"not_picked":["Fission","Buffer"],"picked":"Rainbow","floor":16},{"not_picked":["Coolheaded","Steam+1"],"picked":"Loop","floor":18},{"not_picked":["Hologram+1","Aggregate"],"picked":"Redo+1","floor":20},{"not_picked":["Consume","Heatsinks"],"picked":"Compile Driver","floor":21},{"not_picked":["FTL","Hologram"],"picked":"Rainbow","floor":23}],"player_experience":139158,"relics_obtained":[{"floor":5,"key":"Ornamental Fan"},{"floor":6,"key":"Sundial"},{"floor":9,"key":"Vajra"},{"floor":23,"key":"Juzu Bracelet"}],"event_choices":[{"damage_healed":0,"gold_gain":175,"player_choice":"AGREE","damage_taken":0,"max_hp_gain":0,"max_hp_loss":0,"event_name":"Liars Game","floor":4,"gold_loss":0,"cards_obtained":["Doubt"]},{"damage_healed":0,"gold_gain":0,"player_choice":"Box","damage_taken":0,"relics_obtained":["Darkstone Periapt"],"max_hp_gain":0,"max_hp_loss":0,"event_name":"Big Fish","floor":10,"gold_loss":0,"cards_obtained":["Regret"]},{"damage_healed":0,"gold_gain":70,"player_choice":"Gained Gold","damage_taken":0,"max_hp_gain":0,"max_hp_loss":0,"event_name":"Golden Wing","floor":13,"gold_loss":0},{"damage_healed":0,"gold_gain":0,"player_choice":"Ignored","damage_taken":0,"max_hp_gain":0,"max_hp_loss":0,"event_name":"NoteForYourself","floor":19,"gold_loss":0},{"damage_healed":0,"gold_gain":0,"player_choice":"2 cards matched","damage_taken":0,"max_hp_gain":0,"max_hp_loss":0,"event_name":"Match and Keep!","floor":22,"gold_loss":0,"cards_obtained":["PanicButton","Glacier"]}],"is_beta":false,"boss_relics":[{"not_picked":["Orrery","Tiny House"],"picked":"Nuclear Battery"}],"items_purged_floors":[],"is_endless":false,"potions_floor_spawned":[6,8,12,14,18],"killed_by":"3 Cultists","ascension_level":0}