{"gold_per_floor":[119,131,198,55,67,67,86,86,161,161,180,180,206,216,216,318,318,335,350,350,71,86,86,112,128,154,154,154,154],"floor_reached":29,"playtime":1701,"items_purged":[],"score":225,"play_id":"a0a5213e-8fd7-4007-8ae9-e5d615061ef2","local_time":"20190428203724","is_ascension_mode":false,"campfire_choices":[{"data":"Barricade","floor":6,"key":"SMITH"},{"data":"Demon Form","floor":8,"key":"SMITH"},{"data":"Uppercut","floor":12,"key":"SMITH"},{"floor":15,"key":"REST"},{"floor":23,"key":"REST"},{"floor":28,"key":"REST"}],"neow_cost":"NONE","seed_source_timestamp":1559642761176600,"circlet_count":0,"master_deck":["Strike_R","Strike_R","Strike_R","Strike_R","Strike_R","Defend_R","Defend_R","Defend_R","Defend_R","Bash+1","Shrug It Off","Barricade+1","Uppercut+1","Demon Form+1","Iron Wave","Entrench","Sword Boomerang","Reaper","Sword Boomerang+1","Cleave","Limit Break","Metallicize","Rage","Body Slam","Cleave","Armaments"],"relics":["Burning Blood","Self Forming Clay","Blood Vial","Runic Cube","Centennial Puzzle","Smiling Mask"],"potions_floor_usage":[27,27,29],"damage_taken":[{"damage":7,"enemies":"2 Louse","floor":1,"turns":4},{"damage":1,"enemies":"Cultist","floor":2,"turns":3},{"damage":12,"enemies":"Jaw Worm","floor":5,"turns":5},{"damage":21,"enemies":"Exordium Wildlife","floor":7,"turns":6},{"damage":14,"enemies":"Blue Slaver","floor":11,"turns":5},{"damage":15,"enemies":"Gremlin Nob","floor":13,"turns":5},{"damage":10,"enemies":"2 Fungi Beasts","floor":14,"turns":5},{"damage":21,"enemies":"Slime Boss","floor":16,"turns":9},{"damage":18,"enemies":"Chosen","floor":18,"turns":5},{"damage":17,"enemies":"3 Byrds","floor":19,"turns":7},{"damage":52,"enemies":"3 Cultists","floor":22,"turns":5},{"damage":5,"enemies":"Centurion and Healer","floor":25,"turns":5},{"damage":55,"enemies":"Colosseum Slavers","floor":27,"turns":8},{"damage":62,"enemies":"Gremlin Leader","floor":29,"turns":5}],"seed_played":"1938588997336778442","potions_obtained":[{"floor":2,"key":"SpeedPotion"},{"floor":7,"key":"SteroidPotion"},{"floor":11,"key":"BloodPotion"},{"floor":19,"key":"Block Potion"}],"is_trial":false,"path_per_floor":["M","M","?","$","M","R","M","R","T","?","M","R","E","M","R","B",null,"M","M","?","$","M","R","T","M","T","?","R","E"],"character_chosen":"IRONCLAD","items_purchased":["Barricade","Limit Break","Metallicize","Rage","Body Slam"],"campfire_rested":3,"item_purchase_floors":[4,21,21,21,21],"current_hp_per_floor":[79,80,80,80,74,74,59,59,59,80,72,72,63,61,80,65,80,78,76,76,76,32,56,56,59,59,30,54,0],"gold":154,"neow_bonus":"UPGRADE_CARD","is_prod":false,"is_daily":false,"chose_seed":false,"campfire_upgraded":3,"win_rate":0.0,"timestamp":1556498244,"path_taken":["M","M","?","$","M","R","M","R","T","?","M","R","E","M","R","BOSS","M","?","?","$","M","R","?","?","T","?","R","E"],"build_version":"2019-01-23","purchased_purges":0,"victory":false,"max_hp_per_floor":[80,80,80,80,80,80,80,80,80,80,80,80,80,80,80,80,80,80,80,80,80,80,80,80,80,80,80,80,80],"card_choices":[{"not_picked":["Sword Boomerang","Hemokinesis"],"picked":"Shrug It Off","floor":1},{"not_picked":["Thunderclap","Body Slam"],"picked":"Dual Wield","floor":2},{"not_picked":["Clothesline","Pommel Strike"],"picked":"Uppercut","floor":5},{"not_picked":["Body Slam","Armaments"],"picked":"Demon Form","floor":7},{"not_picked":["Twin Strike","Flex"],"picked":"Iron Wave","floor":11},{"not_picked":["Anger","Power Through"],"picked":"Entrench","floor":13},{"not_picked":["Headbutt","Reckless Charge"],"picked":"Sword Boomerang","floor":14},{"not_picked":["Offering","Fiend Fire"],"picked":"Reaper","floor":16},{"not_picked":["Cleave","Shrug It Off"],"picked":"Sword Boomerang+1","floor":18},{"not_picked":["Sever Soul","Clothesline"],"picked":"Cleave","floor":19},{"not_picked":["Clothesline","Flame Barrier"],"picked":"Cleave","floor":22},{"not_picked":["Sword Boomerang","Body Slam"],"picked":"Armaments","floor":25}],"player_experience":15591,"relics_obtained":[{"floor":9,"key":"Self Forming Clay"},{"floor":13,"key":"Blood Vial"},{"floor":24,"key":"Centennial Puzzle"},{"floor":26,"key":"Smiling Mask"}],"event_choices":[{"damage_healed":0,"gold_gain":67,"player_choice":"Gained Gold","damage_taken":0,"max_hp_gain":0,"max_hp_loss":0,"event_name":"Golden Wing","floor":3,"gold_loss":0},{"cards_removed":["Dual Wield"],"damage_healed":21,"gold_gain":0,"player_choice":"Offered Uncommon","damage_taken":0,"max_hp_gain":0,"max_hp_loss":0,"event_name":"Bonfire Elementals","floor":10,"gold_loss":0},{"damage_healed":0,"gold_gain":0,"player_choice":"Ignored","damage_taken":0,"max_hp_gain":0,"max_hp_loss":0,"event_name":"Beggar","floor":20,"gold_loss":0},{"damage_healed":0,"gold_gain":0,"player_choice":"Fight","damage_taken":0,"max_hp_gain":0,"max_hp_loss":0,"event_name":"Colosseum","floor":27,"gold_loss":0},{"damage_healed":0,"gold_gain":0,"player_choice":"Fled From Nobs","damage_taken":0,"max_hp_gain":0,"max_hp_loss":0,"event_name":"Colosseum","floor":27,"gold_loss":0}],"is_beta":false,"boss_relics":[{"not_picked":["Snecko Eye","Astrolabe"],"picked":"Runic Cube"}],"items_purged_floors":[],"is_endless":false,"potions_floor_spawned":[2,7,11,19],"killed_by":"Gremlin Leader","ascension_level":0}