{"gold_per_floor":[111,186,186,204,204,247,247,247,299,332,332,372,386,410,410,530,530,554,554,568,593,227,227,250,266,266,266,302,327,327,73,73,202,202,223,238,90,90,105,105,105,105,105,35,58,82,207,1,1,1],"floor_reached":50,"playtime":2721,"items_purged":["Defend_R"],"score":578,"play_id":"334e9238-bda0-4975-a4a3-e9217a8dd6db","local_time":"20190507084230","is_ascension_mode":true,"campfire_choices":[{"floor":8,"key":"REST"},{"data":"Armaments","floor":11,"key":"SMITH"},{"floor":15,"key":"REST"},{"floor":23,"key":"REST"},{"floor":27,"key":"REST"},{"floor":32,"key":"REST"},{"data":"Metallicize","floor":40,"key":"SMITH"},{"floor":42,"key":"REST"},{"floor":49,"key":"REST"}],"neow_cost":"NONE","seed_source_timestamp":224781267091000,"circlet_count":0,"master_deck":["Strike_R","Strike_R","Strike_R","Strike_R","Defend_R","Defend_R","Defend_R","Bash","Seeing Red","Metallicize+1","Thunderclap","Armaments+1","Shrug It Off","Demon Form","Cleave","Flame Barrier+1","Inflame+1","Pummel+1","The Bomb","Sadistic Nature","Fire Breathing","Flame Barrier"],"relics":["Snecko Eye","Golden Idol","Mercury Hourglass","Bottled Lightning","Orichalcum","Potion Belt","Pear","Runic Cube","Bag of Marbles","Juzu Bracelet","Blue Candle","Mummified Hand","Kunai","Sozu","Strawberry","Magic Flower","Shovel","OrangePellets"],"potions_floor_usage":[10,12,16,21,25,25,28],"damage_taken":[{"damage":0,"enemies":"2 Louse","floor":1,"turns":2},{"damage":0,"enemies":"Small Slimes","floor":4,"turns":2},{"damage":20,"enemies":"Lagavulin","floor":6,"turns":6},{"damage":5,"enemies":"Gremlin Nob","floor":10,"turns":3},{"damage":19,"enemies":"3 Sentries","floor":12,"turns":6},{"damage":4,"enemies":"Jaw Worm","floor":13,"turns":2},{"damage":4,"enemies":"2 Fungi Beasts","floor":14,"turns":2},{"damage":7,"enemies":"The Guardian","floor":16,"turns":11},{"damage":29,"enemies":"2 Thieves","floor":18,"turns":4},{"damage":7,"enemies":"Chosen","floor":20,"turns":7},{"damage":37,"enemies":"Centurion and Healer","floor":21,"turns":7},{"damage":13,"enemies":"Snecko","floor":24,"turns":5},{"damage":13,"enemies":"Snake Plant","floor":25,"turns":4},{"damage":28,"enemies":"Slavers","floor":28,"turns":4},{"damage":0,"enemies":"3 Cultists","floor":29,"turns":3},{"damage":33,"enemies":"Collector","floor":33,"turns":9},{"damage":1,"enemies":"Orb Walker","floor":35,"turns":3},{"damage":9,"enemies":"3 Shapes","floor":36,"turns":3},{"damage":13,"enemies":"Spire Growth","floor":39,"turns":4},{"damage":16,"enemies":"4 Shapes","floor":45,"turns":5},{"damage":23,"enemies":"Transient","floor":46,"turns":5},{"damage":21,"enemies":"Mind Bloom Boss Battle","floor":47,"turns":6},{"damage":67,"enemies":"Time Eater","floor":50,"turns":5}],"seed_played":"-5415069811618998796","potions_obtained":[{"floor":4,"key":"AttackPotion"},{"floor":10,"key":"Regen Potion"},{"floor":12,"key":"Strength Potion"},{"floor":14,"key":"Ancient Potion"},{"floor":18,"key":"GamblersBrew"},{"floor":20,"key":"Swift Potion"},{"floor":21,"key":"Block Potion"}],"is_trial":false,"path_per_floor":["M","?","?","M","T","E","?","R","T","E","R","E","M","M","R","B",null,"M","?","M","M","$","R","M","M","T","R","E","M","?","$","R","B",null,"M","M","$","?","M","R","?","R","T","$","M","M","?","$","R","B"],"character_chosen":"IRONCLAD","items_purchased":["Bag of Marbles","Juzu Bracelet","Kunai","Strawberry","Fire Breathing","OrangePellets"],"campfire_rested":7,"item_purchase_floors":[22,22,31,37,44,48],"current_hp_per_floor":[80,69,69,69,69,49,49,73,73,68,68,74,70,66,90,83,90,61,61,54,17,17,44,31,18,18,45,17,17,47,47,74,41,90,89,80,87,87,74,74,69,97,97,97,81,58,37,37,66,0],"gold":1,"neow_bonus":"BOSS_RELIC","is_prod":false,"is_daily":false,"chose_seed":false,"campfire_upgraded":2,"win_rate":0,"timestamp":1557232950,"path_taken":["M","?","?","M","?","E","?","R","T","E","R","E","?","M","R","BOSS","M","?","?","M","$","R","M","M","T","R","E","M","?","$","R","BOSS","M","M","$","?","M","R","?","R","T","?","M","M","?","$","R","BOSS"],"build_version":"2019-01-23","purchased_purges":1,"victory":false,"max_hp_per_floor":[80,80,80,80,80,80,80,80,80,80,80,90,90,90,90,90,90,90,90,90,90,90,90,90,90,90,90,90,90,90,90,90,90,90,90,90,97,97,97,97,97,97,97,97,97,97,97,97,97,97],"card_choices":[{"not_picked":["Anger","Clash"],"picked":"Seeing Red","floor":1},{"not_picked":["Feel No Pain","Pummel"],"picked":"Metallicize","floor":4},{"not_picked":["Warcry","Pommel Strike"],"picked":"Thunderclap","floor":6},{"not_picked":["Headbutt","Pommel Strike"],"picked":"Armaments","floor":10},{"not_picked":["Burning Pact","Armaments","Bludgeon"],"picked":"SKIP","floor":12},{"not_picked":["Power Through","True Grit","Pummel"],"picked":"SKIP","floor":13},{"not_picked":["Havoc","Thunderclap"],"picked":"Shrug It Off","floor":14},{"not_picked":["Fiend Fire","Berserk"],"picked":"Demon Form","floor":16},{"not_picked":["Shrug It Off","Sentinel","Sword Boomerang+1"],"picked":"SKIP","floor":18},{"not_picked":["Pommel Strike+1","Havoc"],"picked":"Cleave","floor":20},{"not_picked":["Ghostly Armor","Sentinel"],"picked":"Flame Barrier+1","floor":21},{"not_picked":["Headbutt","Flex+1","Clothesline"],"picked":"SKIP","floor":24},{"not_picked":["Hemokinesis","True Grit","Sentinel"],"picked":"SKIP","floor":25},{"not_picked":["Berserk","Perfected Strike"],"picked":"Inflame+1","floor":28},{"not_picked":["Burning Pact","Evolve"],"picked":"Seeing Red+1","floor":29},{"not_picked":["Warcry","Perfected Strike+1","Blood for Blood"],"picked":"SKIP","floor":35},{"not_picked":["Corruption","True Grit","Clash"],"picked":"SKIP","floor":36},{"not_picked":["Perfected Strike+1","Twin Strike"],"picked":"Pummel+1","floor":39},{"not_picked":["Thinking Ahead","Trip"],"picked":"The Bomb","floor":41},{"not_picked":["Trip","Secret Weapon"],"picked":"Sadistic Nature","floor":41},{"not_picked":["Perfected Strike+1","Pommel Strike+1","True Grit+1"],"picked":"SKIP","floor":45},{"not_picked":["Hemokinesis","Anger","Ghostly Armor+1"],"picked":"SKIP","floor":46},{"not_picked":["Corruption+1","Thunderclap"],"picked":"Flame Barrier","floor":47}],"player_experience":125868,"relics_obtained":[{"floor":5,"key":"Mercury Hourglass"},{"floor":6,"key":"Bottled Lightning"},{"floor":9,"key":"Orichalcum"},{"floor":10,"key":"Potion Belt"},{"floor":12,"key":"Pear"},{"floor":26,"key":"Blue Candle"},{"floor":28,"key":"Mummified Hand"},{"floor":43,"key":"Magic Flower"},{"floor":47,"key":"Shovel"}],"event_choices":[{"damage_healed":0,"gold_gain":75,"player_choice":"Gather Gold","damage_taken":11,"max_hp_gain":0,"max_hp_loss":0,"event_name":"World of Goop","floor":2,"gold_loss":0},{"damage_healed":0,"gold_gain":0,"player_choice":"Take Wound","damage_taken":0,"relics_obtained":["Golden Idol"],"max_hp_gain":0,"max_hp_loss":0,"event_name":"Golden Idol","floor":3,"gold_loss":0,"cards_obtained":["Injury"]},{"cards_removed":["Strike_R"],"damage_healed":0,"gold_gain":0,"player_choice":"Offered Basic","damage_taken":0,"max_hp_gain":0,"max_hp_loss":0,"event_name":"Bonfire Elementals","floor":7,"gold_loss":0},{"cards_removed":["Injury"],"damage_healed":0,"gold_gain":0,"player_choice":"Removed Curses","damage_taken":0,"max_hp_gain":0,"max_hp_loss":0,"event_name":"Fountain of Cleansing","floor":19,"gold_loss":0},{"damage_healed":30,"gold_gain":0,"player_choice":"Heal","damage_taken":0,"max_hp_gain":0,"max_hp_loss":0,"event_name":"The Library","floor":30,"gold_loss":0},{"cards_removed":["Seeing Red"],"damage_healed":0,"gold_gain":0,"player_choice":"Removed Skill","damage_taken":0,"max_hp_gain":0,"max_hp_loss":0,"event_name":"Falling","floor":38,"gold_loss":0},{"damage_healed":0,"gold_gain":0,"player_choice":"Memory 2","damage_taken":5,"max_hp_gain":0,"max_hp_loss":0,"event_name":"SensoryStone","floor":41,"gold_loss":0},{"damage_healed":0,"gold_gain":0,"player_choice":"Fight","damage_taken":0,"max_hp_gain":0,"max_hp_loss":0,"event_name":"MindBloom","floor":47,"gold_loss":0}],"is_beta":false,"boss_relics":[{"not_picked":["Calling Bell","Mark of Pain"],"picked":"Runic Cube"},{"not_picked":["White Beast Statue","Astrolabe"],"picked":"Sozu"}],"items_purged_floors":[22],"is_endless":false,"potions_floor_spawned":[4,10,12,14,18,20,21,36,39,46],"killed_by":"Time Eater","ascension_level":2}