{"path_per_floor":["M","?","$","M","M","R","M","R","T","M","M","$","E","M","R","B",null,"M","M","M","$","?","R","T","M","T","$","R","M","M"],"character_chosen":"DEFECT","items_purchased":["Doom and Gloom","Multi-Cast","Skim","Meteor Strike","Defragment","Turbo"],"gold_per_floor":[117,292,30,49,64,64,75,75,121,132,152,7,40,57,57,159,159,176,196,207,61,61,61,107,126,126,8,8,21,33,33],"floor_reached":31,"campfire_rested":3,"playtime":1027,"current_hp_per_floor":[66,66,66,54,53,53,53,53,53,53,53,53,35,35,57,17,61,47,47,8,8,8,30,30,6,6,6,28,28,9,0],"items_purged":["Normality","Doubt"],"gold":33,"score":337,"play_id":"894c8bb8-0e3d-4c18-9afc-07e6b71cb2ac","local_time":"20180515074433","is_prod":false,"is_daily":false,"chose_seed":false,"is_ascension_mode":true,"campfire_upgraded":2,"timestamp":1526384673,"path_taken":["M","?","$","M","M","R","M","R","T","?","M","$","E","M","R","BOSS","M","M","M","$","?","R","?","?","T","?","R","M","M","M"],"build_version":"2018-05-14v2","seed_source_timestamp":482079833659447,"purchased_purges":2,"victory":false,"master_deck":["Strike_B","Strike_B","Strike_B","Strike_B","Defend_B","Defend_B","Defend_B","Defend_B","Zap","Dualcast","Ball Lightning","Doom and Gloom+1","Multi-Cast","Leap","Steam+1","Steam Power","Sweeping Beam","Multi-Cast","Skim","Double Energy","Chaos","Thunder Strike","Loop","Genetic Algorithm+1","Chill","Meteor Strike","Defragment","Turbo","Double Energy+1","BootSequence"],"max_hp_per_floor":[75,75,75,75,75,75,75,75,75,75,75,75,75,75,75,75,75,75,75,75,75,75,75,75,75,75,75,75,75,75,75],"relics":["Cracked Core","Ice Cream","Anchor","Bag of Marbles","Sozu","DataDisk","Bronze Scales"],"card_choices":[{"not_picked":["Skim","Rebound"],"picked":"Ball Lightning","floor":1},{"not_picked":["Steam","Recycle"],"picked":"Leap","floor":4},{"not_picked":["Heatsinks","Axe Kick"],"picked":"Steam","floor":5},{"not_picked":["Recycle","BootSequence"],"picked":"Steam Power","floor":7},{"not_picked":["Capacitor","Steam"],"picked":"Sweeping Beam","floor":10},{"not_picked":["Cold Snap","Axe Kick"],"picked":"Multi-Cast","floor":11},{"not_picked":["Coolheaded","Storm"],"picked":"Double Energy","floor":13},{"not_picked":["Go for the Eyes","Force Field"],"picked":"Chaos","floor":14},{"not_picked":["Meteor Strike","Buffer"],"picked":"Thunder Strike","floor":16},{"not_picked":["Gash","White Noise"],"picked":"Loop","floor":18},{"not_picked":["Sunder","Barrage"],"picked":"Genetic Algorithm+1","floor":19},{"not_picked":["Reprogram","Cold Snap"],"picked":"Chill","floor":20},{"not_picked":["Steam Power","Steam","Cold Snap"],"picked":"SKIP","floor":25},{"not_picked":["Coolheaded","Stack"],"picked":"Double Energy+1","floor":29},{"not_picked":["Ball Lightning+1","Go for the Eyes"],"picked":"BootSequence","floor":30}],"player_experience":87372,"potions_floor_usage":[13,13,16,30],"damage_taken":[{"damage":2,"enemies":"2 Louse","floor":1,"turns":2},{"damage":12,"enemies":"Jaw Worm","floor":4,"turns":2},{"damage":1,"enemies":"Cultist","floor":5,"turns":3},{"damage":0,"enemies":"Large Slime","floor":7,"turns":3},{"damage":0,"enemies":"Blue Slaver","floor":10,"turns":2},{"damage":0,"enemies":"Lots of Slimes","floor":11,"turns":1},{"damage":18,"enemies":"Gremlin Nob","floor":13,"turns":3},{"damage":0,"enemies":"Exordium Thugs","floor":14,"turns":2},{"damage":40,"enemies":"Hexaghost","floor":16,"turns":8},{"damage":14,"enemies":"Spheric Guardian","floor":18,"turns":4},{"damage":0,"enemies":"2 Thieves","floor":19,"turns":4},{"damage":39,"enemies":"Snecko","floor":20,"turns":5},{"damage":24,"enemies":"Slaver and Parasite","floor":25,"turns":6},{"damage":0,"enemies":"3 Cultists","floor":29,"turns":4},{"damage":19,"enemies":"Snake Plant","floor":30,"turns":3},{"damage":15,"enemies":"Snecko","floor":31,"turns":3}],"relics_obtained":[{"floor":9,"key":"Anchor"},{"floor":13,"key":"Bag of Marbles"},{"floor":24,"key":"DataDisk"},{"floor":26,"key":"Bronze Scales"}],"event_choices":[{"event_name":"Liars Game","player_choice":"agreed","floor":2,"damage_taken":0},{"event_name":"Beggar","player_choice":"Ignored","floor":22,"damage_taken":0}],"boss_relics":[{"not_picked":["Astrolabe","Tiny House"],"picked":"Sozu"}],"potions_floor_spawned":[4,7,10,14,20,29,30],"seed_played":"4181268886423759614","killed_by":"Snecko","ascension_level":8,"potions_obtained":[{"floor":4,"key":"FocusPotion"},{"floor":7,"key":"Fire Potion"},{"floor":10,"key":"AttackPotion"},{"floor":14,"key":"Poison Potion"}],"is_trial":false}