{"gold_per_floor":[119,75,87,99,22,57,57,57,84,84,95,108,108,25,25,104,104,122,122,37,54,70,70],"floor_reached":23,"playtime":429,"items_purged":[],"score":382,"play_id":"6ed8bf83-70d7-4403-a5d5-c0637c83e4bc","local_time":"20190428165726","is_ascension_mode":true,"campfire_choices":[{"data":"Barrage","floor":7,"key":"SMITH"},{"floor":10,"key":"REST"},{"floor":15,"key":"REST"}],"neow_cost":"NONE","seed_source_timestamp":443560388774447,"circlet_count":0,"master_deck":["AscendersBane","Strike_B","Strike_B","Defend_B","Defend_B","Defend_B","Zap","Dualcast","Beam Cell","White Noise","Barrage+1","Capacitor","Ball Lightning","Steam","Ball Lightning","Cold Snap","Thunder Strike","Double Energy+1","Double Energy+1","All For One+1","Steam Power","Necronomicurse","Self Repair","Force Field","Cold Snap+1"],"relics":["Cracked Core","NeowsBlessing","Centennial Puzzle","DataDisk","Astrolabe","Necronomicon"],"potions_floor_usage":[6],"damage_taken":[{"damage":0,"enemies":"2 Louse","floor":1,"turns":1},{"damage":0,"enemies":"Small Slimes","floor":3,"turns":1},{"damage":0,"enemies":"Jaw Worm","floor":4,"turns":1},{"damage":36,"enemies":"Gremlin Nob","floor":6,"turns":4},{"damage":14,"enemies":"3 Louse","floor":11,"turns":3},{"damage":6,"enemies":"Looter","floor":12,"turns":2},{"damage":9,"enemies":"Slime Boss","floor":16,"turns":7},{"damage":11,"enemies":"Spheric Guardian","floor":18,"turns":3},{"damage":1,"enemies":"Chosen","floor":21,"turns":3},{"damage":21,"enemies":"Snake Plant","floor":22,"turns":3},{"damage":31,"enemies":"Slavers","floor":23,"turns":1}],"seed_played":"6907005746212464359","potions_obtained":[{"floor":4,"key":"SkillPotion"},{"floor":11,"key":"LiquidBronze"}],"is_trial":false,"path_per_floor":["M","$","M","M","$","E","R","?","T","R","M","M","?","$","R","B",null,"M","?","$","M","M","E"],"character_chosen":"DEFECT","items_purchased":["White Noise","Capacitor","Ball Lightning","Cold Snap","Self Repair"],"campfire_rested":2,"item_purchase_floors":[2,5,14,14,20],"current_hp_per_floor":[64,64,64,64,64,28,28,28,28,49,35,29,29,29,50,41,64,53,32,32,38,24,0],"gold":70,"neow_bonus":"THREE_ENEMY_KILL","is_prod":false,"is_daily":false,"chose_seed":false,"campfire_upgraded":1,"win_rate":0,"timestamp":1556485046,"path_taken":["M","$","M","M","$","E","R","?","T","R","M","M","?","?","R","BOSS","M","?","$","M","M","E"],"build_version":"2019-01-23","purchased_purges":0,"victory":false,"max_hp_per_floor":[71,71,71,71,71,71,71,71,71,71,71,71,71,71,71,71,71,71,71,71,71,71,71],"card_choices":[{"not_picked":["Conserve Battery","Hologram"],"picked":"Beam Cell","floor":1},{"not_picked":["Steam Power","Stack"],"picked":"Barrage","floor":3},{"not_picked":["Stack","Streamline","Steam Power"],"picked":"SKIP","floor":4},{"not_picked":["Recycle","FTL"],"picked":"Ball Lightning","floor":6},{"not_picked":["Streamline","Rebound"],"picked":"Steam","floor":11},{"not_picked":["Streamline","Force Field","Hello World"],"picked":"SKIP","floor":12},{"not_picked":["Creative AI","Hyperbeam"],"picked":"Thunder Strike","floor":16},{"not_picked":["Go for the Eyes","Stack"],"picked":"Steam Power","floor":18},{"not_picked":["Beam Cell","Conserve Battery"],"picked":"Force Field","floor":21},{"not_picked":["Scrape","Sweeping Beam"],"picked":"Cold Snap+1","floor":22}],"player_experience":933904,"relics_obtained":[{"floor":6,"key":"Centennial Puzzle"},{"floor":9,"key":"DataDisk"},{"floor":19,"key":"Necronomicon"}],"event_choices":[{"damage_healed":0,"gold_gain":0,"player_choice":"Searched \u00270\u0027 times","damage_taken":0,"max_hp_gain":0,"max_hp_loss":0,"event_name":"Dead Adventurer","floor":8,"gold_loss":0},{"damage_healed":0,"gold_gain":0,"player_choice":"Ignored","damage_taken":0,"max_hp_gain":0,"max_hp_loss":0,"event_name":"Golden Idol","floor":13,"gold_loss":0},{"damage_healed":0,"gold_gain":0,"player_choice":"Obtained Book","damage_taken":21,"max_hp_gain":0,"max_hp_loss":0,"event_name":"Cursed Tome","floor":19,"gold_loss":0}],"is_beta":false,"boss_relics":[{"not_picked":["Coffee Dripper","Pandora\u0027s Box"],"picked":"Astrolabe"}],"items_purged_floors":[],"is_endless":false,"potions_floor_spawned":[4,11],"killed_by":"Slavers","ascension_level":20}