{"gold_per_floor":[115,115,190,204,204,204,230,244,295,295,324,324,351,368,368,467,467,477,477,477,362,378,412,439,451,451,465,475,3,18,38,38,142,142,154,171,171,185,205,205,205],"floor_reached":41,"playtime":1455,"items_purged":["Strike_B"],"score":721,"play_id":"e752f6c8-8c52-4a7b-bdb3-ccad8b043bd4","local_time":"20180819102103","is_ascension_mode":true,"campfire_choices":[{"data":"Zap","floor":6,"key":"SMITH"},{"data":"Echo Form","floor":10,"key":"SMITH"},{"floor":12,"key":"REST"},{"data":"Buffer","floor":15,"key":"SMITH"},{"floor":32,"key":"REST"},{"floor":40,"key":"REST"}],"neow_cost":"PERCENT_DAMAGE","seed_source_timestamp":1367878578878,"circlet_count":0,"master_deck":["Defend_B","Defend_B","Defend_B","Defend_B","Zap+1","Dualcast","Buffer+1","Leap","Echo Form+1","Steam","Defragment","Self Repair","Amplify","Electrodynamics","Recycle+1","Loop","Capacitor+1","Static Discharge","Reinforced Body","Mayhem","Multi-Cast","Defragment+1","Gash+1","Multi-Cast+1","Loop+1","Writhe","Auto Shields+1"],"relics":["Cracked Core","Anchor","Oddly Smooth Stone","DataDisk","StoneCalendar","Nuclear Battery","FaceOfCleric","Potion Belt","Orichalcum","Ornamental Fan","Cables","Astrolabe"],"potions_floor_usage":[7,11,16,23,28,33,36],"damage_taken":[{"damage":1,"enemies":"2 Louse","floor":1,"turns":3},{"damage":1,"enemies":"Jaw Worm","floor":4,"turns":4},{"damage":26,"enemies":"3 Sentries","floor":7,"turns":7},{"damage":0,"enemies":"Small Slimes","floor":8,"turns":4},{"damage":31,"enemies":"Gremlin Nob","floor":11,"turns":5},{"damage":0,"enemies":"Lagavulin","floor":13,"turns":8},{"damage":0,"enemies":"2 Fungi Beasts","floor":14,"turns":4},{"damage":0,"enemies":"The Guardian","floor":16,"turns":10},{"damage":17,"enemies":"2 Thieves","floor":18,"turns":4},{"damage":23,"enemies":"Spheric Guardian","floor":22,"turns":6},{"damage":0,"enemies":"Slavers","floor":23,"turns":3},{"damage":20,"enemies":"Shelled Parasite and Fungi","floor":25,"turns":5},{"damage":12,"enemies":"Cultist and Chosen","floor":27,"turns":5},{"damage":10,"enemies":"Centurion and Healer","floor":28,"turns":5},{"damage":20,"enemies":"Snake Plant","floor":30,"turns":5},{"damage":6,"enemies":"Snecko","floor":31,"turns":5},{"damage":36,"enemies":"Champ","floor":33,"turns":8},{"damage":36,"enemies":"3 Darklings","floor":35,"turns":4},{"damage":11,"enemies":"3 Shapes","floor":36,"turns":4},{"damage":22,"enemies":"3 Darklings","floor":38,"turns":3},{"damage":0,"enemies":"4 Shapes","floor":39,"turns":4},{"damage":65,"enemies":"2 Orb Walkers","floor":41,"turns":3}],"seed_played":"-2371777651886899303","potions_obtained":[{"floor":1,"key":"Explosive Potion"},{"floor":7,"key":"SteroidPotion"},{"floor":8,"key":"Strength Potion"},{"floor":13,"key":"Strength Potion"},{"floor":22,"key":"Fruit Juice"},{"floor":23,"key":"SkillPotion"},{"floor":28,"key":"FocusPotion"},{"floor":30,"key":"AttackPotion"},{"floor":33,"key":"LiquidBronze"}],"is_trial":false,"path_per_floor":["M","?","?","M","?","R","E","M","T","R","E","R","E","M","R","B",null,"M","?","?","$","M","E","T","M","T","M","M","$","M","M","R","B",null,"M","M","?","M","M","R"],"character_chosen":"DEFECT","items_purchased":["Loop","Cables","Mayhem"],"campfire_rested":3,"item_purchase_floors":[21,29,29],"current_hp_per_floor":[49,54,43,42,80,80,54,54,54,54,23,47,47,61,61,61,75,58,58,58,58,50,56,56,51,51,54,52,52,40,35,62,27,77,42,32,56,35,36,65,0],"gold":205,"neow_bonus":"THREE_RARE_CARDS","is_prod":false,"is_daily":false,"chose_seed":false,"campfire_upgraded":3,"win_rate":0,"timestamp":1534666863,"path_taken":["M","?","?","M","?","R","E","M","T","R","E","R","E","?","R","BOSS","M","?","?","$","M","E","?","M","T","M","?","$","M","M","R","BOSS","M","?","?","M","M","R","E"],"build_version":"2018-08-16","purchased_purges":1,"victory":false,"max_hp_per_floor":[75,80,80,80,80,80,80,80,80,80,80,80,80,80,80,80,80,80,80,80,80,81,87,87,88,88,89,90,90,91,92,92,93,93,94,95,95,96,97,97,97],"card_choices":[{"not_picked":["Multi-Cast","Seek"],"picked":"Buffer","floor":0},{"not_picked":["Lockon","Gash"],"picked":"Leap","floor":1},{"not_picked":["Static Discharge","Reprogram"],"picked":"Darkness","floor":4},{"not_picked":["Hologram","Rebound"],"picked":"Echo Form","floor":7},{"not_picked":["Compile Driver","Rebound"],"picked":"Steam","floor":8},{"not_picked":["Redo","Gash"],"picked":"Defragment","floor":11},{"not_picked":["Ball Lightning","Go for the Eyes"],"picked":"Self Repair","floor":13},{"not_picked":["FTL","Consume"],"picked":"Amplify","floor":14},{"not_picked":["Amplify","Seek"],"picked":"Electrodynamics","floor":16},{"not_picked":["Compile Driver","Barrage"],"picked":"Recycle+1","floor":18},{"not_picked":["Hello World","Gash"],"picked":"Capacitor+1","floor":22},{"not_picked":["Stack","Genetic Algorithm"],"picked":"Static Discharge","floor":23},{"not_picked":["Double Energy","Coolheaded","Barrage"],"picked":"SKIP","floor":25},{"not_picked":["Barrage","Reprogram","Double Energy+1"],"picked":"SKIP","floor":27},{"not_picked":["Cold Snap+1","Beam Cell+1"],"picked":"Reinforced Body","floor":28},{"not_picked":["Streamline","Fusion","Undo"],"picked":"SKIP","floor":30},{"not_picked":["Go for the Eyes","Coolheaded","Darkness"],"picked":"SKIP","floor":31},{"not_picked":["Fission","Electrodynamics"],"picked":"Multi-Cast","floor":33},{"not_picked":["Hologram+1","Beam Cell+1","Cold Snap"],"picked":"SKIP","floor":35},{"not_picked":["Redo+1","Steam+1"],"picked":"Loop+1","floor":36},{"not_picked":["Sweeping Beam+1","Scrape","Leap"],"picked":"SKIP","floor":38},{"not_picked":["Sweeping Beam","Beam Cell"],"picked":"Auto Shields+1","floor":39}],"player_experience":86564,"relics_obtained":[{"floor":7,"key":"Anchor"},{"floor":9,"key":"Oddly Smooth Stone"},{"floor":11,"key":"DataDisk"},{"floor":13,"key":"StoneCalendar"},{"floor":23,"key":"Potion Belt"},{"floor":24,"key":"Orichalcum"},{"floor":26,"key":"Ornamental Fan"}],"event_choices":[{"event_name":"Big Fish","player_choice":"Donut","floor":2,"damage_taken":0},{"event_name":"World of Goop","player_choice":"Gather Gold","floor":3,"damage_taken":0},{"event_name":"Bonfire Elementals","player_choice":"UNCOMMON","floor":5,"damage_taken":0},{"event_name":"Vampires","player_choice":"Ignored","floor":19,"damage_taken":0},{"event_name":"FaceTrader","player_choice":"Trade","floor":20,"damage_taken":0},{"event_name":"Winding Halls","player_choice":"Writhe","floor":37,"damage_taken":0}],"is_beta":true,"boss_relics":[{"not_picked":["Runic Dome","White Beast Statue"],"picked":"Nuclear Battery"},{"not_picked":["Inserter","Lizard Tail"],"picked":"Astrolabe"}],"items_purged_floors":[21],"is_endless":false,"potions_floor_spawned":[1,7,8,13,22,23,28,30,33],"killed_by":"2 Orb Walkers","ascension_level":6}