{"gold_per_floor":[114,114,114,129,129,129,129,129,129,459,459,559,574,589,589,689,689,704,537,552,552,577,577,607,607,607,607,622,637,652,652,652,752,752,767,782,130,145,145,145,9,24,74,104,104,119,119,134,134,134],"floor_reached":51,"playtime":2564,"items_purged":[],"score":845,"play_id":"225e4ad3-0d0d-4ef7-8bb1-9ba404095c3a","local_time":"20180727184956","daily_mods":["Specialized","Night Terrors","Hoarder"],"is_ascension_mode":false,"campfire_choices":[{"data":"Perfected Strike","floor":6,"key":"SMITH"},{"data":"Bash","floor":8,"key":"SMITH"},{"data":"Pommel Strike","floor":11,"key":"SMITH"},{"data":"Iron Wave","floor":15,"key":"SMITH"},{"data":"Pommel Strike","floor":23,"key":"SMITH"},{"floor":25,"key":"REST"},{"data":"Feed","floor":27,"key":"SMITH"},{"floor":32,"key":"REST"},{"data":"Barricade","floor":40,"key":"SMITH"},{"data":"Reaper","floor":45,"key":"SMITH"},{"data":"Reaper","floor":49,"key":"SMITH"}],"neow_cost":"","seed_source_timestamp":0,"circlet_count":0,"master_deck":["Strike_R+1","Strike_R+1","Strike_R+1","Strike_R+1","Strike_R+1","Defend_R+1","Defend_R+1","Defend_R+1","Defend_R+1","Bash+1","Exhume","Exhume","Exhume","Exhume","Exhume","Exhume","Exhume","Exhume","Exhume","Exhume","Exhume","Exhume","Exhume","Exhume","Perfected Strike+1","Perfected Strike+1","Perfected Strike+1","Juggernaut","Juggernaut","Juggernaut","Corruption","Corruption","Corruption","Pommel Strike+1","Pommel Strike","Pommel Strike+1","Iron Wave+1","Iron Wave","Iron Wave","Feed+1","Feed","Feed","Anger","Anger","Anger","Seeing Red","Seeing Red","Seeing Red","Finesse","Finesse","Finesse","Intimidate+1","Intimidate+1","Intimidate+1","Cleave+1","Cleave+1","Cleave+1","Flex","Flex","Flex","Barricade+1","Barricade","Barricade","Ghostly Armor","Ghostly Armor","Ghostly Armor","Body Slam","Body Slam","Body Slam","Apotheosis","Apotheosis","Apotheosis","PanicButton","PanicButton","PanicButton","Reaper","Reaper+1","Reaper+1","Spot Weakness+1","Spot Weakness+1","Spot Weakness+1","Doubt","Doubt","Doubt","Inflame+1","Inflame+1","Inflame+1"],"special_seed":17739,"relics":["Black Blood","Shuriken","Old Coin","Sozu","Happy Flower","Dodecahedron","Ginger","Incense Burner","Strawberry","Lantern"],"potions_floor_usage":[16,16],"damage_taken":[{"damage":17,"enemies":"2 Louse","floor":1,"turns":5},{"damage":6,"enemies":"Jaw Worm","floor":4,"turns":2},{"damage":28,"enemies":"Gremlin Nob","floor":10,"turns":4},{"damage":0,"enemies":"Small Slimes","floor":13,"turns":2},{"damage":10,"enemies":"Looter","floor":14,"turns":3},{"damage":16,"enemies":"The Guardian","floor":16,"turns":7},{"damage":8,"enemies":"Spheric Guardian","floor":18,"turns":4},{"damage":28,"enemies":"2 Thieves","floor":20,"turns":3},{"damage":20,"enemies":"Book of Stabbing","floor":24,"turns":3},{"damage":20,"enemies":"Centurion and Healer","floor":28,"turns":6},{"damage":20,"enemies":"Cultist and Chosen","floor":29,"turns":5},{"damage":33,"enemies":"Snake Plant","floor":30,"turns":4},{"damage":74,"enemies":"Champ","floor":33,"turns":8},{"damage":46,"enemies":"Orb Walker","floor":35,"turns":5},{"damage":6,"enemies":"3 Shapes","floor":36,"turns":4},{"damage":40,"enemies":"Spire Growth","floor":38,"turns":6},{"damage":19,"enemies":"Flame Bruiser 2 Orb","floor":42,"turns":7},{"damage":24,"enemies":"Nemesis","floor":44,"turns":9},{"damage":54,"enemies":"Transient","floor":46,"turns":5},{"damage":21,"enemies":"3 Darklings","floor":48,"turns":6},{"damage":79,"enemies":"Awakened One","floor":50,"turns":13}],"seed_played":"-8062012140041976232","potions_obtained":[{"floor":10,"key":"Poison Potion"},{"floor":14,"key":"AttackPotion"}],"is_trial":false,"path_per_floor":["M","?","?","M","?","R","?","R","T","E","R","?","M","M","R","B",null,"M","$","M","?","T","R","E","R","T","R","M","M","M","?","R","B",null,"M","M","$","M","?","R","$","M","T","E","R","M","?","M","R","B"],"character_chosen":"IRONCLAD","items_purchased":["Seeing Red","Finesse","Incense Burner","Body Slam","Apotheosis","PanicButton","Reaper"],"campfire_rested":2,"item_purchase_floors":[19,19,37,37,37,37,41],"current_hp_per_floor":[69,69,69,69,69,69,69,69,69,47,47,47,53,49,49,39,80,78,78,56,56,56,56,42,75,75,75,69,61,34,34,84,16,84,48,58,58,28,79,79,79,83,90,94,94,61,94,87,87,98],"gold":134,"neow_bonus":"","is_prod":false,"is_daily":true,"chose_seed":false,"campfire_upgraded":9,"win_rate":0,"timestamp":1532731796,"path_taken":["M","?","?","M","?","R","?","R","T","E","R","?","M","?","R","BOSS","M","$","M","?","?","R","E","R","T","R","?","?","M","?","R","BOSS","M","M","$","M","?","R","$","M","T","E","R","M","?","M","R","BOSS"],"build_version":"2018-07-26","purchased_purges":0,"victory":true,"max_hp_per_floor":[80,80,80,80,80,80,80,80,80,80,80,80,80,80,80,80,80,80,80,80,80,80,80,80,75,75,75,83,89,89,89,84,84,84,84,90,90,90,79,79,79,83,90,94,94,94,94,98,98,98],"card_choices":[{"not_picked":["Headbutt","Twin Strike"],"picked":"Perfected Strike","floor":1},{"not_picked":["Second Wind","Havoc"],"picked":"Corruption","floor":4},{"not_picked":["Fire Breathing","Clash"],"picked":"Pommel Strike","floor":10},{"not_picked":["Dual Wield","Feel No Pain"],"picked":"Iron Wave","floor":13},{"not_picked":["Headbutt","Heavy Blade","Pommel Strike"],"picked":"SKIP","floor":14},{"not_picked":["Limit Break","Impervious"],"picked":"Feed","floor":16},{"not_picked":["Pommel Strike","Heavy Blade"],"picked":"Anger","floor":18},{"not_picked":["Pommel Strike","Sentinel"],"picked":"Intimidate+1","floor":20},{"not_picked":["Dual Wield","Shockwave"],"picked":"Cleave+1","floor":24},{"not_picked":["Armaments","Uppercut+1","Twin Strike"],"picked":"SKIP","floor":28},{"not_picked":["Feel No Pain","Warcry+1"],"picked":"Flex","floor":29},{"not_picked":["Twin Strike","Iron Wave","Thunderclap"],"picked":"SKIP","floor":30},{"not_picked":["Exhume","Berserk"],"picked":"Barricade","floor":33},{"not_picked":["Headbutt+1","Pommel Strike"],"picked":"Ghostly Armor","floor":35},{"not_picked":["Evolve","Dropkick+1","Clothesline"],"picked":"SKIP","floor":36},{"not_picked":["Cleave+1","Bloodletting","Perfected Strike"],"picked":"SKIP","floor":38},{"not_picked":["True Grit+1","Wild Strike","Clash+1"],"picked":"SKIP","floor":42},{"not_picked":["Wild Strike+1","Reckless Charge+1"],"picked":"Spot Weakness+1","floor":44},{"not_picked":["Combust","Headbutt","Clash"],"picked":"SKIP","floor":46},{"not_picked":["True Grit","Armaments+1"],"picked":"Inflame+1","floor":48}],"player_experience":161817,"relics_obtained":[{"floor":9,"key":"Shuriken"},{"floor":10,"key":"Old Coin"},{"floor":22,"key":"Happy Flower"},{"floor":24,"key":"Dodecahedron"},{"floor":26,"key":"Ginger"},{"floor":43,"key":"Strawberry"},{"floor":44,"key":"Lantern"}],"event_choices":[{"event_name":"Living Wall","player_choice":"Change","floor":2,"damage_taken":0},{"event_name":"Accursed Blacksmith","player_choice":"Forge","floor":3,"damage_taken":0},{"event_name":"Upgrade Shrine","player_choice":"Upgraded","floor":5,"damage_taken":0},{"event_name":"Golden Idol","player_choice":"Ignored","floor":7,"damage_taken":0},{"event_name":"Golden Shrine","player_choice":"Pray","floor":12,"damage_taken":0},{"event_name":"The Mausoleum","player_choice":"No","floor":21,"damage_taken":0},{"event_name":"Back to Basics","player_choice":"Simplicity","floor":31,"damage_taken":0},{"event_name":"The Moai Head","player_choice":"Heal","floor":39,"damage_taken":0},{"event_name":"MindBloom","player_choice":"Heal","floor":47,"damage_taken":0}],"is_beta":true,"boss_relics":[{"not_picked":["Cursed Key","Coffee Dripper"],"picked":"Sozu"},{"not_picked":["Runic Dome","Velvet Choker"],"picked":"Black Blood"}],"items_purged_floors":[],"is_endless":false,"potions_floor_spawned":[10,14,18,24,42,44],"ascension_level":0}