{"gold_per_floor":[119,119,139,214,214,214,245,262,333,333,364,364,378,412,412,412],"floor_reached":16,"playtime":455,"items_purged":[],"score":157,"play_id":"ed736d8b-5f79-47b9-b541-8ad2487b6a69","local_time":"20180712071202","is_ascension_mode":true,"campfire_choices":[{"data":"Hyperbeam","floor":6,"key":"SMITH"},{"floor":10,"key":"REST"},{"data":"Reinforced Body","floor":12,"key":"SMITH"},{"floor":15,"key":"REST"}],"neow_cost":"NONE","seed_source_timestamp":4674555423865,"circlet_count":0,"master_deck":["Strike_B","Strike_B","Strike_B+1","Strike_B","Defend_B","Defend_B+1","Defend_B","Defend_B","Zap","Dualcast+1","Hyperbeam+1","Sweeping Beam+1","Recycle","Reinforced Body+1","Chill","Conserve Battery","Reinforced Body","Beam Cell"],"relics":["Cracked Core","Boot","Ornamental Fan","Whetstone","Lantern"],"potions_floor_usage":[14,14,16],"damage_taken":[{"damage":2,"enemies":"Jaw Worm","floor":1,"turns":3},{"damage":0,"enemies":"Small Slimes","floor":3,"turns":1},{"damage":25,"enemies":"Gremlin Nob","floor":7,"turns":4},{"damage":0,"enemies":"2 Louse","floor":8,"turns":1},{"damage":0,"enemies":"3 Sentries","floor":11,"turns":1},{"damage":4,"enemies":"Blue Slaver","floor":13,"turns":2},{"damage":19,"enemies":"Gremlin Nob","floor":14,"turns":5},{"damage":57,"enemies":"Hexaghost","floor":16,"turns":16}],"seed_played":"771224586393722251","potions_obtained":[{"floor":7,"key":"SpeedPotion"},{"floor":8,"key":"PowerPotion"},{"floor":11,"key":"EssenceOfSteel"}],"is_trial":false,"path_per_floor":["M","?","M","?","?","R","E","M","T","R","E","R","M","E","R"],"character_chosen":"DEFECT","items_purchased":[],"campfire_rested":2,"item_purchase_floors":[],"current_hp_per_floor":[73,58,58,58,58,58,33,33,33,55,55,55,51,32,54,0],"gold":412,"neow_bonus":"ONE_RANDOM_RARE_CARD","is_prod":false,"is_daily":false,"chose_seed":false,"campfire_upgraded":2,"win_rate":0,"timestamp":1531372322,"path_taken":["M","?","M","?","?","R","E","M","T","R","E","R","M","E","R","BOSS"],"build_version":"2018-07-10","purchased_purges":0,"victory":false,"max_hp_per_floor":[75,75,75,75,75,75,75,75,75,75,75,75,75,75,75,75],"card_choices":[{"not_picked":["Ball Lightning","Loop"],"picked":"Sweeping Beam","floor":1},{"not_picked":["Steam","Sweeping Beam"],"picked":"Recycle","floor":3},{"not_picked":["Static Discharge","Sweeping Beam"],"picked":"Reinforced Body","floor":7},{"not_picked":["Rip and Tear","Sweeping Beam"],"picked":"Chill","floor":8},{"not_picked":["Leap","Heatsinks"],"picked":"Conserve Battery","floor":11},{"not_picked":["Lockon","Leap"],"picked":"Reinforced Body","floor":13},{"not_picked":["Go for the Eyes","Steam"],"picked":"Beam Cell","floor":14}],"player_experience":46639,"relics_obtained":[{"floor":7,"key":"Boot"},{"floor":9,"key":"Ornamental Fan"},{"floor":11,"key":"Whetstone"},{"floor":14,"key":"Lantern"}],"event_choices":[{"event_name":"Shining Light","player_choice":"Entered Light","floor":2,"damage_taken":0},{"event_name":"Golden Wing","player_choice":"Gained Gold","floor":4,"damage_taken":0},{"event_name":"The Cleric","player_choice":"Leave","floor":5,"damage_taken":0}],"boss_relics":[],"items_purged_floors":[],"is_endless":false,"potions_floor_spawned":[7,8,11],"killed_by":"Hexaghost","ascension_level":2}