{"gold_per_floor":[117,66,84,259,209,209,241,241,296,221,254,266,266,266],"floor_reached":14,"playtime":475,"items_purged":["Strike_R"],"score":130,"play_id":"4bfacbf3-bfb0-42b3-a32d-967414595ef9","local_time":"20190415134244","is_ascension_mode":true,"campfire_choices":[{"data":"Flame Barrier","floor":6,"key":"SMITH"},{"data":"True Grit","floor":13,"key":"SMITH"}],"neow_cost":"NONE","seed_source_timestamp":364821660858200,"circlet_count":0,"master_deck":["Strike_R","Strike_R","Strike_R","Strike_R","Defend_R","Defend_R","Defend_R","Defend_R","Bash","Madness","Flame Barrier+1","Warcry","True Grit+1","Flame Barrier","Uppercut"],"relics":["Burning Blood","Orichalcum","Tiny Chest","Art of War"],"potions_floor_usage":[7,11],"damage_taken":[{"damage":0,"enemies":"Cultist","floor":1,"turns":3},{"damage":0,"enemies":"Small Slimes","floor":3,"turns":5},{"damage":42,"enemies":"3 Sentries","floor":7,"turns":11},{"damage":32,"enemies":"Gremlin Nob","floor":11,"turns":7},{"damage":9,"enemies":"2 Louse","floor":12,"turns":3},{"damage":25,"enemies":"Large Slime","floor":14,"turns":5}],"seed_played":"-7180070232270718894","potions_obtained":[{"floor":1,"key":"Swift Potion"},{"floor":7,"key":"Ancient Potion"},{"floor":11,"key":"Poison Potion"},{"floor":12,"key":"Swift Potion"}],"is_trial":false,"path_per_floor":["M","$","M","?","?","R","E","?","T","$","E","M","R","M"],"character_chosen":"IRONCLAD","items_purchased":["Warcry"],"campfire_rested":0,"item_purchase_floors":[2],"current_hp_per_floor":[78,78,80,80,80,80,44,49,49,49,23,20,20,0],"gold":266,"neow_bonus":"RANDOM_COLORLESS","is_prod":false,"is_daily":false,"chose_seed":false,"campfire_upgraded":2,"win_rate":0,"timestamp":1555306964,"path_taken":["M","$","?","?","?","R","E","?","T","?","E","M","R","M"],"build_version":"2019-01-23","purchased_purges":1,"victory":false,"max_hp_per_floor":[80,80,80,80,80,80,80,85,85,85,85,85,85,85],"card_choices":[{"not_picked":["Battle Trance","Combust"],"picked":"Flame Barrier","floor":1},{"not_picked":["Feel No Pain","Clash"],"picked":"True Grit","floor":3},{"not_picked":["Second Wind","Clash"],"picked":"Flame Barrier","floor":7},{"not_picked":["Berserk","Bloodletting"],"picked":"Uppercut","floor":11},{"not_picked":["Headbutt","Havoc","Whirlwind"],"picked":"SKIP","floor":12}],"player_experience":491255,"relics_obtained":[{"floor":7,"key":"Orichalcum"},{"floor":9,"key":"Tiny Chest"},{"floor":11,"key":"Art of War"}],"event_choices":[{"damage_healed":0,"gold_gain":175,"player_choice":"AGREE","damage_taken":0,"max_hp_gain":0,"max_hp_loss":0,"event_name":"Liars Game","floor":4,"gold_loss":0,"cards_obtained":["Doubt"]},{"cards_removed":["Doubt"],"damage_healed":0,"gold_gain":0,"player_choice":"Card Removal","damage_taken":0,"max_hp_gain":0,"max_hp_loss":0,"event_name":"The Cleric","floor":5,"gold_loss":50},{"damage_healed":0,"gold_gain":0,"player_choice":"Donut","damage_taken":0,"max_hp_gain":5,"max_hp_loss":0,"event_name":"Big Fish","floor":8,"gold_loss":0}],"is_beta":false,"boss_relics":[],"items_purged_floors":[10],"is_endless":false,"potions_floor_spawned":[1,7,11,12],"killed_by":"Large Slime","ascension_level":7}