{"gold_per_floor":[118,118,138,138,138,173,173,189,261,275,305,316,316],"floor_reached":13,"playtime":679,"items_purged":[],"score":100,"play_id":"699994d6-df6d-4320-b2ae-b033e8a0b38c","local_time":"20190401133048","is_ascension_mode":true,"campfire_choices":[{"data":"Noxious Fumes","floor":7,"key":"SMITH"}],"neow_cost":"NONE","seed_source_timestamp":1696764078319864,"circlet_count":0,"master_deck":["Defend_G","Defend_G+1","Defend_G","Defend_G+1","Defend_G","Strike_G","Strike_G","Strike_G","Strike_G","Strike_G","Survivor","Neutralize","Quick Slash","Footwork","Pain","Noxious Fumes+1","Cloak And Dagger","Sucker Punch","Flying Knee","Sucker Punch"],"relics":["Ring of the Snake","WarpedTongs","Lantern","Paper Crane","Happy Flower"],"potions_floor_usage":[11,13],"damage_taken":[{"damage":0,"enemies":"Small Slimes","floor":1,"turns":4},{"damage":1,"enemies":"2 Louse","floor":3,"turns":3},{"damage":28,"enemies":"Lagavulin","floor":6,"turns":9},{"damage":3,"enemies":"Cultist","floor":8,"turns":4},{"damage":5,"enemies":"Looter","floor":10,"turns":4},{"damage":16,"enemies":"Gremlin Nob","floor":11,"turns":4},{"damage":4,"enemies":"Gremlin Gang","floor":12,"turns":4},{"damage":5,"enemies":"Exordium Wildlife","floor":13,"turns":1}],"seed_played":"-6774696595929895864","potions_obtained":[{"floor":6,"key":"Swift Potion"},{"floor":8,"key":"GamblersBrew"},{"floor":11,"key":"PowerPotion"}],"is_trial":false,"path_per_floor":["M","?","M","?","?","E","R","M","T","M","E","M","M"],"character_chosen":"THE_SILENT","items_purchased":[],"campfire_rested":0,"item_purchase_floors":[],"current_hp_per_floor":[77,77,76,61,61,33,33,30,30,25,9,5,0],"gold":316,"neow_bonus":"TEN_PERCENT_HP_BONUS","is_prod":false,"is_daily":false,"chose_seed":false,"campfire_upgraded":1,"win_rate":0,"timestamp":1554143448,"path_taken":["M","?","M","?","?","E","R","M","T","?","E","M","M"],"build_version":"2019-01-23","purchased_purges":0,"victory":false,"max_hp_per_floor":[77,77,77,77,77,77,77,77,77,77,77,77,77],"card_choices":[{"not_picked":["Deadly Poison","Underhanded Strike"],"picked":"Quick Slash","floor":1},{"not_picked":["Backflip","Poisoned Stab"],"picked":"Footwork","floor":3},{"not_picked":["Dagger Spray","Underhanded Strike"],"picked":"Noxious Fumes","floor":6},{"not_picked":["Dagger Throw","Wraith Form v2"],"picked":"Cloak And Dagger","floor":8},{"not_picked":["PiercingWail","Reflex"],"picked":"Sucker Punch","floor":10},{"not_picked":["Heel Hook","Calculated Gamble"],"picked":"Flying Knee","floor":11},{"not_picked":["Finisher","Tactician"],"picked":"Sucker Punch","floor":12}],"player_experience":140559,"relics_obtained":[{"floor":6,"key":"Lantern"},{"floor":9,"key":"Paper Crane"},{"floor":11,"key":"Happy Flower"}],"event_choices":[{"damage_healed":0,"gold_gain":0,"player_choice":"Ignored","damage_taken":0,"max_hp_gain":0,"max_hp_loss":0,"event_name":"Golden Wing","floor":2,"gold_loss":0},{"damage_healed":0,"gold_gain":0,"player_choice":"Entered Light","damage_taken":15,"max_hp_gain":0,"max_hp_loss":0,"event_name":"Shining Light","floor":4,"gold_loss":0,"cards_upgraded":["Defend_G","Defend_G"]},{"damage_healed":0,"gold_gain":0,"player_choice":"Rummage","damage_taken":0,"relics_obtained":["WarpedTongs"],"max_hp_gain":0,"max_hp_loss":0,"event_name":"Accursed Blacksmith","floor":5,"gold_loss":0,"cards_obtained":["Pain"]}],"is_beta":false,"boss_relics":[],"items_purged_floors":[],"is_endless":false,"potions_floor_spawned":[6,8,11],"killed_by":"Exordium Wildlife","ascension_level":1}