{"gold_per_floor":[116,133,208,208,219,73,73,85,138,148,179,179,209,227,227,330,330,345,364,57,74,74,74],"floor_reached":23,"playtime":818,"items_purged":["Strike_B","Strike_B"],"score":203,"play_id":"87a7f221-2941-4a58-b6f8-58f0a87fbf13","local_time":"20190411211436","is_ascension_mode":false,"campfire_choices":[{"data":"Zap","floor":7,"key":"SMITH"},{"floor":15,"key":"REST"}],"neow_cost":"NONE","seed_source_timestamp":45959950802200,"circlet_count":0,"master_deck":["Strike_B","Defend_B","Defend_B","Defend_B","Defend_B","Zap+1","Dualcast","Electrodynamics","Storm","Rip and Tear","Heatsinks","Auto Shields","Echo Form","Gash","RitualDagger"],"relics":["Cracked Core","Vajra","Cables","Philosopher\u0027s Stone","PrismaticShard"],"potions_floor_usage":[13,13,13,16,23],"damage_taken":[{"damage":0,"enemies":"Jaw Worm","floor":1,"turns":3},{"damage":0,"enemies":"2 Louse","floor":2,"turns":1},{"damage":0,"enemies":"Cultist","floor":5,"turns":4},{"damage":0,"enemies":"Looter","floor":8,"turns":4},{"damage":13,"enemies":"Exordium Thugs","floor":10,"turns":3},{"damage":34,"enemies":"Gremlin Nob","floor":11,"turns":5},{"damage":11,"enemies":"Lagavulin","floor":13,"turns":4},{"damage":0,"enemies":"3 Louse","floor":14,"turns":3},{"damage":21,"enemies":"The Guardian","floor":16,"turns":10},{"damage":11,"enemies":"Spheric Guardian","floor":18,"turns":3},{"damage":1,"enemies":"Chosen","floor":19,"turns":3},{"damage":18,"enemies":"Snecko","floor":21,"turns":5},{"damage":39,"enemies":"Slavers","floor":23,"turns":3}],"seed_played":"-7761484751466050737","potions_obtained":[{"floor":1,"key":"SteroidPotion"},{"floor":8,"key":"Dexterity Potion"},{"floor":12,"key":"Poison Potion"},{"floor":12,"key":"Poison Potion"},{"floor":12,"key":"FocusPotion"},{"floor":13,"key":"SpeedPotion"},{"floor":21,"key":"Dexterity Potion"}],"is_trial":false,"path_per_floor":["M","M","?","?","M","$","R","M","T","M","E","?","E","M","R","B",null,"M","M","$","M","?","E"],"character_chosen":"DEFECT","items_purchased":["Storm","PrismaticShard"],"campfire_rested":1,"item_purchase_floors":[6,20],"current_hp_per_floor":[75,75,64,64,64,64,64,64,64,51,17,17,6,6,28,7,75,64,63,63,45,39,0],"gold":74,"neow_bonus":"ONE_RANDOM_RARE_CARD","is_prod":false,"is_daily":false,"chose_seed":false,"campfire_upgraded":1,"win_rate":0,"timestamp":1554988476,"path_taken":["M","M","?","?","M","$","R","?","T","M","E","?","E","M","R","BOSS","M","M","$","M","?","E"],"build_version":"2019-01-23","purchased_purges":2,"victory":false,"max_hp_per_floor":[75,75,75,75,75,75,75,75,75,75,75,75,75,75,75,75,75,75,75,75,75,75,75],"card_choices":[{"not_picked":["White Noise","Rebound","Streamline"],"picked":"SKIP","floor":1},{"not_picked":["Sweeping Beam","Reinforced Body","Chill"],"picked":"SKIP","floor":2},{"not_picked":["Cold Snap","Turbo","Double Energy"],"picked":"SKIP","floor":5},{"not_picked":["Redo","Rebound","Turbo"],"picked":"SKIP","floor":8},{"not_picked":["Go for the Eyes","FTL","Multi-Cast"],"picked":"SKIP","floor":10},{"not_picked":["Leap","Melter"],"picked":"Rip and Tear","floor":11},{"not_picked":["Rip and Tear","Beam Cell"],"picked":"Heatsinks","floor":13},{"not_picked":["Streamline","Cold Snap"],"picked":"Auto Shields","floor":14},{"not_picked":["Machine Learning","Thunder Strike"],"picked":"Echo Form","floor":16},{"not_picked":["Rebound","Consume+1"],"picked":"Gash","floor":18},{"not_picked":["Hologram","Stack","Doom and Gloom"],"picked":"SKIP","floor":19},{"not_picked":["Rage","Steam","Hemokinesis"],"picked":"SKIP","floor":21}],"player_experience":465614,"relics_obtained":[{"floor":11,"key":"Vajra"},{"floor":13,"key":"Cables"}],"event_choices":[{"damage_healed":0,"gold_gain":75,"player_choice":"Gather Gold","damage_taken":11,"max_hp_gain":0,"max_hp_loss":0,"event_name":"World of Goop","floor":3,"gold_loss":0},{"cards_removed":["Strike_B"],"damage_healed":0,"gold_gain":0,"player_choice":"Purged","damage_taken":0,"max_hp_gain":0,"max_hp_loss":0,"event_name":"Purifier","floor":4,"gold_loss":0},{"damage_healed":0,"gold_gain":0,"player_choice":"Got Potions","damage_taken":0,"max_hp_gain":0,"max_hp_loss":0,"event_name":"Lab","floor":12,"gold_loss":0},{"damage_healed":0,"gold_gain":0,"player_choice":"Joined the Cult","damage_taken":6,"max_hp_gain":0,"max_hp_loss":0,"event_name":"Nest","floor":22,"gold_loss":0,"cards_obtained":["RitualDagger"]}],"is_beta":false,"boss_relics":[{"not_picked":["Snecko Eye","Runic Dome"],"picked":"Philosopher\u0027s Stone"}],"items_purged_floors":[6,20],"is_endless":false,"potions_floor_spawned":[1,8,13,21],"killed_by":"Slavers","ascension_level":0}