{"gold_per_floor":[112,126,138,138,154,154,165,182,182,213,227,305,305,321,321,397,397,397,397,312,312,312,312,283,315,365,62,97,97,129,140,140,217,267,279,294,74,92,29,29,44,44,44,60,77,110,125,125,125,125,125,125,125,1,35,35],"floor_reached":57,"playtime":3060,"items_purged":["Strike_G","Strike_G","Defend_G","Defend_G"],"score":3042,"play_id":"b460d7b8-b408-469c-a318-b41f05e24488","local_time":"20190430173259","is_ascension_mode":true,"campfire_choices":[{"data":"Flechettes","floor":6.0,"key":"SMITH"},{"data":"Well Laid Plans","floor":15.0,"key":"SMITH"},{"data":"Terror","floor":23.0,"key":"SMITH"},{"data":"Footwork","floor":29.0,"key":"SMITH"},{"data":"Wraith Form v2","floor":32.0,"key":"SMITH"},{"data":"PiercingWail","floor":40.0,"key":"SMITH"},{"floor":42,"key":"RECALL"},{"data":"Madness","floor":49,"key":"SMITH"},{"data":"Burst","floor":53,"key":"SMITH"}],"neow_cost":"NONE","seed_source_timestamp":495471123160845,"circlet_count":0,"master_deck":["AscendersBane","Defend_G+1","Defend_G","Defend_G","Survivor","Neutralize+1","Flechettes+1","Well Laid Plans+1","Terror+1","Backstab+1","Footwork+1","Die Die Die+1","Burst+1","Wraith Form v2+1","Acrobatics+1","PiercingWail+1","Acrobatics+1","Prepared+1","Madness","Madness+1","Purity"],"special_seed":0,"relics":["Ring of the Snake","NeowsBlessing","Mercury Hourglass","Sundial","FossilizedHelix","Matryoshka","Eternal Feather","Pear","Dodecahedron","Lantern","Oddly Smooth Stone","Membership Card","Mango","Bag of Marbles","Tiny House","Tough Bandages","Happy Flower","Centennial Puzzle","Whetstone"],"potions_floor_usage":[56],"damage_taken":[{"damage":0.0,"enemies":"Cultist","floor":1.0,"turns":1.0},{"damage":0.0,"enemies":"Small Slimes","floor":2.0,"turns":1.0},{"damage":0.0,"enemies":"Jaw Worm","floor":3.0,"turns":1.0},{"damage":1.0,"enemies":"2 Fungi Beasts","floor":5.0,"turns":3.0},{"damage":19.0,"enemies":"Exordium Thugs","floor":7.0,"turns":4.0},{"damage":8.0,"enemies":"Blue Slaver","floor":8.0,"turns":2.0},{"damage":17.0,"enemies":"Lagavulin","floor":10.0,"turns":7.0},{"damage":0.0,"enemies":"3 Louse","floor":11.0,"turns":3.0},{"damage":0.0,"enemies":"2 Fungi Beasts","floor":14.0,"turns":2.0},{"damage":2.0,"enemies":"Hexaghost","floor":16.0,"turns":9.0},{"damage":0.0,"enemies":"Chosen","floor":18.0,"turns":3.0},{"damage":11.0,"enemies":"2 Thieves","floor":24.0,"turns":4.0},{"damage":44.0,"enemies":"Book of Stabbing","floor":25.0,"turns":6.0},{"damage":0.0,"enemies":"Slavers","floor":28.0,"turns":4.0},{"damage":5.0,"enemies":"Gremlin Leader","floor":30.0,"turns":4.0},{"damage":0.0,"enemies":"Snecko","floor":31.0,"turns":5.0},{"damage":44.0,"enemies":"Collector","floor":33.0,"turns":11.0},{"damage":1.0,"enemies":"Orb Walker","floor":35.0,"turns":4.0},{"damage":0.0,"enemies":"3 Shapes","floor":36.0,"turns":6.0},{"damage":3.0,"enemies":"3 Darklings","floor":38.0,"turns":5.0},{"damage":0,"enemies":"Writhing Mass","floor":41,"turns":4},{"damage":0,"enemies":"Spire Growth","floor":44,"turns":3},{"damage":0,"enemies":"Transient","floor":45,"turns":6},{"damage":0,"enemies":"Giant Head","floor":46,"turns":4},{"damage":0,"enemies":"3 Darklings","floor":47,"turns":3},{"damage":0,"enemies":"Time Eater","floor":50,"turns":7},{"damage":9,"enemies":"Donu and Deca","floor":51,"turns":6},{"damage":0,"enemies":"Shield and Spear","floor":55,"turns":3},{"damage":0,"enemies":"The Heart","floor":56,"turns":7}],"seed_played":"-7164523999628592066","potions_obtained":[{"floor":2.0,"key":"LiquidBronze"},{"floor":3.0,"key":"Explosive Potion"},{"floor":10.0,"key":"SmokeBomb"},{"floor":16.0,"key":"Block Potion"},{"floor":25.0,"key":"Energy Potion"},{"floor":30.0,"key":"PowerPotion"},{"floor":31.0,"key":"Regen Potion"},{"floor":35.0,"key":"SpeedPotion"},{"floor":38.0,"key":"Swift Potion"}],"is_trial":false,"path_per_floor":["M","M","M","?","M","R","M","M","T","E","M","T","?","M","R","B",null,"M","?","?","?","?","R","M","E","T","$","E","R","E","M","R","B",null,"M","M","$","M","$","R","M","R","T","M","M","E","M","?","R","B","B",null,"R","$","E","B",null],"character_chosen":"THE_SILENT","items_purchased":["Membership Card","SteroidPotion","PiercingWail","Tough Bandages","Purity"],"campfire_rested":0,"item_purchase_floors":[27,27,27,37,54],"current_hp_per_floor":[59,59,59,59,58,58,39,31,31,14,14,14,14,14,14,12,53,53,53,63,63,63,72,61,17,17,17,31,40,35,35,47,3,73,72,72,72,69,69,78,78,87,87,87,87,87,87,70,82,82,73,90,95,95,95,95],"gold":35,"neow_bonus":"THREE_ENEMY_KILL","is_prod":false,"is_daily":false,"chose_seed":false,"campfire_upgraded":8,"win_rate":0,"timestamp":1556616779,"path_taken":["M","?","M","?","?","R","M","M","T","E","M","?","?","M","R","BOSS","M","?","?","?","?","R","M","E","T","$","E","R","E","M","R","BOSS","M","M","$","?","$","R","M","R","T","M","M","E","M","?","R","BOSS","BOSS","R","$","E","BOSS"],"build_version":"2019-01-23","purchased_purges":4,"victory":true,"max_hp_per_floor":[66,66,66,66,66,66,66,66,66,66,66,66,66,66,66,66,66,66,66,76,76,76,76,76,76,76,76,90,90,90,90,90,90,95,95,95,95,95,95,95,95,95,95,95,95,95,95,95,95,95,95,95,95,95,95,95],"card_choices":[{"not_picked":["Flying Knee","Poisoned Stab","Blur"],"picked":"SKIP","floor":1.0},{"not_picked":["Bane","All Out Attack"],"picked":"Flechettes","floor":2.0},{"not_picked":["Deadly Poison","Dagger Throw"],"picked":"Well Laid Plans","floor":3.0},{"not_picked":["Underhanded Strike","Quick Slash"],"picked":"Terror","floor":5.0},{"not_picked":["Prepared","Quick Slash","Dodge and Roll"],"picked":"SKIP","floor":7.0},{"not_picked":["Riddle With Holes","Cloak And Dagger"],"picked":"Backstab","floor":8.0},{"not_picked":["Bane","Venomology"],"picked":"Footwork","floor":10.0},{"not_picked":["Dagger Throw","Footwork","Sucker Punch"],"picked":"SKIP","floor":11.0},{"not_picked":["Reflex","Slice","Footwork"],"picked":"SKIP","floor":14.0},{"not_picked":["Night Terror","Doppelganger"],"picked":"Die Die Die","floor":16.0},{"not_picked":["Caltrops","Dagger Spray"],"picked":"Acrobatics+1","floor":24.0},{"not_picked":["Prepared","Cloak And Dagger","Acrobatics"],"picked":"SKIP","floor":25.0},{"not_picked":["Blur","Eviscerate","Skewer"],"picked":"SKIP","floor":28.0},{"not_picked":["Bane","Underhanded Strike","Endless Agony+1"],"picked":"SKIP","floor":30.0},{"not_picked":["Bullet Time","Prepared"],"picked":"Acrobatics+1","floor":31.0},{"not_picked":["Outmaneuver","Cloak And Dagger","Bane"],"picked":"SKIP","floor":35.0},{"not_picked":["Dagger Spray","Leg Sweep+1","Flying Knee"],"picked":"SKIP","floor":36.0},{"not_picked":["Slice","Flechettes","Eviscerate"],"picked":"SKIP","floor":38.0},{"not_picked":["Flying Knee","Acrobatics"],"picked":"Prepared+1","floor":41},{"not_picked":["Dagger Spray","Accuracy","Caltrops"],"picked":"SKIP","floor":44},{"not_picked":["Outmaneuver","Bane","Blur"],"picked":"SKIP","floor":45},{"not_picked":["Expertise","Finisher","Leg Sweep"],"picked":"SKIP","floor":46},{"not_picked":["Escape Plan","Dash","PiercingWail"],"picked":"SKIP","floor":47},{"not_picked":["Malaise","Phantasmal Killer","Deadly Poison"],"picked":"SKIP","floor":55},{"not_picked":["Malaise","Phantasmal Killer","Deadly Poison"],"picked":"SKIP","floor":55}],"player_experience":1518020,"relics_obtained":[{"floor":4.0,"key":"Mercury Hourglass"},{"floor":9.0,"key":"Sundial"},{"floor":10.0,"key":"FossilizedHelix"},{"floor":12.0,"key":"Matryoshka"},{"floor":25.0,"key":"Dodecahedron"},{"floor":26.0,"key":"Lantern"},{"floor":26.0,"key":"Oddly Smooth Stone"},{"floor":28.0,"key":"Mango"},{"floor":30.0,"key":"Bag of Marbles"},{"floor":43,"key":"Happy Flower"},{"floor":46,"key":"Centennial Puzzle"},{"floor":55,"key":"Whetstone"}],"event_choices":[{"damage_healed":0.0,"max_hp_gain":0.0,"max_hp_loss":0.0,"gold_gain":0.0,"event_name":"Wheel of Change","player_choice":"Relic","floor":4.0,"gold_loss":0.0,"damage_taken":0.0},{"cards_removed":["Strike_G"],"damage_healed":0.0,"max_hp_gain":0.0,"max_hp_loss":0.0,"gold_gain":0.0,"event_name":"Purifier","player_choice":"Purged","floor":13.0,"gold_loss":0.0,"damage_taken":0.0},{"damage_healed":0.0,"max_hp_gain":0.0,"max_hp_loss":0.0,"gold_gain":0.0,"event_name":"Ghosts","player_choice":"Ignored","floor":19.0,"gold_loss":0.0,"damage_taken":0.0},{"damage_healed":0.0,"max_hp_gain":0.0,"max_hp_loss":0.0,"gold_gain":0.0,"event_name":"Addict","player_choice":"Obtained Relic","floor":20.0,"gold_loss":85.0,"damage_taken":0.0,"relics_obtained":["Pear"]},{"damage_healed":0.0,"max_hp_gain":0.0,"max_hp_loss":0.0,"gold_gain":0.0,"cards_transformed":["Strike_G","Strike_G"],"event_name":"Drug Dealer","player_choice":"Became Test Subject","floor":21.0,"gold_loss":0.0,"damage_taken":0.0,"cards_obtained":["Burst","Wraith Form v2"]},{"damage_healed":0.0,"max_hp_gain":0.0,"max_hp_loss":0.0,"gold_gain":0.0,"event_name":"Upgrade Shrine","player_choice":"Upgraded","floor":22.0,"gold_loss":0.0,"damage_taken":0.0,"cards_upgraded":["Neutralize"]},{"damage_healed":0,"gold_gain":0,"player_choice":"Embrace Madness","damage_taken":17,"max_hp_gain":0,"max_hp_loss":0,"event_name":"Winding Halls","floor":48,"gold_loss":0,"cards_obtained":["Madness","Madness"]}],"is_beta":false,"boss_relics":[{"not_picked":["WristBlade","Busted Crown"],"picked":"Eternal Feather"},{"not_picked":["Sozu","Ring of the Serpent"],"picked":"Tiny House"}],"items_purged_floors":[27,37,39,54],"is_endless":false,"potions_floor_spawned":[2,3,10,16,25,30,31,33,35,36,38,45,55],"ascension_level":20}