{"gold_per_floor":[119,139,100,175,175,175,206,225,225,239,239,259,259,273,273,370,370,388,95,125,125],"floor_reached":21,"playtime":1213,"items_purged":[],"score":204,"play_id":"44ed9876-0188-4058-9c95-c7529f944bb1","local_time":"20190429083409","is_ascension_mode":false,"campfire_choices":[{"floor":6,"key":"DIG"},{"floor":11,"key":"DIG"},{"floor":13,"key":"DIG"},{"floor":15,"key":"REST"}],"neow_cost":"NONE","seed_source_timestamp":305177873729800,"circlet_count":0,"master_deck":["Strike_B","Strike_B","Strike_B","Strike_B","Defend_B","Defend_B","Defend_B","Defend_B","Zap","Dualcast","Conserve Battery","Static Discharge","Self Repair","Redo","Capacitor","Sunder","Compile Driver","Fusion","Double Energy","Amplify","Capacitor+1","Leap"],"relics":["Cracked Core","Shovel","PreservedInsect","Dodecahedron","Meat on the Bone","Pear","Dream Catcher","Runic Pyramid","Ginger","Red Mask"],"potions_floor_usage":[16],"damage_taken":[{"damage":0,"enemies":"Small Slimes","floor":1,"turns":2},{"damage":0,"enemies":"2 Louse","floor":2,"turns":2},{"damage":35,"enemies":"Lagavulin","floor":7,"turns":5},{"damage":2,"enemies":"Cultist","floor":8,"turns":4},{"damage":9,"enemies":"Exordium Wildlife","floor":10,"turns":4},{"damage":0,"enemies":"Large Slime","floor":12,"turns":6},{"damage":15,"enemies":"Looter","floor":14,"turns":3},{"damage":58,"enemies":"Hexaghost","floor":16,"turns":8},{"damage":29,"enemies":"Shell Parasite","floor":18,"turns":7},{"damage":62,"enemies":"Masked Bandits","floor":20,"turns":4},{"damage":27,"enemies":"Chosen","floor":21,"turns":4}],"seed_played":"9021058679443898577","potions_obtained":[{"floor":1,"key":"Swift Potion"},{"floor":2,"key":"Weak Potion"},{"floor":7,"key":"Strength Potion"},{"floor":18,"key":"Swift Potion"}],"is_trial":false,"path_per_floor":["M","M","$","?","?","R","E","M","T","M","R","M","R","M","R","B",null,"M","$","?","M"],"character_chosen":"DEFECT","items_purchased":["Self Repair","Ginger"],"campfire_rested":1,"item_purchase_floors":[3,19],"current_hp_per_floor":[82,82,82,71,71,71,43,48,48,58,68,75,75,60,87,48,92,70,70,27,0],"gold":125,"neow_bonus":"TEN_PERCENT_HP_BONUS","is_prod":false,"is_daily":false,"chose_seed":false,"campfire_upgraded":0,"win_rate":0.0,"timestamp":1556541249,"path_taken":["M","M","$","?","?","R","E","M","T","M","R","M","R","M","R","BOSS","M","$","?","M"],"build_version":"2019-01-23","purchased_purges":0,"victory":false,"max_hp_per_floor":[82,82,82,82,82,82,82,82,82,82,92,92,92,92,92,92,92,92,92,92,92],"card_choices":[{"not_picked":["Self Repair","Scrape"],"picked":"Conserve Battery","floor":1},{"not_picked":["Stack","Beam Cell"],"picked":"Static Discharge","floor":2},{"not_picked":["Conserve Battery","Rebound"],"picked":"Redo","floor":7},{"not_picked":["Blizzard","Barrage"],"picked":"Capacitor","floor":8},{"not_picked":["FTL","Aggregate"],"picked":"Sunder","floor":10},{"not_picked":["Cold Snap","Aggregate"],"picked":"Compile Driver","floor":12},{"not_picked":["Heatsinks","Redo"],"picked":"Fusion","floor":14},{"not_picked":["Rebound","Genetic Algorithm"],"picked":"Double Energy","floor":15},{"not_picked":["Reboot","All For One"],"picked":"Amplify","floor":16},{"not_picked":["Lockon","BootSequence"],"picked":"Capacitor+1","floor":18},{"not_picked":["Darkness","Beam Cell"],"picked":"Leap","floor":20}],"player_experience":19835,"relics_obtained":[{"floor":6,"key":"PreservedInsect"},{"floor":7,"key":"Dodecahedron"},{"floor":9,"key":"Meat on the Bone"},{"floor":11,"key":"Pear"},{"floor":13,"key":"Dream Catcher"},{"floor":20,"key":"Red Mask"}],"event_choices":[{"damage_healed":0,"gold_gain":75,"player_choice":"Gather Gold","damage_taken":11,"max_hp_gain":0,"max_hp_loss":0,"event_name":"World of Goop","floor":4,"gold_loss":0},{"damage_healed":0,"gold_gain":0,"player_choice":"Gave Potion","damage_taken":0,"relics_obtained":["Shovel"],"max_hp_gain":0,"max_hp_loss":0,"event_name":"WeMeetAgain","floor":5,"gold_loss":0},{"damage_healed":0,"gold_gain":0,"player_choice":"Fought Bandits","damage_taken":0,"max_hp_gain":0,"max_hp_loss":0,"event_name":"Masked Bandits","floor":20,"gold_loss":0}],"is_beta":false,"boss_relics":[{"not_picked":["Busted Crown","Empty Cage"],"picked":"Runic Pyramid"}],"items_purged_floors":[],"is_endless":false,"potions_floor_spawned":[1,2,7,18],"killed_by":"Chosen","ascension_level":0}