{"gold_per_floor":[19,19,38,38,38,38,58,58,58,87,142,154,169,186,186,281,281,292,292,292,217,228,260,260,276,330,429,429,429,320,10,10,115,115,125,125,125,0,0,0,0,20,20,20],"floor_reached":44,"playtime":1497,"items_purged":["Decay","Injury"],"score":556,"play_id":"a0e2514f-cdaf-4460-904e-65811fda8885","local_time":"20180817130016","is_ascension_mode":true,"campfire_choices":[{"data":"Redo","floor":6,"key":"SMITH"},{"data":"Zap","floor":8,"key":"SMITH"},{"floor":15,"key":"REST"},{"data":"1","floor":24,"key":"LIFT"},{"data":"2","floor":29,"key":"LIFT"},{"data":"3","floor":32,"key":"LIFT"},{"data":"Madness","floor":40,"key":"SMITH"}],"neow_cost":"NO_GOLD","seed_source_timestamp":67449558926369,"circlet_count":0,"master_deck":["Defend_B","Defend_B","Defend_B","Defend_B","Zap+1","Dualcast","Redo+1","Sweeping Beam","Ball Lightning","Leap","Genetic Algorithm","Fission","Bite","Bite","Bite","Bite","Bite","Conserve Battery+1","Loop","Creative AI","Lockon+1","Madness+1","Madness"],"relics":["Cracked Core","Bag of Preparation","Nunchaku","Blood Vial","Gambling Chip","Calling Bell","Centennial Puzzle","Gremlin Horn","Girya","Lantern","Juzu Bracelet","Nilry\u0027s Codex","Lee\u0027s Waffle","Black Star","Red Mask","Anchor","Ornamental Fan"],"potions_floor_usage":[10,11,16,16,23,33,42],"damage_taken":[{"damage":3,"enemies":"2 Louse","floor":1,"turns":3},{"damage":0,"enemies":"Cultist","floor":3,"turns":2},{"damage":4,"enemies":"Small Slimes","floor":7,"turns":2},{"damage":27,"enemies":"3 Sentries","floor":10,"turns":4},{"damage":22,"enemies":"Lagavulin Event","floor":11,"turns":4},{"damage":0,"enemies":"Blue Slaver","floor":12,"turns":2},{"damage":6,"enemies":"Lots of Slimes","floor":13,"turns":2},{"damage":2,"enemies":"3 Louse","floor":14,"turns":2},{"damage":46,"enemies":"Slime Boss","floor":16,"turns":8},{"damage":20,"enemies":"Chosen","floor":18,"turns":6},{"damage":25,"enemies":"Shell Parasite","floor":22,"turns":5},{"damage":25,"enemies":"Gremlin Leader","floor":23,"turns":6},{"damage":8,"enemies":"Snecko","floor":25,"turns":4},{"damage":83,"enemies":"Champ","floor":33,"turns":12},{"damage":22,"enemies":"3 Darklings","floor":35,"turns":6},{"damage":19,"enemies":"Flame Bruiser 1 Orb","floor":42,"turns":6},{"damage":74,"enemies":"Giant Head","floor":44,"turns":6}],"seed_played":"-4054192070191942337","potions_obtained":[{"floor":3,"key":"LiquidBronze"},{"floor":7,"key":"AttackPotion"},{"floor":13,"key":"Block Potion"},{"floor":14,"key":"Strength Potion"},{"floor":16,"key":"SteroidPotion"},{"floor":23,"key":"PowerPotion"},{"floor":33,"key":"Block Potion"},{"floor":35,"key":"SteroidPotion"}],"is_trial":false,"path_per_floor":["M","?","M","?","?","R","M","R","T","E","?","M","M","M","R","B",null,"M","?","?","?","M","E","R","M","T","?","?","R","$","$","R","B",null,"M","?","$","?","$","R","T","M","T"],"character_chosen":"DEFECT","items_purchased":["Loop","Lee\u0027s Waffle"],"campfire_rested":1,"item_purchase_floors":[30,31],"current_hp_per_floor":[86,79,79,79,79,79,75,75,75,48,28,30,26,26,52,8,89,69,69,62,62,51,52,52,58,58,58,42,42,42,69,69,4,69,61,52,52,52,52,52,52,43,43,0],"gold":20,"neow_bonus":"TWENTY_PERCENT_HP_BONUS","is_prod":false,"is_daily":false,"chose_seed":false,"campfire_upgraded":3,"win_rate":0,"timestamp":1534503616,"path_taken":["M","?","?","?","?","R","M","R","T","E","?","?","M","M","R","BOSS","M","?","?","?","?","E","R","M","T","?","?","R","?","$","R","BOSS","M","?","?","?","?","R","?","M","T","E"],"build_version":"2018-08-16","purchased_purges":2,"victory":false,"max_hp_per_floor":[89,89,89,89,89,89,89,89,89,89,89,89,89,89,89,89,89,89,89,62,62,62,62,62,62,62,62,62,62,62,69,69,69,69,69,69,69,69,69,69,69,69,69,69],"card_choices":[{"not_picked":["Compile Driver","Rebound"],"picked":"Redo","floor":1},{"not_picked":["Barrage","Compile Driver"],"picked":"Sweeping Beam","floor":3},{"not_picked":["Rebound","Stack","Steam"],"picked":"SKIP","floor":7},{"not_picked":["Hello World","Turbo"],"picked":"Leap","floor":10},{"not_picked":["Beam Cell","FTL","Cold Snap"],"picked":"SKIP","floor":12},{"not_picked":["Gash","Stack","Darkness"],"picked":"SKIP","floor":13},{"not_picked":["Streamline","Reprogram"],"picked":"Genetic Algorithm","floor":14},{"not_picked":["Thunder Strike","Reboot"],"picked":"Fission","floor":16},{"not_picked":["Hello World","Rebound","Redo"],"picked":"SKIP","floor":18},{"not_picked":["Redo","Coolheaded","Gash"],"picked":"SKIP","floor":22},{"not_picked":["Doom and Gloom","Aggregate","Consume"],"picked":"SKIP","floor":23},{"not_picked":["Force Field","Scrape"],"picked":"Conserve Battery+1","floor":25},{"not_picked":["Buffer","Electrodynamics"],"picked":"Creative AI","floor":33},{"not_picked":["Ball Lightning+1","Streamline"],"picked":"Lockon+1","floor":35},{"not_picked":["Cold Snap+1","Hologram","FTL"],"picked":"SKIP","floor":42}],"player_experience":73948,"relics_obtained":[{"floor":9,"key":"Nunchaku"},{"floor":10,"key":"Blood Vial"},{"floor":11,"key":"Gambling Chip"},{"floor":17,"key":"Centennial Puzzle"},{"floor":17,"key":"Gremlin Horn"},{"floor":17,"key":"Girya"},{"floor":23,"key":"Lantern"},{"floor":26,"key":"Juzu Bracelet"},{"floor":28,"key":"Nilry\u0027s Codex"},{"floor":41,"key":"Anchor"},{"floor":43,"key":"Ornamental Fan"}],"event_choices":[{"event_name":"Golden Wing","player_choice":"Card Removal","floor":2,"damage_taken":0},{"event_name":"Big Fish","player_choice":"Box","floor":4,"damage_taken":0},{"event_name":"Living Wall","player_choice":"Change","floor":5,"damage_taken":0},{"event_name":"Dead Adventurer","player_choice":"Searched \u00271\u0027 times","floor":11,"damage_taken":0},{"event_name":"Back to Basics","player_choice":"Elegance","floor":19,"damage_taken":0},{"event_name":"Vampires","player_choice":"Became a vampire","floor":20,"damage_taken":0},{"event_name":"Beggar","player_choice":"Gave Gold","floor":21,"damage_taken":0},{"event_name":"Nest","player_choice":"Stole From Cult","floor":27,"damage_taken":0},{"event_name":"Cursed Tome","player_choice":"Obtained Book","floor":28,"damage_taken":0},{"event_name":"Winding Halls","player_choice":"Embrace Madness","floor":36,"damage_taken":0},{"event_name":"Tomb of Lord Red Mask","player_choice":"Paid","floor":38,"damage_taken":0}],"is_beta":true,"boss_relics":[{"not_picked":["Coffee Dripper","Runic Dome"],"picked":"Calling Bell"},{"not_picked":["Philosopher\u0027s Stone","Nuclear Battery"],"picked":"Black Star"}],"items_purged_floors":[30,31],"is_endless":false,"potions_floor_spawned":[3,7,13,14,16,23,33,35],"killed_by":"Giant Head","ascension_level":4}