{"gold_per_floor":[114,114,114,189,208,208,208,133,205,241,257,272,172,198,198,328,328,344,344,148,148],"floor_reached":21,"playtime":742,"items_purged":["Strike_B","Strike_B","Defend_B"],"score":236,"play_id":"2f9c3a0a-fc66-41d3-b3b3-720c9289d6c9","local_time":"20180713225707","is_ascension_mode":true,"campfire_choices":[{"data":"Hologram","floor":6,"key":"SMITH"},{"floor":15,"key":"REST"}],"neow_cost":"","seed_source_timestamp":99183055550700,"circlet_count":0,"master_deck":["Strike_B+1","Strike_B+1","Defend_B","Defend_B","Defend_B","Zap","Dualcast","Hologram+1","Beam Cell","BootSequence","Scrape","FTL","Electrodynamics","Conserve Battery","Sunder"],"relics":["Cracked Core","Ginger","Golden Idol","Shuriken","Whetstone","Strawberry","Black Star","FaceOfCleric"],"potions_floor_usage":[11,16],"damage_taken":[{"damage":1,"enemies":"Cultist","floor":1,"turns":3},{"damage":0,"enemies":"Small Slimes","floor":5,"turns":3},{"damage":48,"enemies":"3 Sentries","floor":10,"turns":8},{"damage":0,"enemies":"Jaw Worm","floor":11,"turns":2},{"damage":6,"enemies":"Exordium Thugs","floor":12,"turns":4},{"damage":18,"enemies":"The Guardian","floor":16,"turns":11},{"damage":54,"enemies":"Shell Parasite","floor":18,"turns":6},{"damage":12,"enemies":"Chosen","floor":21,"turns":1}],"seed_played":"-811286016135689947","potions_obtained":[{"floor":10,"key":"FearPotion"},{"floor":11,"key":"LiquidBronze"},{"floor":18,"key":"Block Potion"}],"is_trial":false,"path_per_floor":["M","?","?","?","M","R","?","$","T","E","M","M","$","T","R","B",null,"M","?","$"],"character_chosen":"DEFECT","items_purchased":["Sunder"],"campfire_rested":1,"item_purchase_floors":[20],"current_hp_per_floor":[67,72,69,58,58,58,58,58,58,10,10,4,4,11,35,17,65,11,11,11,0],"gold":148,"neow_bonus":"","is_prod":false,"is_daily":false,"chose_seed":false,"campfire_upgraded":1,"win_rate":0,"timestamp":1531493827,"path_taken":["M","?","?","?","M","R","?","$","T","E","M","M","$","?","R","BOSS","M","?","$","M"],"build_version":"2018-07-12","purchased_purges":3,"victory":false,"max_hp_per_floor":[75,80,80,80,80,80,74,74,74,74,74,74,74,81,81,81,81,81,81,81,81],"card_choices":[{"not_picked":["Turbo","Compile Driver"],"picked":"Hologram","floor":1},{"not_picked":["Consume","Rip and Tear"],"picked":"Beam Cell","floor":5},{"not_picked":["Undo","Stack"],"picked":"BootSequence","floor":10},{"not_picked":["Go for the Eyes","Beam Cell"],"picked":"Scrape","floor":11},{"not_picked":["Tempest","Redo"],"picked":"FTL","floor":12},{"not_picked":["Seek","Biased Cognition"],"picked":"Electrodynamics","floor":16},{"not_picked":["Leap","Rebound"],"picked":"Conserve Battery","floor":18}],"player_experience":291209,"relics_obtained":[{"floor":9,"key":"Shuriken"},{"floor":10,"key":"Whetstone"},{"floor":14,"key":"Strawberry"}],"event_choices":[{"event_name":"Big Fish","player_choice":"Donut","floor":2,"damage_taken":0},{"event_name":"Scrap Ooze","player_choice":"success","floor":3,"damage_taken":3},{"event_name":"World of Goop","player_choice":"Gather Gold","floor":4,"damage_taken":0},{"event_name":"Golden Idol","player_choice":"Lose Max HP","floor":7,"damage_taken":0},{"event_name":"FaceTrader","player_choice":"Trade","floor":19,"damage_taken":0}],"boss_relics":[{"not_picked":["Eternal Feather","Velvet Choker"],"picked":"Black Star"}],"items_purged_floors":[8,13,20],"is_endless":false,"potions_floor_spawned":[10,11,18],"killed_by":"Chosen","ascension_level":7}