{"gold_per_floor":[109,109,23,34,34,78,78,98,125,150,169,4,35,48,48,147,210,235,235,27,42,42,42,65,65],"floor_reached":25,"playtime":678,"items_purged":["Injury"],"score":476,"play_id":"221127ea-7736-49ca-a0ca-31b389abf469","local_time":"20190417101235","is_ascension_mode":true,"campfire_choices":[{"data":"Bash","floor":7.0,"key":"SMITH"},{"data":"Shockwave","floor":15.0,"key":"SMITH"},{"floor":23,"key":"REST"}],"neow_cost":"NONE","seed_source_timestamp":0,"circlet_count":0,"master_deck":["AscendersBane","Strike_R","Strike_R","Strike_R","Strike_R","Strike_R","Defend_R","Defend_R","Defend_R","Defend_R","Bash+1","Infernal Blade","Corruption","Clash+1","Shockwave+1","Headbutt+1","Juggernaut","Warcry","Dropkick+1","Reaper","Infernal Blade","Reaper","Uppercut","Cleave","Flex","Double Tap","Offering","Shrug It Off+1"],"special_seed":0,"relics":["Burning Blood","NeowsBlessing","Golden Idol","Pen Nib","Whetstone","Paper Frog","Nloth\u0027s Gift"],"potions_floor_usage":[21,25],"damage_taken":[{"damage":0.0,"enemies":"Small Slimes","floor":1.0,"turns":1.0},{"damage":0.0,"enemies":"Jaw Worm","floor":4.0,"turns":1.0},{"damage":0.0,"enemies":"3 Sentries","floor":6.0,"turns":3.0},{"damage":17.0,"enemies":"Cultist","floor":8.0,"turns":4.0},{"damage":0.0,"enemies":"Large Slime","floor":10.0,"turns":2.0},{"damage":8.0,"enemies":"Blue Slaver","floor":11.0,"turns":2.0},{"damage":14.0,"enemies":"Gremlin Nob","floor":13.0,"turns":3.0},{"damage":6.0,"enemies":"3 Louse","floor":14.0,"turns":2.0},{"damage":58.0,"enemies":"Slime Boss","floor":16.0,"turns":9.0},{"damage":28,"enemies":"Spheric Guardian","floor":18,"turns":4},{"damage":32,"enemies":"Shell Parasite","floor":21,"turns":4},{"damage":27,"enemies":"Snecko","floor":24,"turns":4},{"damage":52,"enemies":"Book of Stabbing","floor":25,"turns":4}],"seed_played":"-1336800911527081873","potions_obtained":[{"floor":1.0,"key":"SpeedPotion"},{"floor":8.0,"key":"AttackPotion"},{"floor":10.0,"key":"SkillPotion"},{"floor":17.0,"key":"Regen Potion"},{"floor":18,"key":"SpeedPotion"}],"is_trial":false,"path_per_floor":["M","?","$","M","?","E","R","M","T","M","M","$","E","M","R","B",null,"M","?","$","M","$","R","M","E"],"character_chosen":"IRONCLAD","items_purchased":["Corruption","Dropkick","Flex","Double Tap"],"campfire_rested":1,"item_purchase_floors":[3,12,20,20],"current_hp_per_floor":[74,74,74,75,75,75,75,64,64,70,68,68,60,60,60,17,66,44,44,44,30,30,54,40,0],"gold":65,"neow_bonus":"THREE_ENEMY_KILL","is_prod":false,"is_daily":false,"chose_seed":false,"campfire_upgraded":2,"win_rate":0,"timestamp":1555510355,"path_taken":["M","?","$","M","?","E","R","M","T","M","M","$","E","M","R","BOSS","M","?","$","M","$","R","M","E"],"build_version":"2019-01-23","purchased_purges":1,"victory":false,"max_hp_per_floor":[75,75,75,75,75,75,75,75,75,75,75,75,75,75,75,75,80,80,80,80,80,80,80,80,80],"card_choices":[{"not_picked":["Havoc","Metallicize"],"picked":"Infernal Blade","floor":1.0},{"not_picked":["Rage","Body Slam"],"picked":"Clash","floor":4.0},{"not_picked":["Pommel Strike","Iron Wave"],"picked":"Shockwave","floor":6.0},{"not_picked":["Anger","Flex"],"picked":"Headbutt","floor":8.0},{"not_picked":["Wild Strike","Headbutt"],"picked":"Juggernaut","floor":10.0},{"not_picked":["Havoc","Wild Strike"],"picked":"Warcry","floor":11.0},{"not_picked":["Power Through","Iron Wave"],"picked":"Reaper","floor":13.0},{"not_picked":["Heavy Blade","Havoc"],"picked":"Infernal Blade","floor":14.0},{"not_picked":["Immolate","Impervious"],"picked":"Reaper","floor":16.0},{"not_picked":["Pommel Strike","Disarm"],"picked":"Uppercut","floor":17.0},{"not_picked":["Corruption","Body Slam"],"picked":"Cleave","floor":18},{"not_picked":["Second Wind","Havoc"],"picked":"Offering","floor":21},{"not_picked":["Uppercut+1","Cleave"],"picked":"Shrug It Off+1","floor":24}],"player_experience":904678,"relics_obtained":[{"floor":6.0,"key":"Pen Nib"},{"floor":9.0,"key":"Whetstone"},{"floor":13.0,"key":"Paper Frog"}],"event_choices":[{"damage_healed":0.0,"max_hp_gain":0.0,"max_hp_loss":0.0,"gold_gain":0.0,"event_name":"Shining Light","player_choice":"Ignored","floor":2.0,"gold_loss":0.0,"damage_taken":0.0},{"damage_healed":0.0,"max_hp_gain":0.0,"max_hp_loss":0.0,"gold_gain":0.0,"event_name":"Golden Idol","player_choice":"Take Wound","floor":5.0,"gold_loss":0.0,"damage_taken":0.0,"relics_obtained":["Golden Idol"],"cards_obtained":["Injury"]},{"damage_healed":0,"gold_gain":0,"player_choice":"Traded Relic","damage_taken":0,"relics_obtained":["Nloth\u0027s Gift"],"max_hp_gain":0,"max_hp_loss":0,"event_name":"N\u0027loth","floor":19,"relics_lost":["Tiny House"],"gold_loss":0}],"is_beta":false,"boss_relics":[{"not_picked":["Velvet Choker","Lizard Tail"],"picked":"Tiny House"}],"items_purged_floors":[12],"is_endless":false,"potions_floor_spawned":[1,8,10,18],"killed_by":"Book of Stabbing","ascension_level":20}