{"gold_per_floor":[14,27,43,62,77,77,77,94,118,128,53,53,53,73,73,168,168,188,188,206,226,10,10,10,25,25,35,48,48,48],"floor_reached":30,"playtime":1242,"items_purged":["Strike_B","Strike_B"],"score":319,"play_id":"5678e47b-a79e-48af-9168-448a6b670cb9","local_time":"20180819092122","is_ascension_mode":true,"campfire_choices":[{"data":"Zap","floor":6,"key":"SMITH"},{"floor":15,"key":"REST"},{"data":"Coolheaded","floor":23,"key":"SMITH"}],"neow_cost":"NO_GOLD","seed_source_timestamp":211398523588512,"circlet_count":0,"master_deck":["Defend_B","Defend_B","Zap+1","Dualcast","Hologram","Conserve Battery","Chill","Coolheaded+1","Glacier","Thunder Strike","Skim","Ball Lightning","Static Discharge","Cold Snap"],"relics":["Cracked Core","Vajra","Busted Crown","Dodecahedron"],"potions_floor_usage":[4,16,16,21,27,28],"damage_taken":[{"damage":2,"enemies":"2 Louse","floor":1,"turns":2},{"damage":3,"enemies":"Cultist","floor":2,"turns":3},{"damage":11,"enemies":"Jaw Worm","floor":3,"turns":4},{"damage":0,"enemies":"Red Slaver","floor":4,"turns":3},{"damage":23,"enemies":"Gremlin Gang","floor":5,"turns":7},{"damage":0,"enemies":"Exordium Wildlife","floor":8,"turns":3},{"damage":9,"enemies":"Red Slaver","floor":10,"turns":3},{"damage":0,"enemies":"Blue Slaver","floor":14,"turns":4},{"damage":31,"enemies":"The Guardian","floor":16,"turns":18},{"damage":0,"enemies":"Chosen","floor":18,"turns":4},{"damage":8,"enemies":"Shell Parasite","floor":20,"turns":7},{"damage":13,"enemies":"Snake Plant","floor":21,"turns":4},{"damage":34,"enemies":"Cultist and Chosen","floor":25,"turns":5},{"damage":5,"enemies":"Chosen and Byrds","floor":27,"turns":5},{"damage":0,"enemies":"Snecko","floor":28,"turns":4},{"damage":7,"enemies":"Centurion and Healer","floor":30,"turns":1}],"seed_played":"6645112349413312218","potions_obtained":[{"floor":2,"key":"Poison Potion"},{"floor":5,"key":"Swift Potion"},{"floor":7,"key":"FairyPotion"},{"floor":7,"key":"Regen Potion"},{"floor":18,"key":"SpeedPotion"},{"floor":21,"key":"PowerPotion"},{"floor":27,"key":"EssenceOfSteel"}],"is_trial":false,"path_per_floor":["M","M","M","M","M","R","?","M","T","M","$","?","$","M","R","B",null,"M","?","M","M","$","R","?","M","T","M","M","?"],"character_chosen":"DEFECT","items_purchased":["Ball Lightning","Static Discharge"],"campfire_rested":1,"item_purchase_floors":[22,22],"current_hp_per_floor":[66,63,52,52,29,29,29,29,29,20,20,20,20,20,42,26,63,63,56,48,35,35,35,35,1,1,4,4,4,0],"gold":48,"neow_bonus":"REMOVE_TWO","is_prod":false,"is_daily":false,"chose_seed":false,"campfire_upgraded":2,"win_rate":0,"timestamp":1534641682,"path_taken":["M","M","M","M","M","R","?","?","T","?","$","?","?","?","R","BOSS","M","?","M","M","$","R","?","M","T","M","M","?","?"],"build_version":"2018-08-16","purchased_purges":2,"victory":false,"max_hp_per_floor":[75,75,75,75,75,75,75,75,75,75,75,75,75,75,75,75,75,75,75,75,75,75,75,75,75,75,75,75,75,75],"card_choices":[{"not_picked":["Streamline","Redo"],"picked":"Hologram","floor":1},{"not_picked":["Barrage","Rebound"],"picked":"Conserve Battery","floor":2},{"not_picked":["Hologram","Steam","Rebound"],"picked":"SKIP","floor":3},{"not_picked":["Fusion","Hologram"],"picked":"Chill","floor":4},{"not_picked":["Sweeping Beam","Conserve Battery","Fission"],"picked":"SKIP","floor":5},{"not_picked":["Sweeping Beam","Conserve Battery","Fission"],"picked":"SKIP","floor":5},{"not_picked":["Sweeping Beam","Conserve Battery","Fission"],"picked":"SKIP","floor":5},{"not_picked":["Stack","Redo"],"picked":"Coolheaded","floor":8},{"not_picked":["Steam","BootSequence","Conserve Battery"],"picked":"SKIP","floor":10},{"not_picked":["Compile Driver","Loop"],"picked":"Glacier","floor":14},{"not_picked":["Machine Learning","Biased Cognition"],"picked":"Thunder Strike","floor":16},{"not_picked":[],"picked":"Skim","floor":18},{"not_picked":["Scrape"],"picked":"SKIP","floor":20},{"not_picked":["Barrage+1"],"picked":"SKIP","floor":21},{"not_picked":[],"picked":"Cold Snap","floor":25},{"not_picked":["Ball Lightning"],"picked":"SKIP","floor":27},{"not_picked":["Coolheaded"],"picked":"SKIP","floor":28}],"player_experience":345188,"relics_obtained":[{"floor":9,"key":"Vajra"},{"floor":26,"key":"Dodecahedron"}],"event_choices":[{"event_name":"The Lab","player_choice":"Got Potions","floor":7,"damage_taken":0},{"event_name":"The Woman in Blue","player_choice":"Bought 0 Potions","floor":12,"damage_taken":0},{"event_name":"Knowing Skull","player_choice":"","floor":19,"damage_taken":0},{"event_name":"Back to Basics","player_choice":"Elegance","floor":24,"damage_taken":0},{"event_name":"Purifier","player_choice":"One Purge","floor":29,"damage_taken":0}],"is_beta":false,"boss_relics":[{"not_picked":["Fusion Hammer","Velvet Choker"],"picked":"Busted Crown"}],"items_purged_floors":[11,22],"is_endless":false,"potions_floor_spawned":[2,5,10,18,21,27],"killed_by":"Centurion and Healer","ascension_level":8}