{"gold_per_floor":[119,119,119,135,85,85,96,111,136,164,164,179,1,11,11,114,114,124,39,52,52,68,103,118,149,172,447,447],"floor_reached":28,"playtime":748,"items_purged":[],"score":260,"play_id":"a951c611-6f26-402c-80d2-439913dc0cba","local_time":"20181030202408","is_ascension_mode":false,"campfire_choices":[{"data":"Dualcast","floor":6,"key":"SMITH"},{"floor":11,"key":"REST"},{"data":"Apotheosis","floor":15,"key":"SMITH"}],"neow_cost":"NONE","seed_source_timestamp":6358186578298,"circlet_count":0,"master_deck":["Strike_B","Strike_B","Strike_B+1","Defend_B","Defend_B","Defend_B+1","Defend_B","Zap","Dualcast+1","Tempest+1","Lockon","Chill","Echo Form","Apotheosis+1","Leap","Rainbow","Genetic Algorithm","Leap+1","Regret"],"relics":["Cracked Core","Bag of Preparation","Ancient Tea Set","Blood Vial","Runic Pyramid","Bag of Marbles","Sundial","Question Card","PreservedInsect"],"potions_floor_usage":[10,20,23,25],"damage_taken":[{"damage":1,"enemies":"Cultist","floor":1,"turns":3},{"damage":3,"enemies":"Small Slimes","floor":4,"turns":3},{"damage":0,"enemies":"2 Louse","floor":7,"turns":2},{"damage":0,"enemies":"Large Slime","floor":8,"turns":2},{"damage":35,"enemies":"3 Sentries","floor":10,"turns":7},{"damage":2,"enemies":"Blue Slaver","floor":12,"turns":2},{"damage":0,"enemies":"3 Louse","floor":14,"turns":2},{"damage":4,"enemies":"Hexaghost","floor":16,"turns":8},{"damage":18,"enemies":"3 Byrds","floor":18,"turns":4},{"damage":2,"enemies":"2 Thieves","floor":20,"turns":4},{"damage":3,"enemies":"Snake Plant","floor":22,"turns":3},{"damage":40,"enemies":"Gremlin Leader","floor":23,"turns":6},{"damage":4,"enemies":"Cultist and Chosen","floor":24,"turns":6},{"damage":11,"enemies":"Book of Stabbing","floor":25,"turns":5},{"damage":10,"enemies":"Colosseum Slavers","floor":28,"turns":3}],"seed_played":"-2799890641654743318","potions_obtained":[{"floor":1,"key":"Regen Potion"},{"floor":12,"key":"SkillPotion"},{"floor":14,"key":"GamblersBrew"},{"floor":16,"key":"SteroidPotion"},{"floor":20,"key":"Energy Potion"},{"floor":22,"key":"Strength Potion"},{"floor":23,"key":"Explosive Potion"},{"floor":25,"key":"EssenceOfSteel"}],"is_trial":false,"path_per_floor":["M","?","?","M","?","R","M","M","T","E","R","M","$","M","R","B",null,"M","?","M","?","M","E","M","E","T","?"],"character_chosen":"DEFECT","items_purchased":["Apotheosis"],"campfire_rested":1,"item_purchase_floors":[13],"current_hp_per_floor":[74,59,59,56,56,56,56,56,56,36,58,58,58,60,60,58,75,57,57,57,57,56,18,16,7,7,7,0],"gold":447,"neow_bonus":"RANDOM_COMMON_RELIC","is_prod":false,"is_daily":false,"chose_seed":false,"campfire_upgraded":2,"win_rate":0,"timestamp":1540927448,"path_taken":["M","?","?","M","?","R","M","M","T","E","R","M","?","M","R","BOSS","M","?","?","?","M","E","M","E","T","?","?"],"build_version":"2018-10-29v2","purchased_purges":0,"victory":false,"max_hp_per_floor":[75,75,75,75,75,75,75,75,75,75,75,75,75,75,75,75,75,75,75,75,75,75,75,75,75,75,75,75],"card_choices":[{"not_picked":["Chaos","Darkness"],"picked":"Tempest","floor":1},{"not_picked":["Redo","Rebound"],"picked":"Lockon","floor":4},{"not_picked":["Lockon","Streamline","Recycle"],"picked":"SKIP","floor":7},{"not_picked":["Sweeping Beam","Chaos"],"picked":"Chill","floor":8},{"not_picked":["FTL","Rip and Tear"],"picked":"Echo Form","floor":10},{"not_picked":["Beam Cell","Hello World","Gash"],"picked":"SKIP","floor":12},{"not_picked":["Hologram","Cold Snap"],"picked":"Leap","floor":14},{"not_picked":["Meteor Strike","Buffer"],"picked":"Rainbow","floor":16},{"not_picked":["Steam","Beam Cell+1","Ball Lightning"],"picked":"SKIP","floor":18},{"not_picked":["Double Energy","Glacier","Redo"],"picked":"SKIP","floor":20},{"not_picked":["Self Repair","Coolheaded+1"],"picked":"Genetic Algorithm","floor":22},{"not_picked":["Coolheaded","Rebound"],"picked":"Leap+1","floor":23},{"not_picked":["Sweeping Beam","Compile Driver","Reprogram+1"],"picked":"SKIP","floor":24},{"not_picked":["Scrape","Blizzard","Turbo"],"picked":"SKIP","floor":25}],"player_experience":177266,"relics_obtained":[{"floor":9,"key":"Ancient Tea Set"},{"floor":10,"key":"Blood Vial"},{"floor":23,"key":"Sundial"},{"floor":25,"key":"Question Card"},{"floor":26,"key":"PreservedInsect"}],"event_choices":[{"damage_healed":0,"gold_gain":0,"player_choice":"Entered Light","damage_taken":15,"max_hp_gain":0,"max_hp_loss":0,"event_name":"Shining Light","floor":2,"gold_loss":0,"cards_upgraded":["Strike_B","Defend_B"]},{"damage_healed":0,"gold_gain":0,"player_choice":"Grow","damage_taken":0,"max_hp_gain":0,"max_hp_loss":0,"event_name":"Living Wall","floor":3,"gold_loss":0,"cards_upgraded":["Tempest"]},{"cards_removed":["Strike_B"],"damage_healed":0,"gold_gain":0,"player_choice":"Card Removal","damage_taken":0,"max_hp_gain":0,"max_hp_loss":0,"event_name":"The Cleric","floor":5,"gold_loss":50},{"damage_healed":0,"gold_gain":0,"player_choice":"Obtained Relic","damage_taken":0,"relics_obtained":["Bag of Marbles"],"max_hp_gain":0,"max_hp_loss":0,"event_name":"Addict","floor":19,"gold_loss":85},{"damage_healed":0,"gold_gain":0,"player_choice":"Ignored","damage_taken":0,"max_hp_gain":0,"max_hp_loss":0,"event_name":"Beggar","floor":21,"gold_loss":0},{"damage_healed":0,"gold_gain":275,"player_choice":"Desecrate","damage_taken":0,"max_hp_gain":0,"max_hp_loss":0,"event_name":"Golden Shrine","floor":27,"gold_loss":0,"cards_obtained":["Regret"]},{"damage_healed":0,"gold_gain":0,"player_choice":"Fight","damage_taken":0,"max_hp_gain":0,"max_hp_loss":0,"event_name":"Colosseum","floor":28,"gold_loss":0}],"is_beta":true,"boss_relics":[{"not_picked":["Philosopher\u0027s Stone","Snecko Eye"],"picked":"Runic Pyramid"}],"items_purged_floors":[],"is_endless":false,"potions_floor_spawned":[1,12,14,16,20,22,23,25],"killed_by":"Colosseum Slavers","ascension_level":0}