{"gold_per_floor":[99,99,99,99,99,99,99,69,69,69,47,47,32,32,32,32,32,32,32,32,32,32,32,32,32,32,32],"floor_reached":27,"playtime":1190,"items_purged":[],"score":301,"play_id":"5bfe7c50-dbde-4696-a4e1-23b9c4d588d0","local_time":"20180814022954","is_ascension_mode":true,"campfire_choices":[{"data":"Coolheaded","floor":6,"key":"SMITH"},{"floor":10,"key":"REST"},{"data":"Rebound","floor":12,"key":"SMITH"},{"floor":15,"key":"REST"},{"data":"Buffer","floor":23,"key":"SMITH"}],"neow_cost":"NONE","seed_source_timestamp":262108808026826,"circlet_count":0,"master_deck":["Zap+1","Dualcast","Coolheaded+1","Gash","Core Surge","Double Energy","Rebound+1","Coolheaded","Scrape","Buffer+1","FTL","Conserve Battery","Coolheaded","Compile Driver","Ball Lightning","BootSequence","Go for the Eyes","Conserve Battery","Ball Lightning+1","Ball Lightning+1"],"relics":["Ectoplasm","Gremlin Horn","Du-Vu Doll","Pandora\u0027s Box","CultistMask","Strawberry"],"potions_floor_usage":[16,16,16,27],"damage_taken":[{"damage":0,"enemies":"Small Slimes","floor":1,"turns":4},{"damage":1,"enemies":"Cultist","floor":3,"turns":4},{"damage":0,"enemies":"Jaw Worm","floor":4,"turns":4},{"damage":11,"enemies":"3 Sentries","floor":7,"turns":9},{"damage":7,"enemies":"Looter","floor":8,"turns":3},{"damage":4,"enemies":"Exordium Thugs","floor":13,"turns":4},{"damage":24,"enemies":"Gremlin Gang","floor":14,"turns":4},{"damage":37,"enemies":"The Guardian","floor":16,"turns":10},{"damage":8,"enemies":"3 Byrds","floor":18,"turns":4},{"damage":0,"enemies":"Chosen","floor":21,"turns":3},{"damage":13,"enemies":"Snake Plant","floor":24,"turns":4},{"damage":2,"enemies":"Chosen and Byrds","floor":25,"turns":4},{"damage":47,"enemies":"Slavers","floor":27,"turns":3}],"seed_played":"-2033867230223118389","potions_obtained":[{"floor":4,"key":"Poison Potion"},{"floor":13,"key":"Fire Potion"},{"floor":14,"key":"Dexterity Potion"},{"floor":18,"key":"Strength Potion"}],"is_trial":false,"path_per_floor":["M","?","M","M","?","R","E","M","T","R","$","R","M","M","R","B",null,"M","?","$","M","?","R","M","M","T"],"character_chosen":"DEFECT","items_purchased":["Rebound"],"campfire_rested":2,"item_purchase_floors":[11],"current_hp_per_floor":[68,68,67,67,67,67,56,49,49,71,71,71,67,43,65,28,63,55,55,55,55,55,55,42,40,47,0],"gold":32,"neow_bonus":"BOSS_RELIC","is_prod":false,"is_daily":false,"chose_seed":false,"campfire_upgraded":3,"win_rate":0,"timestamp":1534206594,"path_taken":["M","?","M","M","?","R","E","M","T","R","?","R","?","M","R","BOSS","M","?","$","M","?","R","M","M","T","E"],"build_version":"2018-08-09","purchased_purges":0,"victory":false,"max_hp_per_floor":[75,75,75,75,75,75,75,75,75,75,75,75,75,75,75,75,75,75,75,75,75,75,75,75,75,82,82],"card_choices":[{"not_picked":["Turbo","Steam","Recycle"],"picked":"SKIP","floor":1},{"not_picked":["Steam Power","Redo"],"picked":"Coolheaded","floor":3},{"not_picked":["Hologram","Hello World"],"picked":"Gash","floor":4},{"not_picked":["Static Discharge","Recycle"],"picked":"Core Surge","floor":7},{"not_picked":["Steam Power","Sweeping Beam"],"picked":"Double Energy","floor":8},{"not_picked":["Sweeping Beam","Cold Snap"],"picked":"Coolheaded","floor":13},{"not_picked":["Auto Shields","Meteor Strike"],"picked":"Scrape","floor":14},{"not_picked":["Rainbow","Multi-Cast"],"picked":"Buffer","floor":16},{"not_picked":["Beam Cell","Consume+1"],"picked":"Ball Lightning+1","floor":18},{"not_picked":["Go for the Eyes+1","Ball Lightning","Sweeping Beam"],"picked":"SKIP","floor":21},{"not_picked":["Force Field","Rebound","Turbo"],"picked":"SKIP","floor":24},{"not_picked":["Redo","Doom and Gloom"],"picked":"Ball Lightning+1","floor":25}],"player_experience":458221,"relics_obtained":[{"floor":7,"key":"Gremlin Horn"},{"floor":9,"key":"Du-Vu Doll"},{"floor":26,"key":"Strawberry"}],"event_choices":[{"event_name":"Golden Shrine","player_choice":"Pray","floor":2,"damage_taken":0},{"event_name":"Upgrade Shrine","player_choice":"Upgraded","floor":5,"damage_taken":0},{"event_name":"FaceTrader","player_choice":"Trade","floor":19,"damage_taken":0},{"event_name":"Beggar","player_choice":"Ignored","floor":22,"damage_taken":0}],"is_beta":false,"boss_relics":[{"not_picked":["Nuclear Battery","Coffee Dripper"],"picked":"Pandora\u0027s Box"}],"items_purged_floors":[],"is_endless":false,"potions_floor_spawned":[4,13,14,18],"killed_by":"Slavers","ascension_level":8}