{"gold_per_floor":[118,134,146,164,21,55,55,127,127,146,146,146,160,173,173,276,276,295,311,322,322,237,265,265,293,320,320,320],"floor_reached":28,"playtime":1608,"items_purged":[],"score":260,"play_id":"61a83509-eeb4-4400-8d94-758e5bb857f2","local_time":"20180717160845","is_ascension_mode":false,"campfire_choices":[{"floor":11,"key":"REST"},{"floor":15,"key":"REST"},{"floor":24,"key":"REST"},{"floor":27,"key":"REST"}],"neow_cost":"NONE","seed_source_timestamp":337106365873067,"circlet_count":0,"master_deck":["Strike_R","Strike_R","Strike_R","Strike_R","Defend_R","Defend_R","Defend_R","Defend_R","Bash","Pummel","Rage","Body Slam","Limit Break","Blood for Blood+1","Twin Strike+1","Pommel Strike+1","Thunderclap+1","Inflame","Berserk","Warcry","Iron Wave+1","Armaments+1","Feel No Pain","Entrench"],"relics":["Burning Blood","NeowsBlessing","Strawberry","Molten Egg 2","Ornamental Fan","CultistMask","Black Star","Juzu Bracelet","Bag of Preparation","Oddly Smooth Stone","Orichalcum","Blood Vial","Bronze Scales"],"potions_floor_usage":[13,16,19,23,23,23,25],"damage_taken":[{"damage":0,"enemies":"Jaw Worm","floor":1,"turns":1},{"damage":0,"enemies":"Cultist","floor":2,"turns":1},{"damage":0,"enemies":"2 Louse","floor":3,"turns":1},{"damage":6,"enemies":"Looter","floor":4,"turns":3},{"damage":55,"enemies":"Lagavulin","floor":6,"turns":9},{"damage":9,"enemies":"2 Fungi Beasts","floor":10,"turns":2},{"damage":25,"enemies":"Red Slaver","floor":13,"turns":5},{"damage":21,"enemies":"Exordium Thugs","floor":14,"turns":4},{"damage":49,"enemies":"The Guardian","floor":16,"turns":8},{"damage":30,"enemies":"2 Thieves","floor":18,"turns":3},{"damage":9,"enemies":"3 Byrds","floor":19,"turns":5},{"damage":19,"enemies":"Snake Plant","floor":20,"turns":4},{"damage":42,"enemies":"Gremlin Leader","floor":23,"turns":5},{"damage":37,"enemies":"Book of Stabbing","floor":25,"turns":5},{"damage":50,"enemies":"Slaver and Parasite","floor":28,"turns":3}],"seed_played":"1876220372773802352","potions_obtained":[{"floor":4,"key":"Energy Potion"},{"floor":6,"key":"SkillPotion"},{"floor":14,"key":"Ancient Potion"},{"floor":16,"key":"GamblersBrew"},{"floor":18,"key":"Strength Potion"},{"floor":19,"key":"Weak Potion"},{"floor":20,"key":"SkillPotion"},{"floor":23,"key":"BloodPotion"}],"is_trial":false,"path_per_floor":["M","M","M","M","$","E","?","?","T","M","R","?","M","M","R","B",null,"M","M","M","?","?","E","R","E","T","R"],"character_chosen":"IRONCLAD","items_purchased":["Strawberry"],"campfire_rested":4,"item_purchase_floors":[5],"current_hp_per_floor":[80,80,80,80,87,38,38,38,38,35,61,61,42,27,53,10,87,63,60,47,47,47,11,37,14,14,40,0],"gold":320,"neow_bonus":"THREE_ENEMY_KILL","is_prod":false,"is_daily":false,"chose_seed":false,"campfire_upgraded":0,"win_rate":0.0,"timestamp":1531836525,"path_taken":["M","M","M","M","$","E","?","?","T","M","R","?","M","M","R","BOSS","M","M","?","?","?","E","R","E","T","R","M"],"build_version":"2018-07-12","purchased_purges":0,"victory":false,"max_hp_per_floor":[80,80,80,80,87,87,87,87,87,87,87,87,87,87,87,87,87,87,87,87,87,87,87,87,87,87,87,87],"card_choices":[{"not_picked":["Twin Strike","Anger"],"picked":"Pummel","floor":1},{"not_picked":["Perfected Strike","Anger"],"picked":"Rage","floor":2},{"not_picked":["Wild Strike","Hemokinesis"],"picked":"Body Slam","floor":3},{"not_picked":["Bloodletting","Iron Wave"],"picked":"Limit Break","floor":4},{"not_picked":["Warcry","Clash"],"picked":"Blood for Blood","floor":6},{"not_picked":["Sword Boomerang+1","Clash+1"],"picked":"Pommel Strike+1","floor":10},{"not_picked":["Anger+1","Clothesline+1"],"picked":"Thunderclap+1","floor":13},{"not_picked":["Headbutt+1","Heavy Blade+1"],"picked":"Inflame","floor":14},{"not_picked":["Demon Form","Dark Embrace"],"picked":"Berserk","floor":16},{"not_picked":["Wild Strike+1","Reckless Charge+1"],"picked":"Warcry","floor":18},{"not_picked":["Clash+1","True Grit"],"picked":"Iron Wave+1","floor":19},{"not_picked":["Sword Boomerang+1","Battle Trance"],"picked":"Armaments+1","floor":20},{"not_picked":["Fiend Fire+1","Evolve"],"picked":"Feel No Pain","floor":23},{"not_picked":["Anger+1","Infernal Blade"],"picked":"Entrench","floor":25}],"player_experience":80462,"relics_obtained":[{"floor":6,"key":"Molten Egg 2"},{"floor":9,"key":"Ornamental Fan"},{"floor":23,"key":"Bag of Preparation"},{"floor":23,"key":"Oddly Smooth Stone"},{"floor":25,"key":"Orichalcum"},{"floor":25,"key":"Blood Vial"},{"floor":26,"key":"Bronze Scales"}],"event_choices":[{"event_name":"Transmorgrifier","player_choice":"Transform","floor":7,"damage_taken":0},{"event_name":"Golden Wing","player_choice":"Gained Gold","floor":8,"damage_taken":0},{"event_name":"FaceTrader","player_choice":"Trade","floor":12,"damage_taken":0},{"event_name":"Vampires","player_choice":"Ignored","floor":21,"damage_taken":0},{"event_name":"Addict","player_choice":"Obtained Relic","floor":22,"damage_taken":0}],"boss_relics":[{"not_picked":["Velvet Choker","Empty Cage"],"picked":"Black Star"}],"items_purged_floors":[],"is_endless":false,"potions_floor_spawned":[4,6,14,16,18,19,20,23],"killed_by":"Slaver and Parasite","ascension_level":0}