{"gold_per_floor":[110,110,123,139,102,102,117,144,168,87,87,101,120,130,130,203,203,221,54,54,67,117,117,134,134,184,201,201,212,226,242,242,242],"floor_reached":33,"playtime":2534,"items_purged":[],"score":481,"play_id":"3c8f063e-88ec-4963-8405-0277e489d66f","local_time":"20181120202545","is_ascension_mode":true,"campfire_choices":[{"data":"Rampage","floor":6.0,"key":"SMITH"},{"data":"Immolate","floor":11.0,"key":"SMITH"},{"data":"Inflame","floor":15.0,"key":"SMITH"},{"data":"Flex","floor":23.0,"key":"SMITH"},{"floor":25.0,"key":"REST"},{"data":"Heavy Blade","floor":28.0,"key":"SMITH"},{"floor":32,"key":"REST"}],"neow_cost":"NONE","seed_source_timestamp":0,"circlet_count":0,"master_deck":["AscendersBane","Strike_R+1","Strike_R+1","Strike_R+1","Strike_R+1","Strike_R+1","Defend_R+1","Defend_R+1","Defend_R+1","Defend_R+1","Bash","Havoc","Ghostly Armor","Thunderclap","Immolate+1","Rampage+1","Exhume","Feed","Flex+1","Headbutt","Inflame+1","Dark Embrace","Dual Wield","Inflame","Heavy Blade+1","Pummel","Whirlwind"],"special_seed":0,"relics":["Black Blood","NeowsBlessing","Red Skull","Lantern","Bag of Marbles","Orichalcum"],"potions_floor_usage":[],"damage_taken":[{"damage":0.0,"enemies":"Small Slimes","floor":1.0,"turns":1.0},{"damage":0.0,"enemies":"Cultist","floor":3.0,"turns":1.0},{"damage":0.0,"enemies":"2 Louse","floor":4.0,"turns":2.0},{"damage":13.0,"enemies":"Exordium Thugs","floor":7.0,"turns":3.0},{"damage":35.0,"enemies":"3 Sentries","floor":8.0,"turns":5.0},{"damage":11.0,"enemies":"Looter","floor":12.0,"turns":3.0},{"damage":14.0,"enemies":"Red Slaver","floor":13.0,"turns":2.0},{"damage":3.0,"enemies":"Blue Slaver","floor":14.0,"turns":2.0},{"damage":22.0,"enemies":"Hexaghost","floor":16.0,"turns":6.0},{"damage":17.0,"enemies":"2 Thieves","floor":18.0,"turns":4.0},{"damage":38.0,"enemies":"3 Byrds","floor":21.0,"turns":5.0},{"damage":18.0,"enemies":"Snecko","floor":24.0,"turns":3.0},{"damage":18.0,"enemies":"Chosen and Byrds","floor":27.0,"turns":4.0},{"damage":35.0,"enemies":"3 Cultists","floor":29.0,"turns":6.0},{"damage":36.0,"enemies":"Centurion and Healer","floor":30.0,"turns":6.0},{"damage":0,"enemies":"Snake Plant","floor":31,"turns":1},{"damage":76,"enemies":"Automaton","floor":33,"turns":6}],"seed_played":"4333206568477937030","potions_obtained":[{"floor":4.0,"key":"Energy Potion"},{"floor":8.0,"key":"Block Potion"},{"floor":18.0,"key":"FairyPotion"},{"floor":21.0,"key":"Explosive Potion"}],"is_trial":false,"path_per_floor":["M","?","M","M","$","R","M","E","T","$","R","M","M","M","R","B",null,"M","$","?","M","?","R","M","R","T","M","R","M","M","M","R","B"],"character_chosen":"IRONCLAD","items_purchased":["Rampage","Feed","Bag of Marbles"],"campfire_rested":2,"item_purchase_floors":[5,10,19],"current_hp_per_floor":[74,74,75,75,75,75,68,39,39,39,39,37,29,32,32,19,66,62,62,62,37,37,37,29,55,55,47,47,25,12,22,49,0],"gold":242,"neow_bonus":"THREE_ENEMY_KILL","is_prod":false,"is_daily":false,"chose_seed":false,"campfire_upgraded":5,"win_rate":0,"timestamp":1542763545,"path_taken":["M","?","M","?","?","R","?","E","T","?","R","M","M","M","R","BOSS","M","$","?","M","?","R","M","R","T","M","R","M","?","M","R","BOSS"],"build_version":"2018-11-15","purchased_purges":0,"victory":false,"max_hp_per_floor":[75,75,75,75,75,75,75,75,75,75,75,78,78,78,78,81,81,84,84,84,87,87,87,87,87,87,87,87,90,93,93,93,93],"card_choices":[{"not_picked":["Warcry","Sever Soul"],"picked":"Havoc","floor":1.0},{"not_picked":["Body Slam","Second Wind"],"picked":"Thunderclap","floor":3.0},{"not_picked":["Cleave","Flex"],"picked":"Immolate","floor":4.0},{"not_picked":["Fire Breathing","Thunderclap","Perfected Strike"],"picked":"SKIP","floor":7.0},{"not_picked":["Twin Strike","Clash"],"picked":"Exhume","floor":8.0},{"not_picked":["Shrug It Off","Uppercut"],"picked":"Flex","floor":12.0},{"not_picked":["Cleave","Ghostly Armor"],"picked":"Headbutt","floor":13.0},{"not_picked":["Armaments","Havoc"],"picked":"Inflame","floor":14.0},{"not_picked":["Barricade","Demon Form"],"picked":"Dark Embrace","floor":16.0},{"not_picked":["Power Through","Twin Strike"],"picked":"Dual Wield","floor":18.0},{"not_picked":["Flex","Clash"],"picked":"Inflame","floor":21.0},{"not_picked":["Second Wind","Hemokinesis","Cleave"],"picked":"SKIP","floor":24.0},{"not_picked":["Wild Strike","Iron Wave"],"picked":"Heavy Blade","floor":27.0},{"not_picked":["Blood for Blood","Sever Soul","Dark Embrace"],"picked":"SKIP","floor":29.0},{"not_picked":["Perfected Strike","Entrench"],"picked":"Pummel","floor":30.0},{"not_picked":["Cleave","Twin Strike"],"picked":"Whirlwind","floor":31}],"player_experience":754532,"relics_obtained":[{"floor":8.0,"key":"Red Skull"},{"floor":9.0,"key":"Lantern"},{"floor":26.0,"key":"Orichalcum"}],"event_choices":[{"damage_healed":0.0,"max_hp_gain":0.0,"max_hp_loss":0.0,"gold_gain":0.0,"event_name":"Match and Keep!","player_choice":"1 cards matched","floor":2.0,"gold_loss":0.0,"damage_taken":0.0,"cards_obtained":["Ghostly Armor"]},{"damage_healed":0.0,"max_hp_gain":0.0,"max_hp_loss":0.0,"gold_gain":0.0,"event_name":"Back to Basics","player_choice":"Simplicity","floor":20.0,"gold_loss":0.0,"damage_taken":0.0,"cards_upgraded":["Strike_R","Strike_R","Strike_R","Strike_R","Strike_R","Defend_R","Defend_R","Defend_R","Defend_R"]},{"damage_healed":0.0,"max_hp_gain":0.0,"max_hp_loss":0.0,"gold_gain":50.0,"event_name":"Nest","player_choice":"Stole From Cult","floor":22.0,"gold_loss":0.0,"damage_taken":0.0}],"is_beta":false,"boss_relics":[{"not_picked":["Snecko Eye","Ectoplasm"],"picked":"Black Blood"}],"items_purged_floors":[],"is_endless":false,"potions_floor_spawned":[4,8,12,18,21],"killed_by":"Automaton","ascension_level":18}