{"gold_per_floor":[114,131,131,148,148,181,199,212,212,212,287,287],"floor_reached":12,"playtime":379,"items_purged":[],"score":104,"play_id":"efb2ba2d-0d60-4009-9b35-13980af31627","local_time":"20180821102148","is_ascension_mode":true,"campfire_choices":[],"neow_cost":"","seed_source_timestamp":54759448897175,"circlet_count":0,"master_deck":["Strike_B","Strike_B","Strike_B","Defend_B","Defend_B","Defend_B","Defend_B","Zap","Dualcast","Leap","Leap","Storm","Iron Wave","Self Repair","Go for the Eyes","Reinforced Body"],"relics":["Cracked Core","Ornamental Fan","Potion Belt","Oddly Smooth Stone"],"potions_floor_usage":[2,12],"damage_taken":[{"damage":5,"enemies":"2 Louse","floor":1,"turns":2},{"damage":2,"enemies":"Jaw Worm","floor":2,"turns":3},{"damage":3,"enemies":"Cultist","floor":4,"turns":4},{"damage":37,"enemies":"Lagavulin","floor":6,"turns":8},{"damage":8,"enemies":"Large Slime","floor":7,"turns":7},{"damage":1,"enemies":"Looter","floor":8,"turns":4},{"damage":29,"enemies":"3 Sentries","floor":12,"turns":8}],"seed_played":"6690647045092797611","potions_obtained":[{"floor":2,"key":"Fruit Juice"},{"floor":7,"key":"Energy Potion"},{"floor":8,"key":"Weak Potion"}],"is_trial":false,"path_per_floor":["M","M","?","M","?","E","M","M","T","?","?"],"character_chosen":"DEFECT","items_purchased":[],"campfire_rested":0,"item_purchase_floors":[],"current_hp_per_floor":[63,66,66,63,63,26,25,31,31,31,20,0],"gold":287,"neow_bonus":"","is_prod":false,"is_daily":false,"chose_seed":false,"campfire_upgraded":0,"win_rate":0,"timestamp":1534839708,"path_taken":["M","M","?","M","?","E","M","M","T","?","?","E"],"build_version":"2018-08-16","purchased_purges":0,"victory":false,"max_hp_per_floor":[75,80,80,80,80,80,80,80,80,80,80,80],"card_choices":[{"not_picked":["Go for the Eyes","Sweeping Beam"],"picked":"Leap","floor":1},{"not_picked":["Aggregate","Hologram"],"picked":"Leap","floor":2},{"not_picked":["All For One","Beam Cell"],"picked":"Storm","floor":4},{"not_picked":["Sunder","Reprogram"],"picked":"Self Repair","floor":6},{"not_picked":["Rebound","Compile Driver"],"picked":"Go for the Eyes","floor":7},{"not_picked":["Stack","Go for the Eyes"],"picked":"Reinforced Body","floor":8}],"player_experience":89474,"relics_obtained":[{"floor":6,"key":"Potion Belt"},{"floor":9,"key":"Oddly Smooth Stone"}],"event_choices":[{"event_name":"Big Fish","player_choice":"Box","floor":3,"damage_taken":0},{"event_name":"NoteForYourself","player_choice":"Took Card","floor":5,"damage_taken":0},{"event_name":"Living Wall","player_choice":"Forget","floor":10,"damage_taken":0},{"event_name":"World of Goop","player_choice":"Gather Gold","floor":11,"damage_taken":0}],"is_beta":true,"boss_relics":[],"items_purged_floors":[],"is_endless":false,"potions_floor_spawned":[2,7,8],"killed_by":"3 Sentries","ascension_level":6}