{"gold_per_floor":[363,373,373,393,468,468,486,486,486,498,353,353],"floor_reached":12,"playtime":347,"items_purged":["Strike_B"],"score":105,"play_id":"6599e6be-47a9-4d88-ae11-666a86954019","local_time":"20180902185101","is_ascension_mode":true,"campfire_choices":[{"data":"Zap","floor":6,"key":"SMITH"},{"data":"Conserve Battery","floor":8,"key":"SMITH"}],"neow_cost":"TEN_PERCENT_HP_LOSS","seed_source_timestamp":242021744659392,"circlet_count":0,"master_deck":["Strike_B","Strike_B","Strike_B","Defend_B","Defend_B","Defend_B","Defend_B","Zap+1","Dualcast","AscendersBane","Conserve Battery+1","Tempest","Scrape"],"relics":["Cracked Core","CultistMask","Pear"],"potions_floor_usage":[],"damage_taken":[{"damage":1,"enemies":"Cultist","floor":1,"turns":3},{"damage":7,"enemies":"Jaw Worm","floor":2,"turns":4},{"damage":0,"enemies":"Small Slimes","floor":4,"turns":3},{"damage":14,"enemies":"Exordium Wildlife","floor":7,"turns":4},{"damage":11,"enemies":"Exordium Thugs","floor":10,"turns":6},{"damage":34,"enemies":"The Mushroom Lair","floor":12,"turns":3}],"seed_played":"2719878233884001140","potions_obtained":[{"floor":2,"key":"SkillPotion"},{"floor":7,"key":"LiquidBronze"}],"is_trial":false,"path_per_floor":["M","M","?","M","?","R","M","R","T","M","$"],"character_chosen":"DEFECT","items_purchased":["Scrape"],"campfire_rested":0,"item_purchase_floors":[11],"current_hp_per_floor":[67,60,60,60,49,49,35,35,45,34,34,0],"gold":353,"neow_bonus":"TWO_FIFTY_GOLD","is_prod":false,"is_daily":false,"chose_seed":false,"campfire_upgraded":2,"win_rate":0,"timestamp":1535907061,"path_taken":["M","M","?","M","?","R","?","R","T","?","$","?"],"build_version":"2018-08-30","purchased_purges":1,"victory":false,"max_hp_per_floor":[68,68,68,68,68,68,68,68,78,78,78,78],"card_choices":[{"not_picked":["Rebound","Chaos","Hologram"],"picked":"SKIP","floor":1},{"not_picked":["Ball Lightning","Heatsinks","Go for the Eyes"],"picked":"SKIP","floor":2},{"not_picked":["Reinforced Body","Rip and Tear"],"picked":"Conserve Battery","floor":4},{"not_picked":["Double Energy","Storm","Barrage"],"picked":"SKIP","floor":7},{"not_picked":["Streamline","Redo"],"picked":"Tempest","floor":10}],"player_experience":571560,"relics_obtained":[{"floor":9,"key":"Pear"}],"event_choices":[{"event_name":"FaceTrader","player_choice":"Trade","floor":3,"damage_taken":0},{"event_name":"World of Goop","player_choice":"Gather Gold","floor":5,"damage_taken":0},{"event_name":"Mushrooms","player_choice":"Fought Mushrooms","floor":12,"damage_taken":0}],"is_beta":false,"boss_relics":[],"items_purged_floors":[11],"is_endless":false,"potions_floor_spawned":[2,7],"killed_by":"The Mushroom Lair","ascension_level":10}