{"gold_per_floor":[13,26,26,36,47,47,20,20,20,45,45,80,92,104,116,228,240,266,278,290],"floor_reached":20,"playtime":646,"items_purged":[],"score":216,"play_id":"35359bf2-10fd-4d05-964e-d3eb05f41451","local_time":"20180828142704","is_ascension_mode":true,"campfire_choices":[{"data":"Zap","floor":6,"key":"SMITH"},{"data":"Barrage","floor":8,"key":"SMITH"},{"floor":15,"key":"REST"}],"neow_cost":"NO_GOLD","seed_source_timestamp":630386690542851,"circlet_count":0,"master_deck":["Strike_B+1","Strike_B","Strike_B","Strike_B","Defend_B","Defend_B","Defend_B+1","Defend_B","Zap+1","Dualcast","All For One","Beam Cell","Glacier","Hologram","Barrage+1","Redo","Gash","Biased Cognition","RitualDagger"],"relics":["Cracked Core","Omamori","Symbiotic Virus","MawBank","Busted Crown"],"potions_floor_usage":[10,10,16],"damage_taken":[{"damage":1,"enemies":"Cultist","floor":1,"turns":3},{"damage":7,"enemies":"Jaw Worm","floor":2,"turns":2},{"damage":0,"enemies":"Small Slimes","floor":4,"turns":3},{"damage":2,"enemies":"3 Louse","floor":5,"turns":4},{"damage":2,"enemies":"Gremlin Nob","floor":10,"turns":3},{"damage":24,"enemies":"Lagavulin","floor":12,"turns":4},{"damage":51,"enemies":"The Guardian","floor":16,"turns":8},{"damage":6,"enemies":"3 Byrds","floor":18,"turns":3},{"damage":22,"enemies":"Colosseum Slavers","floor":20,"turns":3},{"damage":46,"enemies":"Colosseum Nobs","floor":20,"turns":4}],"seed_played":"7122595469496645479","potions_obtained":[{"floor":2,"key":"FocusPotion"},{"floor":4,"key":"Swift Potion"},{"floor":10,"key":"SteroidPotion"}],"is_trial":false,"path_per_floor":["M","M","$","M","M","R","$","R","T","E","?","E","?","$","R","B",null,"M","?"],"character_chosen":"DEFECT","items_purchased":["Barrage"],"campfire_rested":1,"item_purchase_floors":[7],"current_hp_per_floor":[74,67,67,67,65,65,65,65,65,63,68,44,28,28,52,1,80,74,68,0],"gold":290,"neow_bonus":"THREE_RARE_CARDS","is_prod":false,"is_daily":false,"chose_seed":false,"campfire_upgraded":2,"win_rate":0,"timestamp":1535480824,"path_taken":["M","M","$","M","M","R","$","R","T","E","?","E","?","$","R","BOSS","M","?","?"],"build_version":"2018-08-23v2","purchased_purges":0,"victory":false,"max_hp_per_floor":[75,75,75,75,75,75,75,75,75,75,80,80,80,80,80,80,80,80,80,80],"card_choices":[{"not_picked":["Amplify","Reboot"],"picked":"All For One","floor":0},{"not_picked":["Streamline","Loop"],"picked":"Beam Cell","floor":1},{"not_picked":["Steam Power","Barrage"],"picked":"Glacier","floor":2},{"not_picked":["Auto Shields","Rebound"],"picked":"Hologram","floor":4},{"not_picked":["Rebound","Stack","Reinforced Body"],"picked":"SKIP","floor":5},{"not_picked":["Leap","Auto Shields"],"picked":"Redo","floor":10},{"not_picked":["Sweeping Beam","Steam"],"picked":"Gash","floor":12},{"not_picked":["Multi-Cast","Amplify"],"picked":"Biased Cognition","floor":16},{"not_picked":["Compile Driver"],"picked":"SKIP","floor":18}],"player_experience":477787,"relics_obtained":[{"floor":9,"key":"Omamori"},{"floor":10,"key":"Symbiotic Virus"},{"floor":12,"key":"MawBank"}],"event_choices":[{"event_name":"Big Fish","player_choice":"Donut","floor":11,"damage_taken":0},{"event_name":"Shining Light","player_choice":"Entered Light","floor":13,"damage_taken":0},{"event_name":"Nest","player_choice":"Joined the Cult","floor":19,"damage_taken":0},{"event_name":"Colosseum","player_choice":"Fight","floor":20,"damage_taken":0},{"event_name":"Colosseum","player_choice":"Fought Nobs","floor":20,"damage_taken":0}],"is_beta":false,"boss_relics":[{"not_picked":["White Beast Statue","Coffee Dripper"],"picked":"Busted Crown"}],"items_purged_floors":[],"is_endless":false,"potions_floor_spawned":[2,4,10],"killed_by":"Colosseum Nobs","ascension_level":4}