{"path_per_floor":["M","M","?","?","M","R","$","M","T","M","R","M","E","M","R","B",null,"M"],"character_chosen":"DEFECT","items_purchased":["Swift Strike","Scrape","Axe Kick"],"gold_per_floor":[112,123,123,298,316,316,45,56,56,68,68,84,113,132,132,236,236,253,253],"floor_reached":19,"campfire_rested":2,"playtime":846,"current_hp_per_floor":[70,65,47,47,43,69,69,65,65,64,64,57,45,45,73,32,79,75,0],"items_purged":["Regret"],"gold":253,"score":264,"play_id":"0c679b65-dc85-4bbc-af67-e4385b457a95","local_time":"20180515071058","is_prod":false,"is_daily":false,"chose_seed":false,"is_ascension_mode":true,"campfire_upgraded":1,"timestamp":1526382658,"path_taken":["M","M","?","?","M","R","$","M","T","M","R","M","E","M","R","BOSS","M","?"],"build_version":"2018-05-14v2","seed_source_timestamp":0,"purchased_purges":1,"victory":false,"master_deck":["Strike_B","Strike_B","Strike_B+1","Strike_B","Defend_B","Defend_B","Defend_B","Defend_B","Zap+1","Dualcast+1","Streamline","Axe Kick","Doubt","Leap","Swift Strike","Scrape","Axe Kick","Coolheaded","Fission","Fusion","Glacier","Biased Cognition","Turbo+1"],"max_hp_per_floor":[89,89,89,89,89,89,89,89,89,89,89,94,94,94,94,94,94,94,94],"relics":["Cracked Core","Torii","Sundial","Eternal Feather"],"card_choices":[{"not_picked":["Reinforced Body","Cold Snap"],"picked":"Streamline","floor":1.0},{"not_picked":["Steam","Aggregate"],"picked":"Axe Kick","floor":2.0},{"not_picked":["Axe Kick","Heatsinks"],"picked":"Leap","floor":5.0},{"not_picked":["Hello World","Cold Snap"],"picked":"Coolheaded","floor":8.0},{"not_picked":["Streamline","Rebound"],"picked":"Fission","floor":10.0},{"not_picked":["Reprogram","Barrage","Streamline"],"picked":"SKIP","floor":12.0},{"not_picked":["Chill","Hologram"],"picked":"Fusion","floor":13.0},{"not_picked":["Force Field","Barrage"],"picked":"Glacier","floor":14.0},{"not_picked":["Nova","Amplify"],"picked":"Biased Cognition","floor":16.0},{"not_picked":["Sweeping Beam+1","Leap"],"picked":"Turbo+1","floor":18.0}],"player_experience":85571,"potions_floor_usage":[],"damage_taken":[{"damage":12.0,"enemies":"Small Slimes","floor":1.0,"turns":3.0},{"damage":5.0,"enemies":"2 Louse","floor":2.0,"turns":3.0},{"damage":4.0,"enemies":"Jaw Worm","floor":5.0,"turns":3.0},{"damage":4.0,"enemies":"Blue Slaver","floor":8.0,"turns":2.0},{"damage":1.0,"enemies":"Looter","floor":10.0,"turns":2.0},{"damage":12.0,"enemies":"Exordium Wildlife","floor":12.0,"turns":3.0},{"damage":12.0,"enemies":"3 Sentries","floor":13.0,"turns":8.0},{"damage":0.0,"enemies":"Large Slime","floor":14.0,"turns":5.0},{"damage":41.0,"enemies":"The Guardian","floor":16.0,"turns":13.0},{"damage":4.0,"enemies":"Shell Parasite","floor":18.0,"turns":11.0},{"damage":84,"enemies":"Masked Bandits","floor":19,"turns":7}],"relics_obtained":[],"event_choices":[{"event_name":"Shining Light","player_choice":"Entered Light","floor":3.0,"damage_taken":0.0},{"event_name":"Liars Game","player_choice":"agreed","floor":4.0,"damage_taken":0.0},{"event_name":"Masked Bandits","player_choice":"Fought over 253 gold","floor":19,"damage_taken":0}],"boss_relics":[],"potions_floor_spawned":[1,2,14,16],"seed_played":"8167913658058033851","killed_by":"Masked Bandits","ascension_level":8,"potions_obtained":[],"is_trial":false}