{"gold_per_floor":[116,28,42,42,53,79,79,114,114,129,129],"floor_reached":11,"playtime":292,"items_purged":[],"score":166,"play_id":"85e117e4-c6ba-4d59-ac83-16882a24954c","local_time":"20190504232813","is_ascension_mode":true,"campfire_choices":[{"data":"Spot Weakness","floor":7,"key":"SMITH"}],"neow_cost":"CURSE","seed_source_timestamp":985552118478001,"circlet_count":0,"master_deck":["AscendersBane","Strike_R","Strike_R","Strike_R","Strike_R","Strike_R","Defend_R","Defend_R","Defend_R","Defend_R","Bash","Writhe","Immolate+1","Dropkick","Flex","Dual Wield","Ghostly Armor","Spot Weakness+1","Flex","Spot Weakness","Headbutt"],"relics":["Burning Blood","Shuriken","Self Forming Clay","Matryoshka"],"potions_floor_usage":[6,8],"damage_taken":[{"damage":14,"enemies":"Small Slimes","floor":1,"turns":4},{"damage":0,"enemies":"Cultist","floor":3,"turns":3},{"damage":4,"enemies":"2 Louse","floor":5,"turns":3},{"damage":34,"enemies":"Gremlin Nob","floor":6,"turns":4},{"damage":13,"enemies":"3 Sentries","floor":8,"turns":4},{"damage":23,"enemies":"Large Slime","floor":10,"turns":6},{"damage":9,"enemies":"Red Slaver","floor":11,"turns":3}],"seed_played":"4462349853155615004","potions_obtained":[{"floor":1,"key":"Strength Potion"},{"floor":5,"key":"EssenceOfSteel"}],"is_trial":false,"path_per_floor":["M","$","M","?","M","E","R","E","T","M","M"],"character_chosen":"IRONCLAD","items_purchased":["Flex","Dual Wield"],"campfire_rested":0,"item_purchase_floors":[2,2],"current_hp_per_floor":[60,60,66,66,68,40,40,33,33,16,7],"gold":129,"neow_bonus":"THREE_RARE_CARDS","is_prod":false,"is_daily":false,"chose_seed":false,"campfire_upgraded":1,"win_rate":0,"timestamp":1557026893,"path_taken":["M","$","M","?","M","E","R","E","T","M","M"],"build_version":"2019-01-23","purchased_purges":0,"victory":false,"max_hp_per_floor":[75,75,75,75,75,75,75,75,75,75,75],"card_choices":[{"not_picked":["Exhume","Dark Embrace"],"picked":"Immolate","floor":0},{"not_picked":["Carnage","Clothesline"],"picked":"Dropkick","floor":1},{"not_picked":["Warcry","Perfected Strike"],"picked":"Ghostly Armor","floor":3},{"not_picked":["Power Through","True Grit"],"picked":"Spot Weakness","floor":5},{"not_picked":["Second Wind","Sword Boomerang"],"picked":"Flex","floor":6},{"not_picked":["Second Wind","Shrug It Off"],"picked":"Spot Weakness","floor":8},{"not_picked":["Body Slam","Havoc"],"picked":"Headbutt","floor":10}],"player_experience":947598,"relics_obtained":[{"floor":6,"key":"Shuriken"},{"floor":8,"key":"Self Forming Clay"},{"floor":9,"key":"Matryoshka"}],"event_choices":[{"damage_healed":0,"gold_gain":0,"player_choice":"Forge","damage_taken":0,"max_hp_gain":0,"max_hp_loss":0,"event_name":"Accursed Blacksmith","floor":4,"gold_loss":0,"cards_upgraded":["Immolate"]}],"is_beta":false,"boss_relics":[],"items_purged_floors":[],"is_endless":false,"potions_floor_spawned":[1,5],"killed_by":"Red Slaver","ascension_level":20}