{"gold_per_floor":[20,95,60,75,88,118,135,135,182,8,8,41,53,106,118,130],"floor_reached":16,"playtime":686,"items_purged":[],"score":171,"play_id":"86f24354-c28f-4f23-98a0-c3fed4142ec9","local_time":"20190402131302","is_ascension_mode":true,"campfire_choices":[{"floor":8,"key":"REST"},{"floor":15,"key":"REST"}],"neow_cost":"NO_GOLD","seed_source_timestamp":1743931853361951,"circlet_count":0,"master_deck":["Defend_G+1","Defend_G","Defend_G","Defend_G","Defend_G+1","Strike_G","Strike_G","Strike_G","Strike_G","Strike_G","Survivor","Neutralize","Skewer","Poisoned Stab","Concentrate","Eviscerate","Setup","Deadly Poison","Injury","Bullet Time","Venomology"],"relics":["Ring of the Snake","Question Card","Oddly Smooth Stone","War Paint","Golden Idol","MawBank","The Courier","Art of War"],"potions_floor_usage":[6,7,12,16],"damage_taken":[{"damage":11,"enemies":"2 Louse","floor":1,"turns":3},{"damage":0,"enemies":"Small Slimes","floor":4,"turns":4},{"damage":0,"enemies":"Jaw Worm","floor":5,"turns":4},{"damage":37,"enemies":"3 Sentries","floor":6,"turns":12},{"damage":0,"enemies":"Looter","floor":7,"turns":4},{"damage":3,"enemies":"Lagavulin","floor":12,"turns":8},{"damage":41,"enemies":"Gremlin Nob","floor":14,"turns":5},{"damage":66,"enemies":"The Guardian","floor":16,"turns":13}],"seed_played":"7454861028130361137","potions_obtained":[{"floor":4,"key":"GhostInAJar"},{"floor":5,"key":"Block Potion"},{"floor":6,"key":"Block Potion"},{"floor":14,"key":"Ancient Potion"}],"is_trial":false,"path_per_floor":["M","?","?","M","M","E","M","R","T","$","?","E","?","E","R","B"],"character_chosen":"THE_SILENT","items_purchased":["Deadly Poison","War Paint"],"campfire_rested":2,"item_purchase_floors":[10,10],"current_hp_per_floor":[66,55,76,76,76,39,39,64,64,64,64,61,58,17,42,0],"gold":130,"neow_bonus":"TWENTY_PERCENT_HP_BONUS","is_prod":false,"is_daily":false,"chose_seed":false,"campfire_upgraded":0,"win_rate":0,"timestamp":1554235982,"path_taken":["M","?","?","?","M","E","M","R","T","$","?","E","?","E","R","BOSS"],"build_version":"2019-01-23","purchased_purges":0,"victory":false,"max_hp_per_floor":[84,84,84,84,84,84,84,84,84,84,84,84,84,84,84,84],"card_choices":[{"not_picked":["Quick Slash","Poisoned Stab"],"picked":"Skewer","floor":1},{"not_picked":["Slice","Outmaneuver"],"picked":"Poisoned Stab","floor":4},{"not_picked":["PiercingWail","Dagger Spray"],"picked":"Concentrate","floor":5},{"not_picked":["Underhanded Strike","Prepared"],"picked":"Eviscerate","floor":6},{"not_picked":["Caltrops","Blade Dance","Dagger Spray"],"picked":"Setup","floor":7},{"not_picked":["Night Terror","PiercingWail","All Out Attack"],"picked":"Bullet Time","floor":12},{"not_picked":["Slice","Bane","Flying Knee"],"picked":"Venomology","floor":14}],"player_experience":469500,"relics_obtained":[{"floor":6,"key":"Question Card"},{"floor":9,"key":"Oddly Smooth Stone"},{"floor":12,"key":"MawBank"},{"floor":14,"key":"Art of War"}],"event_choices":[{"damage_healed":0,"gold_gain":75,"player_choice":"Gather Gold","damage_taken":11,"max_hp_gain":0,"max_hp_loss":0,"event_name":"World of Goop","floor":2,"gold_loss":0},{"damage_healed":21,"gold_gain":0,"player_choice":"Healed","damage_taken":0,"max_hp_gain":0,"max_hp_loss":0,"event_name":"The Cleric","floor":3,"gold_loss":35},{"damage_healed":0,"gold_gain":0,"player_choice":"Take Wound","damage_taken":0,"relics_obtained":["Golden Idol"],"max_hp_gain":0,"max_hp_loss":0,"event_name":"Golden Idol","floor":11,"gold_loss":0,"cards_obtained":["Injury"]},{"damage_healed":0,"gold_gain":0,"player_choice":"Success","damage_taken":3,"relics_obtained":["The Courier"],"max_hp_gain":0,"max_hp_loss":0,"event_name":"Scrap Ooze","floor":13,"gold_loss":0}],"is_beta":false,"boss_relics":[],"items_purged_floors":[],"is_endless":false,"potions_floor_spawned":[4,5,6,14],"killed_by":"The Guardian","ascension_level":9}