{"gold_per_floor":[112,262,262,277,108,108,123,52,52,82,82,92,92,123,123,194,194,194,194,16,16,16,16,16,16,16,16,16],"floor_reached":28,"playtime":896,"items_purged":["Doubt","Strike_G"],"score":524,"play_id":"3869d2bb-ddad-473d-a2f1-0e06aa46f0c5","local_time":"20190422112803","is_ascension_mode":true,"campfire_choices":[{"data":"Infinite Blades","floor":6.0,"key":"SMITH"},{"data":"Accuracy","floor":11.0,"key":"SMITH"},{"data":"Cloak And Dagger","floor":13.0,"key":"SMITH"},{"floor":15.0,"key":"REST"},{"floor":24.0,"key":"REST"}],"neow_cost":"PERCENT_DAMAGE","seed_source_timestamp":611151434433700,"circlet_count":0,"master_deck":["AscendersBane","Defend_G","Defend_G","Defend_G","Defend_G","Strike_G","Strike_G","Survivor","Neutralize","Quick Slash","Infinite Blades+1","Choke","Cloak And Dagger+1","Quick Slash","Accuracy+1","Unload","Glass Knife","Blade Dance","Infinite Blades","Dodge and Roll+1","Backstab"],"special_seed":0,"relics":["Ring of the Snake","Ninja Scroll","Mercury Hourglass","Ancient Tea Set","Ectoplasm","PreservedInsect","Potion Belt","Dream Catcher"],"potions_floor_usage":[28],"damage_taken":[{"damage":8.0,"enemies":"Jaw Worm","floor":1.0,"turns":4.0},{"damage":1.0,"enemies":"2 Louse","floor":4.0,"turns":3.0},{"damage":0.0,"enemies":"Small Slimes","floor":7.0,"turns":3.0},{"damage":8.0,"enemies":"Gremlin Nob","floor":10.0,"turns":3.0},{"damage":0.0,"enemies":"Blue Slaver","floor":12.0,"turns":2.0},{"damage":7.0,"enemies":"3 Sentries","floor":14.0,"turns":4.0},{"damage":44.0,"enemies":"The Guardian","floor":16.0,"turns":8.0},{"damage":18.0,"enemies":"3 Byrds","floor":18.0,"turns":3.0},{"damage":0.0,"enemies":"Chosen","floor":21.0,"turns":2.0},{"damage":20.0,"enemies":"Slavers","floor":23.0,"turns":3.0},{"damage":33.0,"enemies":"Gremlin Leader","floor":25.0,"turns":4.0},{"damage":19,"enemies":"Snecko","floor":28,"turns":3}],"seed_played":"-8317871268278102336","potions_obtained":[{"floor":7.0,"key":"SteroidPotion"},{"floor":10.0,"key":"Dexterity Potion"},{"floor":12.0,"key":"EssenceOfSteel"},{"floor":25.0,"key":"AttackPotion"}],"is_trial":false,"path_per_floor":["M","?","?","M","$","R","M","?","T","E","R","M","R","E","R","B",null,"M","?","$","M","$","E","R","E","T","?","M"],"character_chosen":"THE_SILENT","items_purchased":["Choke","Cloak And Dagger","Infinite Blades"],"campfire_rested":2,"item_purchase_floors":[5,5,20],"current_hp_per_floor":[36,36,41,40,40,40,40,40,40,32,32,32,32,25,46,2,54,36,36,36,36,36,16,37,4,4,4,0],"gold":16,"neow_bonus":"REMOVE_TWO","is_prod":false,"is_daily":false,"chose_seed":false,"campfire_upgraded":3,"win_rate":0,"timestamp":1555946883,"path_taken":["M","?","?","M","$","R","M","?","T","E","R","M","R","E","R","BOSS","M","?","?","?","$","E","R","E","T","?","M"],"build_version":"2019-04-21","purchased_purges":2,"victory":false,"max_hp_per_floor":[66,66,71,71,71,71,71,71,71,71,71,71,71,71,71,71,71,71,71,71,71,71,71,71,71,71,71,71],"card_choices":[{"not_picked":["Expertise","Dodge and Roll"],"picked":"Quick Slash","floor":1.0},{"not_picked":["Concentrate","Tactician"],"picked":"Infinite Blades","floor":4.0},{"not_picked":["Tactician","Underhanded Strike"],"picked":"Quick Slash","floor":7.0},{"not_picked":["Deadly Poison","Distraction"],"picked":"Accuracy","floor":10.0},{"not_picked":["Underhanded Strike","Bane","Crippling Poison"],"picked":"SKIP","floor":12.0},{"not_picked":["Noxious Fumes","Underhanded Strike"],"picked":"Unload","floor":14.0},{"not_picked":["Unload","Malaise"],"picked":"Glass Knife","floor":16.0},{"not_picked":["Dagger Throw","Deadly Poison"],"picked":"Blade Dance","floor":18.0},{"not_picked":["Deflect","Sucker Punch"],"picked":"Dodge and Roll+1","floor":21.0},{"not_picked":["Calculated Gamble","Prepared+1","Masterful Stab"],"picked":"SKIP","floor":23.0},{"not_picked":["Acrobatics","Skewer"],"picked":"Backstab","floor":25.0}],"player_experience":1362280,"relics_obtained":[{"floor":9.0,"key":"Ninja Scroll"},{"floor":10.0,"key":"Mercury Hourglass"},{"floor":14.0,"key":"Ancient Tea Set"},{"floor":23.0,"key":"PreservedInsect"},{"floor":25.0,"key":"Potion Belt"},{"floor":26.0,"key":"Dream Catcher"}],"event_choices":[{"damage_healed":0.0,"max_hp_gain":0.0,"max_hp_loss":0.0,"gold_gain":150.0,"event_name":"Liars Game","player_choice":"AGREE","floor":2.0,"gold_loss":0.0,"damage_taken":0.0,"cards_obtained":["Doubt"]},{"damage_healed":0.0,"max_hp_gain":5.0,"max_hp_loss":0.0,"gold_gain":0.0,"event_name":"Big Fish","player_choice":"Donut","floor":3.0,"gold_loss":0.0,"damage_taken":0.0},{"damage_healed":0.0,"max_hp_gain":0.0,"max_hp_loss":0.0,"gold_gain":0.0,"event_name":"World of Goop","player_choice":"Left Gold","floor":8.0,"gold_loss":71.0,"damage_taken":0.0},{"cards_removed":["Strike_G"],"damage_healed":0.0,"max_hp_gain":0.0,"max_hp_loss":0.0,"gold_gain":0.0,"event_name":"Purifier","player_choice":"Purged","floor":19.0,"gold_loss":0.0,"damage_taken":0.0}],"is_beta":true,"boss_relics":[{"not_picked":["Philosopher\u0027s Stone","Runic Pyramid"],"picked":"Ectoplasm"}],"items_purged_floors":[5,20],"is_endless":false,"potions_floor_spawned":[7,10,12,25],"killed_by":"Snecko","ascension_level":20}