{"gold_per_floor":[113,18,35,96,112,112,262,236,307,307],"floor_reached":10,"playtime":835,"items_purged":[],"score":116,"play_id":"b467dfa8-dd04-4a7e-a030-4ddb64aad926","local_time":"20190425163729","is_ascension_mode":true,"campfire_choices":[{"data":"Jack Of All Trades","floor":6,"key":"SMITH"}],"neow_cost":"NONE","seed_source_timestamp":0,"circlet_count":0,"master_deck":["AscendersBane","Defend_G","Defend_G","Defend_G","Defend_G","Defend_G","Strike_G","Strike_G","Strike_G","Strike_G","Strike_G","Survivor","Neutralize","Backstab","Well Laid Plans","Jack Of All Trades+1","Dash","Doubt","Blur"],"special_seed":0,"relics":["Ring of the Snake","The Courier"],"potions_floor_usage":[],"damage_taken":[{"damage":0.0,"enemies":"2 Louse","floor":1.0,"turns":3.0},{"damage":7.0,"enemies":"Jaw Worm","floor":3.0,"turns":4.0},{"damage":0.0,"enemies":"Small Slimes","floor":5.0,"turns":3.0},{"damage":7,"enemies":"Exordium Thugs","floor":8,"turns":4},{"damage":15,"enemies":"Lagavulin","floor":10,"turns":7}],"seed_played":"5460308581459149813","potions_obtained":[],"is_trial":false,"path_per_floor":["M","$","M","?","M","R","?","M","T","E"],"character_chosen":"THE_SILENT","items_purchased":["Jack Of All Trades"],"campfire_rested":0,"item_purchase_floors":[2],"current_hp_per_floor":[59,59,52,52,52,52,52,45,45,30],"gold":307,"neow_bonus":"THREE_CARDS","is_prod":false,"is_daily":false,"chose_seed":false,"campfire_upgraded":1,"win_rate":0,"timestamp":1556224649,"path_taken":["M","$","M","?","M","R","?","M","T","E"],"build_version":"2019-04-23","purchased_purges":0,"victory":false,"max_hp_per_floor":[66,66,66,66,66,66,66,66,66,66],"card_choices":[{"not_picked":["Backflip","Dagger Spray"],"picked":"Backstab","floor":0.0},{"not_picked":["Flying Knee","Quick Slash"],"picked":"Well Laid Plans","floor":1.0},{"not_picked":["Cloak And Dagger","Dagger Throw"],"picked":"Dash","floor":3.0},{"not_picked":["Cloak And Dagger","Heel Hook","Prepared"],"picked":"SKIP","floor":5},{"not_picked":["Acrobatics","Setup"],"picked":"Blur","floor":8}],"player_experience":1374981,"relics_obtained":[{"floor":9,"key":"The Courier"}],"event_choices":[{"damage_healed":0.0,"max_hp_gain":0.0,"max_hp_loss":0.0,"gold_gain":61.0,"event_name":"Golden Wing","player_choice":"Gained Gold","floor":4.0,"gold_loss":0.0,"damage_taken":0.0},{"damage_healed":0,"gold_gain":150,"player_choice":"AGREE","damage_taken":0,"max_hp_gain":0,"max_hp_loss":0,"event_name":"Liars Game","floor":7,"gold_loss":0,"cards_obtained":["Doubt"]}],"is_beta":true,"boss_relics":[],"items_purged_floors":[],"is_endless":false,"potions_floor_spawned":[],"killed_by":"Lagavulin","ascension_level":20}