{"gold_per_floor":[214,214,51,84,12,12,12,12,12,12,42,42,59,334,334,431,431,467,234,273,273,273,273],"floor_reached":23,"playtime":1075,"items_purged":["Regret"],"score":231,"play_id":"3c2bdd2f-3717-4b29-9859-b18d10cb565a","local_time":"20190402205520","is_ascension_mode":true,"campfire_choices":[{"data":"HandOfGreed","floor":6,"key":"SMITH"},{"data":"Sweeping Beam","floor":8,"key":"SMITH"},{"data":"Zap","floor":10,"key":"SMITH"},{"floor":12,"key":"REST"},{"data":"Loop","floor":15,"key":"SMITH"}],"neow_cost":"NONE","seed_source_timestamp":1771277320029861,"circlet_count":0,"master_deck":["Strike_B","Defend_B","Defend_B","Defend_B","Defend_B","Zap+1","Dualcast","Sweeping Beam+1","HandOfGreed+1","Ball Lightning","Static Discharge+1","Steam","Loop+1","Creative AI","Ball Lightning+1","Doom and Gloom+1","Reboot+1","White Noise","Core Surge","Leap","Sweeping Beam+1","Decay"],"relics":["Cracked Core","Ice Cream","Matryoshka","Astrolabe","MutagenicStrength"],"potions_floor_usage":[11,11,16,23],"damage_taken":[{"damage":0,"enemies":"2 Louse","floor":1,"turns":3},{"damage":6,"enemies":"Cultist","floor":4,"turns":4},{"damage":24,"enemies":"3 Sentries","floor":11,"turns":3},{"damage":6,"enemies":"Small Slimes","floor":13,"turns":2},{"damage":45,"enemies":"Hexaghost","floor":16,"turns":7},{"damage":25,"enemies":"2 Thieves","floor":18,"turns":3},{"damage":3,"enemies":"Chosen","floor":20,"turns":4},{"damage":33,"enemies":"Book of Stabbing","floor":23,"turns":4}],"seed_played":"-8994149036885117338","potions_obtained":[{"floor":2,"key":"Swift Potion"},{"floor":2,"key":"Swift Potion"},{"floor":2,"key":"PowerPotion"},{"floor":13,"key":"LiquidBronze"},{"floor":20,"key":"Ancient Potion"}],"is_trial":false,"path_per_floor":["M","?","$","M","$","R","?","R","T","R","E","R","M","?","R","B",null,"M","$","M","?","?","E"],"character_chosen":"DEFECT","items_purchased":["HandOfGreed","Static Discharge","Core Surge","Leap"],"campfire_rested":1,"item_purchase_floors":[3,5,19,19],"current_hp_per_floor":[75,75,75,69,69,69,69,69,69,69,45,67,61,61,61,16,60,35,35,32,32,32,0],"gold":273,"neow_bonus":"HUNDRED_GOLD","is_prod":false,"is_daily":false,"chose_seed":false,"campfire_upgraded":4,"win_rate":0,"timestamp":1554263720,"path_taken":["M","?","$","?","?","R","?","R","T","R","E","R","M","?","R","BOSS","M","?","?","?","?","E"],"build_version":"2019-01-23","purchased_purges":1,"victory":false,"max_hp_per_floor":[75,75,75,75,75,75,75,75,75,75,75,75,75,75,75,75,75,75,75,75,75,75,75],"card_choices":[{"not_picked":["Redo","Steam"],"picked":"Sweeping Beam","floor":1},{"not_picked":["Gash","Multi-Cast"],"picked":"Ball Lightning","floor":4},{"not_picked":["Rebound","Coolheaded"],"picked":"Steam","floor":11},{"not_picked":["Rebound","Conserve Battery"],"picked":"Loop","floor":13},{"not_picked":["Buffer","Fission"],"picked":"Creative AI","floor":16},{"not_picked":["Redo","Beam Cell"],"picked":"White Noise","floor":18},{"not_picked":["Blizzard+1","Steam"],"picked":"Sweeping Beam+1","floor":20}],"player_experience":495313,"relics_obtained":[{"floor":9,"key":"Ice Cream"},{"floor":11,"key":"Matryoshka"}],"event_choices":[{"damage_healed":0,"gold_gain":0,"player_choice":"Got Potions","damage_taken":0,"max_hp_gain":0,"max_hp_loss":0,"event_name":"Lab","floor":2,"gold_loss":0},{"damage_healed":0,"gold_gain":0,"player_choice":"Grow","damage_taken":0,"max_hp_gain":0,"max_hp_loss":0,"event_name":"Living Wall","floor":7,"gold_loss":0,"cards_upgraded":["Static Discharge"]},{"damage_healed":0,"gold_gain":275,"player_choice":"Desecrate","damage_taken":0,"max_hp_gain":0,"max_hp_loss":0,"event_name":"Golden Shrine","floor":14,"gold_loss":0,"cards_obtained":["Regret"]},{"damage_healed":0,"gold_gain":0,"player_choice":"Inject Mutagens","damage_taken":0,"relics_obtained":["MutagenicStrength"],"max_hp_gain":0,"max_hp_loss":0,"event_name":"Drug Dealer","floor":21,"gold_loss":0},{"damage_healed":0,"gold_gain":0,"player_choice":"Cursed","damage_taken":0,"max_hp_gain":0,"max_hp_loss":0,"event_name":"Wheel of Change","floor":22,"gold_loss":0,"cards_obtained":["Decay"]}],"is_beta":false,"boss_relics":[{"not_picked":["Busted Crown","Tiny House"],"picked":"Astrolabe"}],"items_purged_floors":[19],"is_endless":false,"potions_floor_spawned":[13,20],"killed_by":"Book of Stabbing","ascension_level":5}