{"gold_per_floor":[118,118,136,37,57,57,74,85,85,104,104,119,119,137,137,214,214,227,227],"floor_reached":19,"playtime":530,"items_purged":[],"score":326,"play_id":"c8769365-b0be-49dc-986c-e0ad3880d9d8","local_time":"20190309120003","is_ascension_mode":true,"campfire_choices":[{"data":"Panacea","floor":6,"key":"SMITH"},{"data":"Gash","floor":11,"key":"SMITH"},{"data":"Gash","floor":13,"key":"SMITH"},{"floor":15,"key":"REST"}],"neow_cost":"NONE","seed_source_timestamp":670753315198924,"circlet_count":0,"master_deck":["AscendersBane","Strike_B","Strike_B","Strike_B","Strike_B","Defend_B","Defend_B","Defend_B","Defend_B","Zap+1","Dualcast","Steam","Beam Cell","Panacea+1","Steam","Go for the Eyes","Scrape","Gash+1","Gash+1","Gash","Creative AI","Doubt","Doubt","Pain"],"relics":["Cracked Core","NeowsBlessing","Pantograph","Calling Bell","PreservedInsect","Mummified Hand","Turnip"],"potions_floor_usage":[10,12,16],"damage_taken":[{"damage":0,"enemies":"Small Slimes","floor":1,"turns":1},{"damage":0,"enemies":"Cultist","floor":3,"turns":1},{"damage":0,"enemies":"Jaw Worm","floor":5,"turns":1},{"damage":6,"enemies":"Looter","floor":7,"turns":3},{"damage":7,"enemies":"3 Louse","floor":8,"turns":5},{"damage":3,"enemies":"2 Fungi Beasts","floor":10,"turns":3},{"damage":26,"enemies":"Gremlin Gang","floor":12,"turns":4},{"damage":8,"enemies":"Exordium Wildlife","floor":14,"turns":3},{"damage":25,"enemies":"Slime Boss","floor":16,"turns":9},{"damage":46,"enemies":"3 Byrds","floor":18,"turns":5},{"damage":21,"enemies":"Spheric Guardian","floor":19,"turns":3}],"seed_played":"-991225367186873973","potions_obtained":[{"floor":3,"key":"FearPotion"},{"floor":5,"key":"Swift Potion"},{"floor":10,"key":"GamblersBrew"},{"floor":16,"key":"Strength Potion"}],"is_trial":false,"path_per_floor":["M","?","M","$","M","R","M","M","T","M","R","M","R","M","R","B",null,"M","M"],"character_chosen":"DEFECT","items_purchased":["Panacea"],"campfire_rested":1,"item_purchase_floors":[4],"current_hp_per_floor":[64,64,64,64,64,64,58,51,51,48,48,22,22,14,35,35,62,16,0],"gold":227,"neow_bonus":"THREE_ENEMY_KILL","is_prod":false,"is_daily":false,"chose_seed":false,"campfire_upgraded":3,"win_rate":0,"timestamp":1552150803,"path_taken":["M","?","?","$","M","R","M","M","T","M","R","M","R","M","R","BOSS","M","M"],"build_version":"2019-01-23","purchased_purges":0,"victory":false,"max_hp_per_floor":[71,71,71,71,71,71,71,71,71,71,71,71,71,71,71,71,71,71,71],"card_choices":[{"not_picked":["Conserve Battery","Coolheaded"],"picked":"Steam","floor":1},{"not_picked":["Turbo","Doom and Gloom"],"picked":"Beam Cell","floor":3},{"not_picked":["Go for the Eyes","Aggregate"],"picked":"Steam","floor":5},{"not_picked":["Beam Cell","Steam"],"picked":"Go for the Eyes","floor":7},{"not_picked":["Heatsinks","Leap"],"picked":"Scrape","floor":8},{"not_picked":["Genetic Algorithm","Go for the Eyes"],"picked":"Gash","floor":10},{"not_picked":["Ball Lightning","Amplify"],"picked":"Gash","floor":12},{"not_picked":["Leap","Beam Cell"],"picked":"Gash","floor":14},{"not_picked":["Echo Form","Fission"],"picked":"Creative AI","floor":16},{"not_picked":["Go for the Eyes","Hologram","Coolheaded"],"picked":"SKIP","floor":18}],"player_experience":863864,"relics_obtained":[{"floor":9,"key":"Pantograph"},{"floor":17,"key":"PreservedInsect"},{"floor":17,"key":"Mummified Hand"},{"floor":17,"key":"Turnip"}],"event_choices":[{"damage_healed":0,"gold_gain":0,"player_choice":"Upgraded","damage_taken":0,"max_hp_gain":0,"max_hp_loss":0,"event_name":"Upgrade Shrine","floor":2,"gold_loss":0,"cards_upgraded":["Zap"]}],"is_beta":false,"boss_relics":[{"not_picked":["Cursed Key","Coffee Dripper"],"picked":"Calling Bell"}],"items_purged_floors":[],"is_endless":false,"potions_floor_spawned":[3,5,10,16],"killed_by":"Spheric Guardian","ascension_level":20}