{"gold_per_floor":[111,122,197,8,8,8,8,8,54,54,66,78,88,13,13,90,90,109,128,128,142,155,155,166,166,166,91,101,111,161,176,176,248,248,267,267,283,283,212,212,312,344,344,371,388,388,388,253,253,253,253,253,80,105,105],"floor_reached":56,"playtime":2291,"items_purged":["Defend_B+1"],"score":1895,"play_id":"19b44c9f-d260-414b-aee4-96ba310b4e45","local_time":"20190325003529","is_ascension_mode":true,"campfire_choices":[{"data":"Sunder","floor":6.0,"key":"SMITH"},{"data":"Zap","floor":8.0,"key":"SMITH"},{"data":"Coolheaded","floor":10.0,"key":"SMITH"},{"data":"Loop","floor":15.0,"key":"SMITH"},{"data":"Consume","floor":23.0,"key":"SMITH"},{"data":"Capacitor","floor":32.0,"key":"SMITH"},{"data":"Blizzard","floor":40.0,"key":"SMITH"},{"floor":49.0,"key":"RECALL"},{"data":"Force Field","floor":52.0,"key":"SMITH"}],"neow_cost":"PERCENT_DAMAGE","seed_source_timestamp":0,"circlet_count":0,"master_deck":["AscendersBane","Defend_B+1","Defend_B+1","Zap+1","Sunder+1","Turbo","Loop+1","Coolheaded+1","Self Repair","Compile Driver+1","Electrodynamics","Consume+1","Defragment+1","Recycle","Double Energy","Capacitor+1","BootSequence","Glacier","Defragment+1","Creative AI","Blizzard+1","Tempest","Force Field+1","Loop+1","Conserve Battery+1","Seek+1","Discovery+1","Cold Snap","Heatsinks"],"special_seed":0,"relics":["Cracked Core","Omamori","Bag of Marbles","Snecko Eye","Centennial Puzzle","Runic Pyramid","Calipers","Toxic Egg 2","Whetstone","Mummified Hand"],"potions_floor_usage":[],"damage_taken":[{"damage":0.0,"enemies":"Cultist","floor":1.0,"turns":3.0},{"damage":8.0,"enemies":"Small Slimes","floor":2.0,"turns":4.0},{"damage":2.0,"enemies":"2 Louse","floor":11.0,"turns":2.0},{"damage":2.0,"enemies":"Large Slime","floor":12.0,"turns":3.0},{"damage":4.0,"enemies":"2 Fungi Beasts","floor":13.0,"turns":3.0},{"damage":17.0,"enemies":"The Guardian","floor":16.0,"turns":10.0},{"damage":4.0,"enemies":"3 Byrds","floor":18.0,"turns":2.0},{"damage":5.0,"enemies":"Chosen","floor":19.0,"turns":3.0},{"damage":22.0,"enemies":"Snake Plant","floor":21.0,"turns":3.0},{"damage":18.0,"enemies":"Snecko","floor":22.0,"turns":4.0},{"damage":19.0,"enemies":"Shelled Parasite and Fungi","floor":24.0,"turns":3.0},{"damage":11.0,"enemies":"Snake Plant","floor":28.0,"turns":3.0},{"damage":2.0,"enemies":"Centurion and Healer","floor":29.0,"turns":5.0},{"damage":0.0,"enemies":"Snecko","floor":31.0,"turns":6.0},{"damage":14.0,"enemies":"Champ","floor":33.0,"turns":10.0},{"damage":12.0,"enemies":"3 Darklings","floor":35.0,"turns":4.0},{"damage":2.0,"enemies":"Orb Walker","floor":37.0,"turns":3.0},{"damage":11.0,"enemies":"Mind Bloom Boss Battle","floor":41.0,"turns":10.0},{"damage":8.0,"enemies":"Giant Head","floor":42.0,"turns":9.0},{"damage":11.0,"enemies":"Nemesis","floor":44.0,"turns":9.0},{"damage":5.0,"enemies":"Jaw Worm Horde","floor":45.0,"turns":5.0},{"damage":19.0,"enemies":"Donu and Deca","floor":50.0,"turns":9.0},{"damage":56.0,"enemies":"Shield and Spear","floor":54.0,"turns":8.0},{"damage":2,"enemies":"The Heart","floor":55,"turns":10}],"seed_played":"1496726654708454816","potions_obtained":[{"floor":2.0,"key":"Poison Potion"},{"floor":16.0,"key":"Fire Potion"},{"floor":24.0,"key":"Swift Potion"},{"floor":28.0,"key":"GamblersBrew"},{"floor":33.0,"key":"PowerPotion"}],"is_trial":false,"path_per_floor":["M","M","?","$","?","R","$","R","T","R","M","M","M","?","R","B",null,"M","M","$","M","M","R","M","?","T","?","M","M","?","M","R","B",null,"M","$","M","?","$","R","?","E","T","E","M","?","$","$","R","B",null,"R","$","E","B",null],"character_chosen":"DEFECT","items_purchased":["Coolheaded","Omamori","Force Field","Discovery+1","Cold Snap","Swift Potion","Block Potion"],"campfire_rested":0,"item_purchase_floors":[4,4,39,48,48,53,53],"current_hp_per_floor":[46,38,27,27,27,27,27,27,27,27,25,23,26,26,26,16,57,60,55,55,40,29,29,17,17,17,17,13,18,18,25,25,18,58,53,53,58,58,58,58,54,53,53,49,44,44,44,44,44,32,61,61,61,12,17],"gold":105,"neow_bonus":"TRANSFORM_TWO_CARDS","is_prod":false,"is_daily":false,"chose_seed":true,"campfire_upgraded":8,"win_rate":0,"timestamp":1553445329,"path_taken":["M","?","?","$","?","R","$","R","T","R","M","?","?","?","R","BOSS","M","M","$","M","M","R","M","?","T","?","M","?","?","M","R","BOSS","M","?","M","?","$","R","?","E","T","E","M","?","?","$","R","BOSS","R","$","E","BOSS"],"build_version":"2019-01-23","purchased_purges":1,"victory":true,"max_hp_per_floor":[71,71,71,71,71,71,71,71,71,71,71,71,71,71,71,71,71,71,71,71,71,71,71,71,71,71,71,71,71,71,71,71,71,71,71,71,71,71,71,71,71,71,71,71,71,71,71,71,71,71,71,71,71,71,71],"card_choices":[{"not_picked":["Compile Driver","Stack"],"picked":"Turbo","floor":1.0},{"not_picked":["Lockon","Melter"],"picked":"Loop","floor":2.0},{"not_picked":["Melter","Leap","Redo"],"picked":"SKIP","floor":11.0},{"not_picked":["Reinforced Body","Rebound"],"picked":"Self Repair","floor":12.0},{"not_picked":["Aggregate","Darkness"],"picked":"Compile Driver","floor":13.0},{"not_picked":["Seek","Fission"],"picked":"Electrodynamics","floor":16.0},{"not_picked":["Reinforced Body","Steam+1"],"picked":"Consume","floor":18.0},{"not_picked":["Compile Driver","Redo"],"picked":"Defragment+1","floor":19.0},{"not_picked":["Cold Snap","Stack"],"picked":"Recycle","floor":21.0},{"not_picked":["Rebound+1","Go for the Eyes","Leap"],"picked":"SKIP","floor":22.0},{"not_picked":["Beam Cell+1","Steam Power"],"picked":"Double Energy","floor":24.0},{"not_picked":["Ball Lightning","Leap"],"picked":"Glacier","floor":28.0},{"not_picked":["Hologram","Hello World"],"picked":"Defragment+1","floor":29.0},{"not_picked":["Go for the Eyes","Rebound","Darkness"],"picked":"SKIP","floor":31.0},{"not_picked":["Buffer","Hyperbeam"],"picked":"Creative AI","floor":33.0},{"not_picked":["Ball Lightning","Rebound"],"picked":"Blizzard","floor":35.0},{"not_picked":["Turbo","Hello World"],"picked":"Tempest","floor":37.0},{"not_picked":["Barrage","Scrape+1"],"picked":"Loop+1","floor":41.0},{"not_picked":["Go for the Eyes","Double Energy"],"picked":"Conserve Battery","floor":42.0},{"not_picked":["Steam Power+1","Reprogram+1","Streamline"],"picked":"SKIP","floor":44.0},{"not_picked":["Barrage","Sweeping Beam+1"],"picked":"Seek+1","floor":45.0},{"not_picked":["Ball Lightning","Defragment"],"picked":"Heatsinks","floor":54.0}],"player_experience":1259766,"relics_obtained":[{"floor":9.0,"key":"Bag of Marbles"},{"floor":26.0,"key":"Centennial Puzzle"},{"floor":41.0,"key":"Calipers"},{"floor":42.0,"key":"Toxic Egg 2"},{"floor":44.0,"key":"Whetstone"},{"floor":54.0,"key":"Mummified Hand"}],"event_choices":[{"damage_healed":0.0,"max_hp_gain":0.0,"max_hp_loss":0.0,"gold_gain":75.0,"event_name":"World of Goop","player_choice":"Gather Gold","floor":3.0,"gold_loss":0.0,"damage_taken":11.0},{"cards_removed":["Strike_B"],"damage_healed":0.0,"max_hp_gain":0.0,"max_hp_loss":0.0,"gold_gain":0.0,"event_name":"Purifier","player_choice":"Purged","floor":5.0,"gold_loss":0.0,"damage_taken":0.0},{"cards_removed":["Strike_B"],"damage_healed":0.0,"max_hp_gain":0.0,"max_hp_loss":0.0,"gold_gain":0.0,"event_name":"The Cleric","player_choice":"Card Removal","floor":14.0,"gold_loss":75.0,"damage_taken":0.0},{"damage_healed":0.0,"max_hp_gain":0.0,"max_hp_loss":0.0,"gold_gain":0.0,"event_name":"Back to Basics","player_choice":"Simplicity","floor":25.0,"gold_loss":0.0,"damage_taken":0.0,"cards_upgraded":["Defend_B","Defend_B","Defend_B","Defend_B"]},{"damage_healed":0.0,"max_hp_gain":0.0,"max_hp_loss":0.0,"gold_gain":0.0,"cards_transformed":["Defend_B","Machine Learning"],"event_name":"Designer","player_choice":"Transformed Cards","floor":27.0,"gold_loss":75.0,"damage_taken":0.0,"cards_obtained":["Capacitor","BootSequence"]},{"damage_healed":0.0,"max_hp_gain":0.0,"max_hp_loss":0.0,"gold_gain":100.0,"event_name":"The Joust","player_choice":"Bet on Murderer","floor":30.0,"gold_loss":50.0,"damage_taken":0.0},{"damage_healed":0.0,"max_hp_gain":0.0,"max_hp_loss":0.0,"gold_gain":0.0,"event_name":"Tomb of Lord Red Mask","player_choice":"Ignored","floor":38.0,"gold_loss":0.0,"damage_taken":0.0},{"damage_healed":0.0,"max_hp_gain":0.0,"max_hp_loss":0.0,"gold_gain":0.0,"event_name":"MindBloom","player_choice":"Fight","floor":41.0,"gold_loss":0.0,"damage_taken":0.0},{"cards_removed":["Dualcast"],"damage_healed":0.0,"max_hp_gain":0.0,"max_hp_loss":0.0,"gold_gain":0.0,"event_name":"Falling","player_choice":"Removed Skill","floor":46.0,"gold_loss":0.0,"damage_taken":0.0}],"is_beta":false,"boss_relics":[{"not_picked":["Tiny House","Cursed Key"],"picked":"Snecko Eye"},{"not_picked":["FrozenCore","Coffee Dripper"],"picked":"Runic Pyramid"}],"items_purged_floors":[53],"is_endless":false,"potions_floor_spawned":[2,16,24,28,31,33,37,42,45],"ascension_level":15}