{"gold_per_floor":[110,110,128,108,123,151,65,75,75,75,75,93,93,93,93,93],"floor_reached":16,"playtime":369,"items_purged":[],"score":200,"play_id":"73c0852c-3eab-44f7-9d32-9fc2f16b6582","local_time":"20181127073123","is_ascension_mode":true,"campfire_choices":[{"data":"Chill","floor":13,"key":"SMITH"},{"data":"Doom and Gloom","floor":15,"key":"SMITH"}],"neow_cost":"NONE","seed_source_timestamp":0,"circlet_count":0,"master_deck":["AscendersBane","Strike_B","Strike_B","Strike_B","Strike_B","Defend_B","Defend_B","Defend_B","Defend_B","Zap","Dualcast","Chill+1","Cold Snap","Doom and Gloom+1","Cold Snap","Glacier","Ball Lightning","White Noise+1"],"special_seed":0,"relics":["Cracked Core","NeowsBlessing","Pantograph","Toxic Egg 2"],"potions_floor_usage":[16],"damage_taken":[{"damage":0.0,"enemies":"Jaw Worm","floor":1.0,"turns":1.0},{"damage":0.0,"enemies":"Cultist","floor":3.0,"turns":1.0},{"damage":0.0,"enemies":"Small Slimes","floor":5.0,"turns":1.0},{"damage":26.0,"enemies":"Lagavulin","floor":6.0,"turns":6.0},{"damage":8,"enemies":"Looter","floor":8,"turns":4},{"damage":4,"enemies":"Blue Slaver","floor":12,"turns":3},{"damage":62,"enemies":"The Guardian","floor":16,"turns":13}],"seed_played":"1432506754863476183","potions_obtained":[{"floor":1.0,"key":"Ancient Potion"},{"floor":4.0,"key":"Fruit Juice"},{"floor":8,"key":"Fire Potion"}],"is_trial":false,"path_per_floor":["M","$","M","?","M","E","$","M","T","$","$","M","R","?","R","B"],"character_chosen":"DEFECT","items_purchased":["Glacier"],"campfire_rested":0,"item_purchase_floors":[7],"current_hp_per_floor":[64,64,64,69,69,43,43,35,35,35,35,31,31,31,31,0],"gold":93,"neow_bonus":"THREE_ENEMY_KILL","is_prod":false,"is_daily":false,"chose_seed":false,"campfire_upgraded":2,"win_rate":0,"timestamp":1543321883,"path_taken":["M","$","M","?","?","E","$","M","T","?","$","M","R","?","R","BOSS"],"build_version":"2018-11-15","purchased_purges":0,"victory":false,"max_hp_per_floor":[71,71,71,76,76,76,76,76,76,76,76,76,76,76,76,76],"card_choices":[{"not_picked":["Storm","Beam Cell"],"picked":"Chill","floor":1.0},{"not_picked":["Darkness","Ball Lightning"],"picked":"Cold Snap","floor":3.0},{"not_picked":["Hyperbeam","Redo"],"picked":"Doom and Gloom","floor":5.0},{"not_picked":["Gash","Rip and Tear"],"picked":"Cold Snap","floor":6.0},{"not_picked":["Hologram","Gash"],"picked":"Ball Lightning","floor":8},{"not_picked":["Force Field+1","Thunder Strike"],"picked":"White Noise+1","floor":12}],"player_experience":774006,"relics_obtained":[{"floor":6.0,"key":"Pantograph"},{"floor":9,"key":"Toxic Egg 2"}],"event_choices":[{"damage_healed":0.0,"max_hp_gain":0.0,"max_hp_loss":0.0,"gold_gain":0.0,"event_name":"The Woman in Blue","player_choice":"Bought 1 Potion","floor":4.0,"gold_loss":0.0,"damage_taken":0.0},{"damage_healed":0,"gold_gain":0,"player_choice":"Ignored","damage_taken":0,"max_hp_gain":0,"max_hp_loss":0,"event_name":"Shining Light","floor":14,"gold_loss":0}],"is_beta":false,"boss_relics":[],"items_purged_floors":[],"is_endless":false,"potions_floor_spawned":[1,8],"killed_by":"The Guardian","ascension_level":20}