{"gold_per_floor":[164,229,294,294,359,469,534,599,599,664,664,754,754,839,839,1159,1159,1204,1289,843,888,688,733,823,868,868,953,998,496,541,586,586,906,906,951,996,776,776,894,984,984,4,29,119,119,5,5,5,5,5],"floor_reached":51,"playtime":3817,"items_purged":[],"score":993,"play_id":"51a5b5b9-5198-433c-9159-0f5087a31ad7","local_time":"20190101023258","daily_mods":["Allstar","Hoarder","Midas"],"is_ascension_mode":false,"campfire_choices":[{"floor":13.0,"key":"REST"},{"floor":15.0,"key":"REST"},{"floor":32.0,"key":"REST"},{"floor":41.0,"key":"REST"},{"floor":45.0,"key":"REST"},{"floor":49.0,"key":"REST"}],"neow_cost":"","seed_source_timestamp":0,"circlet_count":0,"master_deck":["Strike_R","Strike_R","Strike_R","Strike_R","Strike_R","Defend_R","Defend_R","Defend_R","Defend_R","Bash","Bandage Up","Bandage Up","Bandage Up","Jack Of All Trades","Jack Of All Trades","Jack Of All Trades","HandOfGreed+1","Finesse","Finesse","Finesse","Anger","Anger","Anger","True Grit","True Grit","True Grit","Pommel Strike","Pommel Strike","Pommel Strike+1","Anger","Anger","Anger","Pommel Strike","Pommel Strike","Pommel Strike","Anger","Anger","Anger","Double Tap","Double Tap","Double Tap","Violence+1","Violence+1","Violence+1","Violence+1","Violence+1","Violence+1","Panache+1","Panache+1","Panache+1","Seeing Red","Seeing Red","Seeing Red","Finesse","Finesse","Finesse","Pommel Strike","Pommel Strike","Pommel Strike","Burning Pact","Burning Pact","Burning Pact","Rage+1","Rage+1","Rage+1","Thinking Ahead","Thinking Ahead","Thinking Ahead","Seeing Red","Seeing Red","Seeing Red","Fiend Fire","Fiend Fire","Fiend Fire","Fire Breathing+1","Fire Breathing+1","Deep Breath","Deep Breath","Deep Breath","Feed","Feed","Feed","Finesse+1","Finesse+1","Finesse+1","Warcry+1","Warcry+1","Warcry+1"],"special_seed":17897,"relics":["Burning Blood","Happy Flower","Self Forming Clay","Dodecahedron","Paper Frog","Astrolabe","Membership Card","Kunai","Dream Catcher","Blood Vial","Blue Candle","Juzu Bracelet","Red Skull","Torii","Strange Spoon","Mercury Hourglass","Empty Cage","Tiny Chest","Lantern","OrangePellets","Unceasing Top","The Courier","Molten Egg 2","Bag of Marbles","Vajra","ClockworkSouvenir","Whetstone","Ginger","Oddly Smooth Stone","Bag of Preparation","FossilizedHelix","Omamori","Bottled Flame","Toxic Egg 2","Ancient Tea Set","Potion Belt","Strawberry","Gremlin Horn"],"potions_floor_usage":[50,50,50],"damage_taken":[{"damage":14.0,"enemies":"Small Slimes","floor":1.0,"turns":4.0},{"damage":3.0,"enemies":"2 Louse","floor":2.0,"turns":2.0},{"damage":4.0,"enemies":"Jaw Worm","floor":3.0,"turns":3.0},{"damage":10.0,"enemies":"Blue Slaver","floor":5.0,"turns":2.0},{"damage":9.0,"enemies":"3 Sentries","floor":6.0,"turns":6.0},{"damage":9.0,"enemies":"Exordium Wildlife","floor":7.0,"turns":4.0},{"damage":13.0,"enemies":"Large Slime","floor":8.0,"turns":5.0},{"damage":0.0,"enemies":"2 Fungi Beasts","floor":10.0,"turns":3.0},{"damage":11.0,"enemies":"Gremlin Nob","floor":12.0,"turns":3.0},{"damage":0.0,"enemies":"Lots of Slimes","floor":14.0,"turns":3.0},{"damage":28.0,"enemies":"Slime Boss","floor":16.0,"turns":8.0},{"damage":13.0,"enemies":"2 Thieves","floor":18.0,"turns":2.0},{"damage":8.0,"enemies":"3 Byrds","floor":19.0,"turns":3.0},{"damage":6.0,"enemies":"Snecko","floor":21.0,"turns":3.0},{"damage":0.0,"enemies":"Snake Plant","floor":23.0,"turns":1.0},{"damage":32.0,"enemies":"Gremlin Leader","floor":24.0,"turns":5.0},{"damage":9.0,"enemies":"Centurion and Healer","floor":25.0,"turns":2.0},{"damage":9.0,"enemies":"3 Cultists","floor":27.0,"turns":4.0},{"damage":0.0,"enemies":"Snecko","floor":28.0,"turns":3.0},{"damage":8.0,"enemies":"Snake Plant","floor":30.0,"turns":3.0},{"damage":10.0,"enemies":"Centurion and Healer","floor":31.0,"turns":3.0},{"damage":32.0,"enemies":"Collector","floor":33.0,"turns":5.0},{"damage":11.0,"enemies":"3 Darklings","floor":35.0,"turns":4.0},{"damage":12.0,"enemies":"3 Shapes","floor":36.0,"turns":3.0},{"damage":16.0,"enemies":"2 Orb Walkers","floor":39.0,"turns":5.0},{"damage":24.0,"enemies":"Nemesis","floor":40.0,"turns":5.0},{"damage":13.0,"enemies":"Giant Head","floor":44.0,"turns":4.0},{"damage":10,"enemies":"Donu and Deca","floor":50,"turns":2}],"seed_played":"2052676809091822558","potions_obtained":[{"floor":2.0,"key":"SpeedPotion"},{"floor":7.0,"key":"Fire Potion"},{"floor":8.0,"key":"AttackPotion"},{"floor":25.0,"key":"FearPotion"},{"floor":27.0,"key":"Energy Potion"},{"floor":28.0,"key":"AttackPotion"},{"floor":31.0,"key":"EssenceOfSteel"},{"floor":33.0,"key":"PowerPotion"},{"floor":36.0,"key":"SkillPotion"},{"floor":40.0,"key":"SkillPotion"},{"floor":44.0,"key":"EssenceOfSteel"}],"is_trial":false,"path_per_floor":["M","M","M","?","M","E","M","M","T","M","?","E","R","M","R","B",null,"M","M","$","M","$","M","E","M","T","M","M","$","M","M","R","B",null,"M","M","$","?","?","E","R","$","T","E","R","$","?","T","R","B",null],"character_chosen":"IRONCLAD","items_purchased":["Membership Card","Kunai","Dream Catcher","Finesse","Blood Vial","Blue Candle","Thinking Ahead","Torii","Strange Spoon","Mercury Hourglass","Seeing Red","Tiny Chest","Lantern","OrangePellets","Molten Egg 2","Bag of Marbles","Vajra","ClockworkSouvenir","Whetstone","Ginger","Oddly Smooth Stone","Bag of Preparation","FossilizedHelix","Omamori","Bottled Flame","Toxic Egg 2","Finesse+1","Strawberry","SteroidPotion"],"campfire_rested":6,"item_purchase_floors":[20,20,20,20,22,22,29,29,29,29,29,37,37,37,42,42,42,42,42,42,42,42,42,42,42,42,46,46,46],"current_hp_per_floor":[80,80,80,73,80,80,77,80,80,80,80,75,80,80,80,62,80,73,79,79,79,79,80,58,61,61,64,76,76,78,76,80,58,80,75,74,74,74,66,50,74,74,74,77,80,87,87,87,87,83],"gold":5,"neow_bonus":"","is_prod":false,"is_daily":true,"chose_seed":false,"campfire_upgraded":0,"win_rate":0,"timestamp":1546327978,"path_taken":["M","M","M","?","M","E","M","M","T","M","?","E","R","M","R","BOSS","M","M","$","M","$","M","E","M","T","M","M","$","M","M","R","BOSS","M","M","$","?","?","E","R","$","T","E","R","?","?","?","R","BOSS"],"build_version":"2018-12-20","purchased_purges":0,"victory":true,"max_hp_per_floor":[80,80,80,80,80,80,80,80,80,80,80,80,80,80,80,80,80,80,80,80,80,80,80,80,80,80,80,80,80,80,80,80,80,80,80,80,80,80,80,80,80,80,80,80,80,87,87,87,87,87],"card_choices":[{"not_picked":["Battle Trance","Cleave","Warcry"],"picked":"SKIP","floor":1.0},{"not_picked":["Havoc","Bloodletting","Warcry"],"picked":"SKIP","floor":2.0},{"not_picked":["Sword Boomerang","Pommel Strike"],"picked":"Anger","floor":3.0},{"not_picked":["Combust","Clothesline"],"picked":"True Grit","floor":5.0},{"not_picked":["Double Tap","Iron Wave","Flame Barrier"],"picked":"SKIP","floor":6.0},{"not_picked":["Headbutt","Pummel"],"picked":"Pommel Strike","floor":7.0},{"not_picked":["Rampage","Warcry"],"picked":"Anger","floor":8.0},{"not_picked":["Body Slam","Clothesline"],"picked":"Pommel Strike","floor":10.0},{"not_picked":["Exhume","Burning Pact","Warcry"],"picked":"SKIP","floor":12.0},{"not_picked":["Sword Boomerang","Warcry"],"picked":"Anger","floor":14.0},{"not_picked":["Exhume","Brutality"],"picked":"Double Tap","floor":16.0},{"not_picked":["Shrug It Off+1","Sever Soul","Clash+1"],"picked":"SKIP","floor":18.0},{"not_picked":["Combust+1","Feel No Pain"],"picked":"Seeing Red","floor":19.0},{"not_picked":["Searing Blow+1","Headbutt+1","Feel No Pain"],"picked":"SKIP","floor":21.0},{"not_picked":["Cleave","True Grit"],"picked":"Pommel Strike","floor":23.0},{"not_picked":["Blood for Blood+1","Bludgeon"],"picked":"Burning Pact","floor":24.0},{"not_picked":["Twin Strike","Cleave","Pummel"],"picked":"SKIP","floor":25.0},{"not_picked":["Sword Boomerang+1","Headbutt"],"picked":"Rage+1","floor":27.0},{"not_picked":["Twin Strike+1","Perfected Strike","Intimidate+1"],"picked":"SKIP","floor":28.0},{"not_picked":["Evolve+1","Flex","Carnage"],"picked":"SKIP","floor":30.0},{"not_picked":["Infernal Blade","Body Slam","Thunderclap"],"picked":"SKIP","floor":31.0},{"not_picked":["Juggernaut","Reaper"],"picked":"Fiend Fire","floor":33.0},{"not_picked":["Shrug It Off","Clothesline","Searing Blow+1"],"picked":"SKIP","floor":35.0},{"not_picked":["Wild Strike","Armaments+1"],"picked":"Fire Breathing+1","floor":36.0},{"not_picked":["Jack Of All Trades","Mayhem"],"picked":"Deep Breath","floor":38.0},{"not_picked":["Warcry","Twin Strike"],"picked":"Feed","floor":40.0},{"not_picked":["Armaments+1","Entrench+1","Inflame"],"picked":"SKIP","floor":44.0},{"not_picked":["Shrug It Off+1","Twin Strike+1"],"picked":"Warcry+1","floor":49.0}],"player_experience":89903,"relics_obtained":[{"floor":6.0,"key":"Self Forming Clay"},{"floor":9.0,"key":"Dodecahedron"},{"floor":12.0,"key":"Paper Frog"},{"floor":24.0,"key":"Juzu Bracelet"},{"floor":26.0,"key":"Red Skull"},{"floor":39.0,"key":"Unceasing Top"},{"floor":40.0,"key":"The Courier"},{"floor":43.0,"key":"Ancient Tea Set"},{"floor":44.0,"key":"Potion Belt"},{"floor":48.0,"key":"Gremlin Horn"}],"event_choices":[{"damage_healed":0.0,"max_hp_gain":0.0,"max_hp_loss":0.0,"gold_gain":0.0,"event_name":"Scrap Ooze","player_choice":"Success","floor":4.0,"gold_loss":0.0,"damage_taken":7.0,"relics_obtained":["Happy Flower"]},{"damage_healed":0.0,"max_hp_gain":0.0,"max_hp_loss":0.0,"gold_gain":0.0,"event_name":"The Cleric","player_choice":"Leave","floor":11.0,"gold_loss":0.0,"damage_taken":0.0},{"damage_healed":0.0,"max_hp_gain":0.0,"max_hp_loss":0.0,"gold_gain":0.0,"event_name":"SensoryStone","player_choice":"Memory 1","floor":38.0,"gold_loss":0.0,"damage_taken":0.0},{"damage_healed":0.0,"max_hp_gain":0.0,"max_hp_loss":0.0,"gold_gain":0.0,"event_name":"Mysterious Sphere","player_choice":"Fight","floor":39.0,"gold_loss":0.0,"damage_taken":0.0},{"cards_removed":["Fire Breathing"],"damage_healed":0.0,"max_hp_gain":0.0,"max_hp_loss":0.0,"gold_gain":0.0,"event_name":"Falling","player_choice":"Removed Power","floor":47.0,"gold_loss":0.0,"damage_taken":0.0}],"is_beta":false,"boss_relics":[{"not_picked":["Tiny House","Sozu"],"picked":"Astrolabe"},{"not_picked":["Coffee Dripper","Runic Pyramid"],"picked":"Empty Cage"}],"items_purged_floors":[],"is_endless":false,"potions_floor_spawned":[2,7,8,10,12,18,25,27,28,31,33,36,40,44],"ascension_level":0}