{"gold_per_floor":[119,69,69,80,97,123,133,133,133,151,171,188,188,204,204,204],"floor_reached":16,"playtime":386,"items_purged":[],"score":106,"play_id":"f8c130de-ed91-4455-ae52-cfa1875364af","local_time":"20180726212543","is_ascension_mode":false,"campfire_choices":[{"data":"Perfected Strike","floor":8,"key":"SMITH"},{"data":"Armaments","floor":15,"key":"SMITH"}],"neow_cost":"NONE","seed_source_timestamp":24533052861214,"circlet_count":0,"master_deck":["Strike_R","Strike_R","Strike_R","Defend_R","Defend_R","Defend_R","Defend_R","Bash","Armaments+1","Evolve","Perfected Strike+1","Impervious","Perfected Strike+1","Shrug It Off"],"relics":["Snecko Eye","Strawberry","Molten Egg 2"],"potions_floor_usage":[11],"damage_taken":[{"damage":0,"enemies":"Small Slimes","floor":1,"turns":3},{"damage":6,"enemies":"Cultist","floor":4,"turns":3},{"damage":7,"enemies":"2 Louse","floor":5,"turns":2},{"damage":50,"enemies":"Lagavulin","floor":6,"turns":6},{"damage":5,"enemies":"Looter","floor":7,"turns":2},{"damage":0,"enemies":"3 Louse","floor":10,"turns":3},{"damage":0,"enemies":"Exordium Thugs","floor":11,"turns":4},{"damage":2,"enemies":"Blue Slaver","floor":12,"turns":2},{"damage":0,"enemies":"Large Slime","floor":14,"turns":3},{"damage":0,"enemies":"The Guardian","floor":16,"turns":1}],"seed_played":"8849924611774149177","potions_obtained":[{"floor":5,"key":"Explosive Potion"},{"floor":6,"key":"Regen Potion"},{"floor":7,"key":"Fire Potion"},{"floor":14,"key":"Strength Potion"}],"is_trial":false,"path_per_floor":["M","?","?","M","M","E","M","R","T","M","M","M","?","M","R"],"character_chosen":"IRONCLAD","items_purchased":[],"campfire_rested":0,"item_purchase_floors":[],"current_hp_per_floor":[80,80,80,74,67,24,19,19,19,19,19,17,17,17,17,17],"gold":204,"neow_bonus":"BOSS_RELIC","is_prod":false,"is_daily":false,"chose_seed":false,"campfire_upgraded":2,"win_rate":0,"timestamp":1532611543,"path_taken":["M","?","?","?","M","E","M","R","T","M","M","M","?","M","R","BOSS"],"build_version":"2018-07-19v2","purchased_purges":0,"victory":false,"max_hp_per_floor":[80,80,80,80,80,87,87,87,87,87,87,87,87,87,87,87],"card_choices":[{"not_picked":["Flex","Flame Barrier"],"picked":"Armaments","floor":1},{"not_picked":["Twin Strike","Armaments"],"picked":"Perfected Strike","floor":4},{"not_picked":["Rampage","Armaments","Carnage"],"picked":"SKIP","floor":5},{"not_picked":["Body Slam","Limit Break"],"picked":"Impervious","floor":6},{"not_picked":["Havoc","Cleave","Rampage"],"picked":"SKIP","floor":7},{"not_picked":["Clash+1","Flex","Metallicize"],"picked":"SKIP","floor":10},{"not_picked":["Pummel+1","Sword Boomerang+1"],"picked":"Perfected Strike+1","floor":11},{"not_picked":["Thunderclap+1","Whirlwind+1"],"picked":"Shrug It Off","floor":12},{"not_picked":["Warcry","Armaments","Heavy Blade+1"],"picked":"SKIP","floor":14}],"player_experience":325488,"relics_obtained":[{"floor":6,"key":"Strawberry"},{"floor":9,"key":"Molten Egg 2"}],"event_choices":[{"event_name":"The Cleric","player_choice":"Card Removal","floor":2,"damage_taken":0},{"event_name":"Living Wall","player_choice":"Change","floor":3,"damage_taken":0},{"event_name":"Scrap Ooze","player_choice":"unsuccessful","floor":13,"damage_taken":0}],"is_beta":false,"boss_relics":[],"items_purged_floors":[],"is_endless":false,"potions_floor_spawned":[5,6,7,14],"killed_by":"The Guardian","ascension_level":0}