{"gold_per_floor":[99,99,99,99,24,24,24,24,24,9,9,9,9,9,9,9],"floor_reached":16,"playtime":499,"items_purged":["Strike_B"],"score":97,"play_id":"13b679cd-56e9-446d-a958-2cebe572bada","local_time":"20180714034846","is_ascension_mode":true,"campfire_choices":[{"data":"Gash","floor":6,"key":"SMITH"},{"data":"Zap","floor":8,"key":"SMITH"},{"data":"Dualcast","floor":12,"key":"SMITH"},{"floor":15,"key":"REST"}],"neow_cost":"NONE","seed_source_timestamp":0,"circlet_count":0,"master_deck":["Strike_B","Strike_B+1","Strike_B","Defend_B","Defend_B","Defend_B+1","Defend_B","Zap+1","Dualcast+1","Gash+1","Doubt"],"special_seed":0,"relics":["Ectoplasm","Gambling Chip"],"potions_floor_usage":[16,16,16],"damage_taken":[{"damage":1,"enemies":"Jaw Worm","floor":1,"turns":3},{"damage":4,"enemies":"Cultist","floor":3,"turns":4},{"damage":0,"enemies":"2 Louse","floor":4,"turns":2},{"damage":2,"enemies":"Looter","floor":10,"turns":2},{"damage":0,"enemies":"Lots of Slimes","floor":11,"turns":3},{"damage":2,"enemies":"Blue Slaver","floor":13,"turns":3},{"damage":79,"enemies":"Hexaghost","floor":16,"turns":11}],"seed_played":"-3535484349261365655","potions_obtained":[{"floor":3,"key":"SteroidPotion"},{"floor":10,"key":"Strength Potion"},{"floor":11,"key":"PowerPotion"}],"is_trial":false,"path_per_floor":["M","?","M","M","$","R","?","R","T","M","M","R","M","?","R"],"character_chosen":"DEFECT","items_purchased":[],"campfire_rested":1,"item_purchase_floors":[],"current_hp_per_floor":[74,74,70,70,70,70,55,55,55,53,53,53,51,51,73,0],"gold":9,"neow_bonus":"BOSS_RELIC","is_prod":false,"is_daily":false,"chose_seed":false,"campfire_upgraded":3,"win_rate":0.0,"timestamp":1531532926,"path_taken":["M","?","?","M","?","R","?","R","T","M","?","R","M","?","R","BOSS"],"build_version":"2018-07-12","purchased_purges":1,"victory":false,"max_hp_per_floor":[75,75,75,75,75,75,75,75,75,75,75,75,75,75,75,75],"card_choices":[{"not_picked":["Blizzard","Beam Cell"],"picked":"Gash","floor":1},{"not_picked":["Stack","Genetic Algorithm","Aggregate"],"picked":"SKIP","floor":3},{"not_picked":["Stack","Go for the Eyes","Ball Lightning"],"picked":"SKIP","floor":4},{"not_picked":["Fusion","Storm","Sweeping Beam"],"picked":"SKIP","floor":10},{"not_picked":["Conserve Battery","Coolheaded","Cold Snap"],"picked":"SKIP","floor":11},{"not_picked":["Coolheaded","Chill","Streamline"],"picked":"SKIP","floor":13}],"player_experience":275857,"relics_obtained":[{"floor":9,"key":"Gambling Chip"}],"event_choices":[{"event_name":"Golden Idol","player_choice":"Ignored","floor":2,"damage_taken":0},{"event_name":"Shining Light","player_choice":"Entered Light","floor":7,"damage_taken":0},{"event_name":"Liars Game","player_choice":"agreed","floor":14,"damage_taken":0}],"boss_relics":[],"items_purged_floors":[5],"is_endless":false,"potions_floor_spawned":[3,10,11],"killed_by":"Hexaghost","ascension_level":1}