{"gold_per_floor":[213,137,152,1,1,1,31,31,31,7,182,199,199,213,213,213],"floor_reached":16,"playtime":722,"items_purged":[],"score":98,"play_id":"4c0eb698-b41f-46dd-b92a-53a69da39d86","local_time":"20181230023347","is_ascension_mode":false,"campfire_choices":[{"data":"Self Repair","floor":6,"key":"SMITH"},{"data":"Tempest","floor":8,"key":"SMITH"},{"floor":15,"key":"REST"}],"neow_cost":"NONE","seed_source_timestamp":128201278990350,"circlet_count":0,"master_deck":["Strike_B","Strike_B","Strike_B","Strike_B","Defend_B","Defend_B","Defend_B","Defend_B","Zap","Dualcast","Consume","Self Repair+1","Chill","Tempest+1","Hologram","Doubt","Storm","Redo"],"relics":["Cracked Core","PreservedInsect","Juzu Bracelet","Centennial Puzzle","Kunai"],"potions_floor_usage":[16,16],"damage_taken":[{"damage":6,"enemies":"Jaw Worm","floor":1,"turns":3},{"damage":12,"enemies":"Small Slimes","floor":3,"turns":4},{"damage":28,"enemies":"Lagavulin","floor":7,"turns":6},{"damage":2,"enemies":"Cultist","floor":12,"turns":3},{"damage":10,"enemies":"Looter","floor":14,"turns":2},{"damage":55,"enemies":"The Guardian","floor":16,"turns":10}],"seed_played":"-5839369899926712263","potions_obtained":[{"floor":1,"key":"Strength Potion"},{"floor":7,"key":"SteroidPotion"}],"is_trial":false,"path_per_floor":["M","$","M","$","?","R","E","R","T","$","?","M","?","M","R","B"],"character_chosen":"DEFECT","items_purchased":["Self Repair","PreservedInsect","Hologram"],"campfire_rested":1,"item_purchase_floors":[2,4,10],"current_hp_per_floor":[69,69,64,64,61,61,43,43,43,43,43,41,41,31,53,0],"gold":213,"neow_bonus":"HUNDRED_GOLD","is_prod":false,"is_daily":false,"chose_seed":false,"campfire_upgraded":2,"win_rate":0.0,"timestamp":1546166027,"path_taken":["M","$","M","$","?","R","E","R","T","$","?","M","?","M","R","BOSS"],"build_version":"2018-12-20","purchased_purges":0,"victory":false,"max_hp_per_floor":[75,75,75,75,75,75,75,75,75,75,75,75,75,75,75,75],"card_choices":[{"not_picked":["Cold Snap","Gash"],"picked":"Consume","floor":1},{"not_picked":["Scrape","Streamline"],"picked":"Chill","floor":3},{"not_picked":["Sweeping Beam","Glacier"],"picked":"Tempest","floor":7},{"not_picked":["Go for the Eyes","Gash"],"picked":"Storm","floor":12},{"not_picked":["Conserve Battery","Leap"],"picked":"Redo","floor":14}],"player_experience":154777,"relics_obtained":[{"floor":7,"key":"Centennial Puzzle"},{"floor":9,"key":"Kunai"}],"event_choices":[{"damage_healed":0,"gold_gain":0,"player_choice":"Success","damage_taken":3,"relics_obtained":["Juzu Bracelet"],"max_hp_gain":0,"max_hp_loss":0,"event_name":"Scrap Ooze","floor":5,"gold_loss":0},{"damage_healed":0,"gold_gain":175,"player_choice":"AGREE","damage_taken":0,"max_hp_gain":0,"max_hp_loss":0,"event_name":"Liars Game","floor":11,"gold_loss":0,"cards_obtained":["Doubt"]},{"damage_healed":0,"gold_gain":0,"player_choice":"Bought 0 Potions","damage_taken":0,"max_hp_gain":0,"max_hp_loss":0,"event_name":"The Woman in Blue","floor":13,"gold_loss":0}],"is_beta":false,"boss_relics":[],"items_purged_floors":[],"is_endless":false,"potions_floor_spawned":[1,7],"killed_by":"The Guardian","ascension_level":0}