{"gold_per_floor":[109,109,128,128,53,112,112,131,179,4,22,42,217,217],"floor_reached":14,"playtime":596,"items_purged":["Regret"],"score":90,"play_id":"7674fc2b-b6f0-4352-a231-74f6b353af68","local_time":"20190428234306","is_ascension_mode":false,"campfire_choices":[],"neow_cost":"NONE","seed_source_timestamp":209566469109253,"circlet_count":0,"master_deck":["Strike_B","Strike_B","Strike_B","Strike_B","Defend_B","Defend_B","Defend_B","Defend_B","Zap","Dualcast","Chill","Ball Lightning","Rebound","Turbo","Enlightenment","Storm","Genetic Algorithm","Reboot","Doubt"],"relics":["Cracked Core","WingedGreaves","Blue Candle","Tiny Chest","Anchor"],"potions_floor_usage":[],"damage_taken":[{"damage":1,"enemies":"Jaw Worm","floor":1,"turns":4},{"damage":2,"enemies":"2 Louse","floor":3,"turns":2},{"damage":27,"enemies":"3 Sentries","floor":6,"turns":8},{"damage":3,"enemies":"Small Slimes","floor":8,"turns":3},{"damage":0,"enemies":"Exordium Thugs","floor":11,"turns":5},{"damage":13,"enemies":"Large Slime","floor":12,"turns":4},{"damage":3,"enemies":"3 Louse","floor":14,"turns":1}],"seed_played":"3401058244682164567","potions_obtained":[{"floor":6,"key":"Energy Potion"},{"floor":8,"key":"Swift Potion"},{"floor":11,"key":"Ancient Potion"},{"floor":12,"key":"Explosive Potion"}],"is_trial":false,"path_per_floor":["M","?","M","?","$","E","T","M","T","$","M","M","?","M"],"character_chosen":"DEFECT","items_purchased":["Enlightenment","Storm"],"campfire_rested":0,"item_purchase_floors":[10,10],"current_hp_per_floor":[81,81,79,46,46,19,19,16,16,16,16,3,3,0],"gold":217,"neow_bonus":"TEN_PERCENT_HP_BONUS","is_prod":false,"is_daily":false,"chose_seed":false,"campfire_upgraded":0,"win_rate":0,"timestamp":1556520186,"path_taken":["M","?","M","?","?","E","?","?","T","$","M","M","?","M"],"build_version":"2019-01-23","purchased_purges":1,"victory":false,"max_hp_per_floor":[82,82,82,82,82,82,82,82,82,82,82,82,82,82],"card_choices":[{"not_picked":["Redo","Beam Cell"],"picked":"Chill","floor":1},{"not_picked":["Coolheaded","Darkness"],"picked":"Ball Lightning","floor":3},{"not_picked":["Barrage","Steam Power"],"picked":"Rebound","floor":6},{"not_picked":["Beam Cell","Compile Driver"],"picked":"Turbo","floor":8},{"not_picked":["Skim","Ball Lightning"],"picked":"Genetic Algorithm","floor":11},{"not_picked":["Go for the Eyes","Compile Driver"],"picked":"Reboot","floor":12}],"player_experience":508796,"relics_obtained":[{"floor":6,"key":"Tiny Chest"},{"floor":9,"key":"Anchor"}],"event_choices":[{"damage_healed":0,"gold_gain":0,"player_choice":"Box","damage_taken":0,"relics_obtained":["WingedGreaves"],"max_hp_gain":0,"max_hp_loss":0,"event_name":"Big Fish","floor":2,"gold_loss":0,"cards_obtained":["Regret"]},{"damage_healed":0,"gold_gain":0,"player_choice":"Success","damage_taken":33,"relics_obtained":["Blue Candle"],"max_hp_gain":0,"max_hp_loss":0,"event_name":"Scrap Ooze","floor":4,"gold_loss":0},{"damage_healed":0,"gold_gain":175,"player_choice":"AGREE","damage_taken":0,"max_hp_gain":0,"max_hp_loss":0,"event_name":"Liars Game","floor":13,"gold_loss":0,"cards_obtained":["Doubt"]}],"is_beta":false,"boss_relics":[],"items_purged_floors":[5],"is_endless":false,"potions_floor_spawned":[6,8,11,12],"killed_by":"3 Louse","ascension_level":0}