{"gold_per_floor":[117,117,128,203,253,253,283,300,350,350,365,377,707,707,707,782,782,801,815,178,192,192,192,192],"floor_reached":24,"playtime":982,"items_purged":["Strike_R"],"score":404,"play_id":"e0fc9980-57c6-4989-8dcb-450136134e20","local_time":"20190405225041","is_ascension_mode":true,"campfire_choices":[{"data":"Armaments","floor":6.0,"key":"SMITH"},{"data":"Searing Blow","floor":10.0,"key":"SMITH"},{"floor":15.0,"key":"REST"},{"floor":23.0,"key":"REST"}],"neow_cost":"PERCENT_DAMAGE","seed_source_timestamp":0,"circlet_count":0,"master_deck":["AscendersBane","Strike_R","Strike_R","Defend_R","Defend_R","Defend_R","Defend_R","Bash","Spot Weakness","Searing Blow+1","Armaments+1","True Grit","Offering","Barricade","Feel No Pain","Burning Pact","Seeing Red"],"special_seed":0,"relics":["Burning Blood","Dream Catcher","Pen Nib","Old Coin","Calipers","Runic Cube","FossilizedHelix","OrangePellets"],"potions_floor_usage":[24,24],"damage_taken":[{"damage":7.0,"enemies":"Small Slimes","floor":1.0,"turns":3.0},{"damage":2.0,"enemies":"Jaw Worm","floor":3.0,"turns":3.0},{"damage":23.0,"enemies":"Lagavulin","floor":7.0,"turns":7.0},{"damage":0.0,"enemies":"2 Louse","floor":8.0,"turns":3.0},{"damage":16.0,"enemies":"Lots of Slimes","floor":11.0,"turns":6.0},{"damage":0.0,"enemies":"Large Slime","floor":12.0,"turns":6.0},{"damage":34.0,"enemies":"3 Sentries","floor":13.0,"turns":12.0},{"damage":15.0,"enemies":"The Guardian","floor":16.0,"turns":16.0},{"damage":23.0,"enemies":"Chosen","floor":18.0,"turns":8.0},{"damage":34.0,"enemies":"3 Byrds","floor":19.0,"turns":10.0},{"damage":13.0,"enemies":"Sentry and Sphere","floor":21.0,"turns":13.0},{"damage":18,"enemies":"Book of Stabbing","floor":24,"turns":7}],"seed_played":"-2058152693159791174","potions_obtained":[{"floor":1.0,"key":"Energy Potion"},{"floor":8.0,"key":"SneckoOil"},{"floor":11.0,"key":"GamblersBrew"},{"floor":12.0,"key":"Regen Potion"},{"floor":16.0,"key":"Explosive Potion"},{"floor":19.0,"key":"PowerPotion"},{"floor":21.0,"key":"Regen Potion"},{"floor":22.0,"key":"GamblersBrew"}],"is_trial":false,"path_per_floor":["M","?","M","?","?","R","E","M","T","R","M","M","E","?","R","B",null,"M","M","$","M","?","R","E"],"character_chosen":"IRONCLAD","items_purchased":["FossilizedHelix","OrangePellets","Energy Potion"],"campfire_rested":2,"item_purchase_floors":[20,20,20],"current_hp_per_floor":[49,49,53,42,42,42,25,31,31,31,21,27,14,14,36,27,63,46,18,18,11,11,33,30],"gold":192,"neow_bonus":"TRANSFORM_TWO_CARDS","is_prod":false,"is_daily":false,"chose_seed":true,"campfire_upgraded":2,"win_rate":0,"timestamp":1554475841,"path_taken":["M","?","M","?","?","R","E","M","T","R","?","M","E","?","R","BOSS","M","?","$","M","?","R","E"],"build_version":"2019-01-23","purchased_purges":1,"victory":false,"max_hp_per_floor":[75,75,75,75,75,75,75,75,75,75,75,75,75,75,75,75,75,75,75,75,75,75,75,75],"card_choices":[{"not_picked":["Sentinel","Wild Strike","Twin Strike"],"picked":"SKIP","floor":1.0},{"not_picked":["Inflame","Clash"],"picked":"Armaments","floor":3.0},{"not_picked":["Warcry","Headbutt","Immolate"],"picked":"SKIP","floor":7.0},{"not_picked":["Warcry","Sentinel"],"picked":"True Grit","floor":8.0},{"not_picked":["Rage","Wild Strike","Headbutt"],"picked":"SKIP","floor":11.0},{"not_picked":["Pommel Strike","Wild Strike"],"picked":"Offering","floor":12.0},{"not_picked":["Wild Strike","Rampage","Rage"],"picked":"SKIP","floor":13.0},{"not_picked":["Bludgeon","Fiend Fire"],"picked":"Barricade","floor":16.0},{"not_picked":["Whirlwind","Pommel Strike","Clothesline"],"picked":"SKIP","floor":18.0},{"not_picked":["Perfected Strike","Shrug It Off"],"picked":"Feel No Pain","floor":19.0},{"not_picked":["Carnage+1","Heavy Blade"],"picked":"Burning Pact","floor":21.0},{"not_picked":["Havoc","Body Slam"],"picked":"Seeing Red","floor":23.0}],"player_experience":1338160,"relics_obtained":[{"floor":7.0,"key":"Dream Catcher"},{"floor":9.0,"key":"Pen Nib"},{"floor":13.0,"key":"Old Coin"},{"floor":14.0,"key":"Calipers"}],"event_choices":[{"damage_healed":0.0,"max_hp_gain":0.0,"max_hp_loss":0.0,"gold_gain":0.0,"event_name":"Shining Light","player_choice":"Ignored","floor":2.0,"gold_loss":0.0,"damage_taken":0.0},{"damage_healed":0.0,"max_hp_gain":0.0,"max_hp_loss":0.0,"gold_gain":75.0,"event_name":"World of Goop","player_choice":"Gather Gold","floor":4.0,"gold_loss":0.0,"damage_taken":11.0},{"damage_healed":0.0,"max_hp_gain":0.0,"max_hp_loss":0.0,"gold_gain":50.0,"event_name":"Golden Shrine","player_choice":"Pray","floor":5.0,"gold_loss":0.0,"damage_taken":0.0},{"damage_healed":0.0,"max_hp_gain":0.0,"max_hp_loss":0.0,"gold_gain":0.0,"event_name":"Wheel of Change","player_choice":"Relic","floor":14.0,"gold_loss":0.0,"damage_taken":0.0},{"damage_healed":0.0,"max_hp_gain":0.0,"max_hp_loss":0.0,"gold_gain":0.0,"event_name":"Lab","player_choice":"Got Potions","floor":22.0,"gold_loss":0.0,"damage_taken":0.0}],"is_beta":false,"boss_relics":[{"not_picked":["Snecko Eye","Pandora\u0027s Box"],"picked":"Runic Cube"}],"items_purged_floors":[20],"is_endless":false,"potions_floor_spawned":[1,8,11,12,16,19,21],"killed_by":"Book of Stabbing","ascension_level":15}