{"path_per_floor":["M","?","?","$","M","R","E","R","T","$","M","M","?","E","R","B",null,"M","$","?","?","M","R","E","M","T","?","M","R","M","M","R","B",null,"M","?","M","$","M","R","M","R","T","?"],"character_chosen":"DEFECT","items_purchased":["Cold Snap","Hologram","Lee\u0027s Waffle","Bronze Scales","Centennial Puzzle"],"gold_per_floor":[117,192,192,117,135,135,167,167,221,14,26,46,46,72,72,174,174,194,49,49,49,65,65,98,113,113,113,124,124,136,154,154,256,256,275,275,292,52,63,63,78,78,78,78,78],"floor_reached":45,"campfire_rested":5,"playtime":2214,"current_hp_per_floor":[67,56,42,42,42,42,17,37,37,75,70,68,73,71,71,42,71,61,61,45,45,41,65,46,26,26,26,18,42,42,44,44,13,63,51,41,12,12,14,38,22,46,46,46,22],"items_purged":[],"gold":78,"score":620,"play_id":"acf8d5bf-9a1d-4a84-98f9-2a436866ffff","local_time":"20180515190831","is_prod":false,"is_daily":false,"chose_seed":false,"is_ascension_mode":true,"campfire_upgraded":3,"timestamp":1526425711,"path_taken":["M","?","?","$","M","R","E","R","T","$","M","M","?","E","R","BOSS","M","$","?","?","M","R","E","M","T","?","M","R","M","M","R","BOSS","M","?","M","$","M","R","M","R","T","?","BOSS"],"build_version":"2018-05-14v2","seed_source_timestamp":0,"purchased_purges":0,"victory":false,"master_deck":["Strike_B","Strike_B","Strike_B","Strike_B","Defend_B","Defend_B+1","Defend_B+1","Defend_B","Zap","Dualcast","Steam+1","Cold Snap","Hologram","Tempest","Steam Power","Turbo","Sunder+1","Double Energy+1","Echo Form","Hologram","White Noise","Consume","Glacier","Turbo","Madness","Madness","Beam Cell+1","Doubt"],"max_hp_per_floor":[68,68,68,68,68,68,68,68,68,75,75,75,80,80,80,80,80,80,80,80,80,80,80,80,80,80,80,80,80,80,80,80,80,80,80,80,80,80,80,80,80,80,80,80,80],"relics":["Cracked Core","Calipers","Blood Vial","Bag of Marbles","Lee\u0027s Waffle","Oddly Smooth Stone","Inserter","Bronze Scales","Enchiridion","Emotion Chip","Toolbox","Cursed Key","Centennial Puzzle","Potion Belt"],"card_choices":[{"not_picked":["Barrage","Tempest"],"picked":"Steam","floor":1.0},{"not_picked":["Axe Kick","Stack"],"picked":"Tempest","floor":5.0},{"not_picked":["Cold Snap","Stack"],"picked":"Steam Power","floor":7.0},{"not_picked":["Fission","Stack"],"picked":"Turbo","floor":11.0},{"not_picked":["Leap","Rebound"],"picked":"Sunder","floor":12.0},{"not_picked":["Gash","Reinforced Body"],"picked":"Double Energy","floor":14.0},{"not_picked":["Fission","Machine Learning"],"picked":"Echo Form","floor":16.0},{"not_picked":["Go for the Eyes+1","Rip and Tear"],"picked":"Hologram","floor":18.0},{"not_picked":["Hologram","Melter+1"],"picked":"White Noise","floor":22.0},{"not_picked":["Rip and Tear","Conserve Battery"],"picked":"Consume","floor":24.0},{"not_picked":["Go for the Eyes","Ball Lightning","Hologram"],"picked":"SKIP","floor":25.0},{"not_picked":["Go for the Eyes","Streamline","Rebound"],"picked":"SKIP","floor":28.0},{"not_picked":["Blizzard","Ball Lightning"],"picked":"Glacier","floor":30.0},{"not_picked":["Lockon","Go for the Eyes+1","Leap"],"picked":"SKIP","floor":31.0},{"not_picked":["Ball Lightning+1","Storm+1"],"picked":"Turbo","floor":35.0},{"not_picked":["Skim+1","Lockon+1"],"picked":"Beam Cell+1","floor":37.0},{"not_picked":["Melter+1","Streamline","Sweeping Beam"],"picked":"SKIP","floor":39},{"not_picked":["Sweeping Beam+1","Doom and Gloom","FTL"],"picked":"SKIP","floor":41}],"player_experience":88399,"potions_floor_usage":[39,39,45],"damage_taken":[{"damage":1.0,"enemies":"Cultist","floor":1.0,"turns":3.0},{"damage":0.0,"enemies":"Small Slimes","floor":5.0,"turns":3.0},{"damage":25.0,"enemies":"3 Sentries","floor":7.0,"turns":8.0},{"damage":5.0,"enemies":"Jaw Worm","floor":11.0,"turns":3.0},{"damage":4.0,"enemies":"Looter","floor":12.0,"turns":2.0},{"damage":4.0,"enemies":"Gremlin Nob","floor":14.0,"turns":3.0},{"damage":31.0,"enemies":"The Guardian","floor":16.0,"turns":12.0},{"damage":12.0,"enemies":"Chosen","floor":18.0,"turns":4.0},{"damage":6.0,"enemies":"Spheric Guardian","floor":22.0,"turns":4.0},{"damage":21.0,"enemies":"Slavers","floor":24.0,"turns":4.0},{"damage":22.0,"enemies":"Centurion and Healer","floor":25.0,"turns":5.0},{"damage":10.0,"enemies":"Snake Plant","floor":28.0,"turns":3.0},{"damage":2.0,"enemies":"Cultist and Chosen","floor":30.0,"turns":6.0},{"damage":0.0,"enemies":"Centurion and Healer","floor":31.0,"turns":6.0},{"damage":33.0,"enemies":"Collector","floor":33.0,"turns":8.0},{"damage":14.0,"enemies":"3 Darklings","floor":35.0,"turns":3.0},{"damage":31.0,"enemies":"Flame Bruiser 1 Orb","floor":37.0,"turns":9.0},{"damage":0,"enemies":"Spire Growth","floor":39,"turns":3},{"damage":18,"enemies":"Flame Bruiser 2 Orb","floor":41,"turns":3},{"damage":26,"enemies":"Time Eater","floor":45,"turns":4}],"relics_obtained":[{"floor":7.0,"key":"Blood Vial"},{"floor":9.0,"key":"Bag of Marbles"},{"floor":14.0,"key":"Oddly Smooth Stone"},{"floor":20.0,"key":"Enchiridion"},{"floor":24.0,"key":"Emotion Chip"},{"floor":26.0,"key":"Toolbox"},{"floor":43,"key":"Potion Belt"}],"event_choices":[{"event_name":"World of Goop","player_choice":"Gather Gold","floor":2.0,"damage_taken":0.0},{"event_name":"Shining Light","player_choice":"Entered Light","floor":3.0,"damage_taken":0.0},{"event_name":"Big Fish","player_choice":"Donut","floor":13.0,"damage_taken":0.0},{"event_name":"Cursed Tome","player_choice":"Obtained Book","floor":20.0,"damage_taken":0.0},{"event_name":"Addict","player_choice":"Ignored","floor":21.0,"damage_taken":0.0},{"event_name":"Ghosts","player_choice":"Ignored","floor":27.0,"damage_taken":0.0},{"event_name":"Winding Halls","player_choice":"Embrace Madness","floor":36.0,"damage_taken":0.0},{"event_name":"SecretPortal","player_choice":"Took Portal.","floor":44,"damage_taken":0}],"boss_relics":[],"potions_floor_spawned":[7,11,12,24,25,28,33,35,39],"seed_played":"-307984649536224883","killed_by":"Time Eater","ascension_level":8,"potions_obtained":[{"floor":7.0,"key":"Fire Potion"},{"floor":11.0,"key":"EssenceOfSteel"},{"floor":12.0,"key":"GamblersBrew"},{"floor":24.0,"key":"GamblersBrew"},{"floor":25.0,"key":"GamblersBrew"},{"floor":28.0,"key":"PowerPotion"},{"floor":33.0,"key":"Explosive Potion"},{"floor":35.0,"key":"Poison Potion"},{"floor":39,"key":"Energy Potion"}],"is_trial":false}