{"gold_per_floor":[118,118,130,130,150,150,160,435,435,460,476,476],"floor_reached":12,"playtime":459,"items_purged":[],"score":108,"play_id":"87d4045c-f4d4-4a4a-973a-a0abdba2f4a1","local_time":"20190401200208","is_ascension_mode":true,"campfire_choices":[{"data":"Skewer","floor":6,"key":"SMITH"}],"neow_cost":"NONE","seed_source_timestamp":1682303978766582,"circlet_count":0,"master_deck":["Defend_G","Defend_G","Defend_G","Defend_G","Defend_G","Strike_G","Strike_G","Strike_G","Strike_G","Strike_G","Survivor","Neutralize","Skewer+1","Flying Knee","Dodge and Roll","Poisoned Stab","Regret","Crippling Poison","Leg Sweep"],"relics":["Ring of the Snake","Blood Vial","The Specimen","GremlinMask","Kunai","Centennial Puzzle"],"potions_floor_usage":[10,10],"damage_taken":[{"damage":9,"enemies":"Jaw Worm","floor":1,"turns":5},{"damage":5,"enemies":"Small Slimes","floor":3,"turns":3},{"damage":1,"enemies":"Cultist","floor":5,"turns":4},{"damage":9,"enemies":"Looter","floor":7,"turns":4},{"damage":35,"enemies":"Lagavulin","floor":10,"turns":12},{"damage":15,"enemies":"Gremlin Gang","floor":11,"turns":3},{"damage":18,"enemies":"Exordium Wildlife","floor":12,"turns":1}],"seed_played":"-5583812678578973511","potions_obtained":[{"floor":3,"key":"Explosive Potion"},{"floor":5,"key":"Regen Potion"}],"is_trial":false,"path_per_floor":["M","?","M","?","M","R","M","?","T","E","M","M"],"character_chosen":"THE_SILENT","items_purchased":[],"campfire_rested":0,"item_purchase_floors":[],"current_hp_per_floor":[56,53,50,50,51,51,44,44,44,26,13,0],"gold":476,"neow_bonus":"RANDOM_COMMON_RELIC","is_prod":false,"is_daily":false,"chose_seed":false,"campfire_upgraded":1,"win_rate":0,"timestamp":1554174128,"path_taken":["M","?","M","?","?","R","M","?","T","E","?","M"],"build_version":"2019-01-23","purchased_purges":0,"victory":false,"max_hp_per_floor":[70,70,70,70,70,70,70,70,70,70,70,70],"card_choices":[{"not_picked":["PiercingWail","Calculated Gamble"],"picked":"Skewer","floor":1},{"not_picked":["Reflex","Acrobatics"],"picked":"Flying Knee","floor":3},{"not_picked":["Infinite Blades","Flying Knee"],"picked":"Dodge and Roll","floor":5},{"not_picked":["PiercingWail","Blade Dance"],"picked":"Poisoned Stab","floor":7},{"not_picked":["Flying Knee","Expertise"],"picked":"Crippling Poison","floor":10},{"not_picked":["Calculated Gamble","Deflect"],"picked":"Leg Sweep","floor":11}],"player_experience":435723,"relics_obtained":[{"floor":9,"key":"Kunai"},{"floor":10,"key":"Centennial Puzzle"}],"event_choices":[{"damage_healed":0,"gold_gain":0,"player_choice":"Success","damage_taken":3,"relics_obtained":["The Specimen"],"max_hp_gain":0,"max_hp_loss":0,"event_name":"Scrap Ooze","floor":2,"gold_loss":0},{"damage_healed":0,"gold_gain":0,"player_choice":"Trade","damage_taken":0,"relics_obtained":["GremlinMask"],"max_hp_gain":0,"max_hp_loss":0,"event_name":"FaceTrader","floor":4,"gold_loss":0},{"damage_healed":0,"gold_gain":275,"player_choice":"Desecrate","damage_taken":0,"max_hp_gain":0,"max_hp_loss":0,"event_name":"Golden Shrine","floor":8,"gold_loss":0,"cards_obtained":["Regret"]}],"is_beta":false,"boss_relics":[],"items_purged_floors":[],"is_endless":false,"potions_floor_spawned":[3,5],"killed_by":"Exordium Wildlife","ascension_level":7}