{"gold_per_floor":[115,129,139,139,155,155,155,189,189,218,243,220,232,169,169,169],"floor_reached":16,"playtime":1011,"items_purged":["Strike_G"],"score":157,"play_id":"d6803d76-0bd9-4cfc-a62d-9fcdc2d99c3f","local_time":"20190508125511","is_ascension_mode":true,"campfire_choices":[{"floor":6,"key":"REST"},{"floor":15,"key":"REST"}],"neow_cost":"NONE","seed_source_timestamp":448794409282162,"circlet_count":0,"master_deck":["Defend_G","Defend_G","Defend_G","Defend_G","Defend_G","Strike_G","Strike_G","Strike_G","Strike_G","Survivor","Neutralize","PiercingWail","Backflip","Noxious Fumes","Blur+1"],"relics":["Ring of the Snake","Bag of Preparation","Toxic Egg 2","MawBank"],"potions_floor_usage":[2,3,5,7,8,10,13,16],"damage_taken":[{"damage":0,"enemies":"Small Slimes","floor":1,"turns":3},{"damage":0,"enemies":"2 Louse","floor":2,"turns":3},{"damage":0,"enemies":"Cultist","floor":3,"turns":4},{"damage":0,"enemies":"3 Louse","floor":5,"turns":4},{"damage":47,"enemies":"Gremlin Nob","floor":8,"turns":6},{"damage":14,"enemies":"Large Slime","floor":10,"turns":10},{"damage":1,"enemies":"Blue Slaver","floor":11,"turns":6},{"damage":0,"enemies":"Lagavulin","floor":13,"turns":6},{"damage":41,"enemies":"Slime Boss","floor":16,"turns":6}],"seed_played":"8249222785608654526","potions_obtained":[{"floor":0,"key":"AttackPotion"},{"floor":0,"key":"SmokeBomb"},{"floor":0,"key":"SpeedPotion"},{"floor":3,"key":"Dexterity Potion"},{"floor":7,"key":"Explosive Potion"},{"floor":7,"key":"Fruit Juice"},{"floor":8,"key":"Regen Potion"},{"floor":10,"key":"LiquidBronze"}],"is_trial":false,"path_per_floor":["M","M","M","?","M","R","?","E","T","M","M","?","E","$","R","B"],"character_chosen":"THE_SILENT","items_purchased":[],"campfire_rested":2,"item_purchase_floors":[],"current_hp_per_floor":[63,63,63,38,38,59,64,17,17,18,17,17,17,17,39,0],"gold":169,"neow_bonus":"THREE_SMALL_POTIONS","is_prod":false,"is_daily":false,"chose_seed":false,"campfire_upgraded":0,"win_rate":0,"timestamp":1557312911,"path_taken":["M","M","M","?","M","R","?","E","T","?","M","?","E","$","R","BOSS"],"build_version":"2019-01-23","purchased_purges":1,"victory":false,"max_hp_per_floor":[70,70,70,70,70,70,75,75,75,75,75,75,75,75,75,75],"card_choices":[{"not_picked":["Dodge and Roll","Prepared"],"picked":"PiercingWail","floor":1},{"not_picked":["Acrobatics","Deflect"],"picked":"Backflip","floor":2},{"not_picked":["Masterful Stab","Bouncing Flask"],"picked":"Noxious Fumes","floor":3},{"not_picked":["Dagger Spray","Eviscerate","Flechettes"],"picked":"SKIP","floor":5},{"not_picked":["Die Die Die","Sucker Punch","Dagger Spray"],"picked":"SKIP","floor":8},{"not_picked":["Concentrate+1","PiercingWail+1"],"picked":"Blur+1","floor":10},{"not_picked":["Bane","Sucker Punch","All Out Attack"],"picked":"SKIP","floor":11}],"player_experience":428529,"relics_obtained":[{"floor":8,"key":"Toxic Egg 2"},{"floor":9,"key":"MawBank"}],"event_choices":[{"damage_healed":0,"gold_gain":0,"player_choice":"Success","damage_taken":25,"relics_obtained":["Bag of Preparation"],"max_hp_gain":0,"max_hp_loss":0,"event_name":"Scrap Ooze","floor":4,"gold_loss":0},{"damage_healed":0,"gold_gain":0,"player_choice":"Got Potions","damage_taken":0,"max_hp_gain":0,"max_hp_loss":0,"event_name":"Lab","floor":7,"gold_loss":0},{"damage_healed":0,"gold_gain":0,"player_choice":"Left Gold","damage_taken":0,"max_hp_gain":0,"max_hp_loss":0,"event_name":"World of Goop","floor":12,"gold_loss":35}],"is_beta":false,"boss_relics":[],"items_purged_floors":[14],"is_endless":false,"potions_floor_spawned":[1,3,8,10,13],"killed_by":"Slime Boss","ascension_level":8}