{"gold_per_floor":[113,113,113,127,127,156,156,172,172,172,190,218,26,26,26,99,99],"floor_reached":17,"playtime":788,"items_purged":["Strike_G"],"score":326,"play_id":"02375a60-e2a8-4ee6-94c5-a7d75738e0f4","local_time":"20190508022141","is_ascension_mode":true,"campfire_choices":[{"data":"Heel Hook","floor":7.0,"key":"SMITH"},{"floor":10.0,"key":"REST"},{"floor":15.0,"key":"REST"}],"neow_cost":"NONE","seed_source_timestamp":0,"circlet_count":0,"master_deck":["AscendersBane","Defend_G","Defend_G","Defend_G","Defend_G","Defend_G","Strike_G","Strike_G","Strike_G","Strike_G","Survivor","Neutralize+1","Die Die Die","Heel Hook+1","Escape Plan","Sucker Punch","Dodge and Roll","Well Laid Plans","Burst"],"special_seed":0,"relics":["Ring of the Snake","Ornamental Fan","Bronze Scales","Ancient Tea Set","Sozu"],"potions_floor_usage":[],"damage_taken":[{"damage":0.0,"enemies":"Cultist","floor":1.0,"turns":4.0},{"damage":1.0,"enemies":"Jaw Worm","floor":4.0,"turns":2.0},{"damage":26.0,"enemies":"Gremlin Nob","floor":6.0,"turns":4.0},{"damage":0.0,"enemies":"2 Louse","floor":8.0,"turns":1.0},{"damage":7.0,"enemies":"Large Slime","floor":11.0,"turns":7.0},{"damage":35.0,"enemies":"Lagavulin","floor":12.0,"turns":11.0},{"damage":30.0,"enemies":"Hexaghost","floor":16.0,"turns":12.0}],"seed_played":"-5635259857863959636","potions_obtained":[{"floor":4.0,"key":"AttackPotion"},{"floor":6.0,"key":"SneckoOil"},{"floor":11.0,"key":"Dexterity Potion"},{"floor":12.0,"key":"PowerPotion"}],"is_trial":false,"path_per_floor":["M","?","?","M","?","E","R","M","T","R","M","E","$","?","R","B",null],"character_chosen":"THE_SILENT","items_purchased":["Dodge and Roll","Well Laid Plans"],"campfire_rested":2,"item_purchase_floors":[13,13],"current_hp_per_floor":[59,59,64,63,63,37,37,37,37,58,51,16,16,16,37,7,7],"gold":99,"neow_bonus":"ONE_RANDOM_RARE_CARD","is_prod":false,"is_daily":false,"chose_seed":false,"campfire_upgraded":1,"win_rate":0,"timestamp":1557296501,"path_taken":["M","?","?","M","?","E","R","M","T","R","M","E","$","?","R","BOSS"],"build_version":"2019-05-07","purchased_purges":1,"victory":false,"max_hp_per_floor":[66,66,71,71,71,71,71,71,71,71,71,71,71,71,71,71,71],"card_choices":[{"not_picked":["Deadly Poison","Prepared"],"picked":"Heel Hook","floor":1.0},{"not_picked":["Backflip","Dagger Throw","Noxious Fumes"],"picked":"SKIP","floor":4.0},{"not_picked":["Bullet Time","Bouncing Flask","Cloak And Dagger"],"picked":"SKIP","floor":6.0},{"not_picked":["Outmaneuver","Slice"],"picked":"Escape Plan","floor":8.0},{"not_picked":["Flechettes","Backflip","Underhanded Strike"],"picked":"SKIP","floor":11.0},{"not_picked":["Noxious Fumes","Setup"],"picked":"Sucker Punch","floor":12.0},{"not_picked":["Envenom","After Image"],"picked":"Burst","floor":16.0}],"player_experience":1423517,"relics_obtained":[{"floor":6.0,"key":"Ornamental Fan"},{"floor":9.0,"key":"Bronze Scales"},{"floor":12.0,"key":"Ancient Tea Set"}],"event_choices":[{"damage_healed":0.0,"max_hp_gain":0.0,"max_hp_loss":0.0,"gold_gain":0.0,"event_name":"Living Wall","player_choice":"Grow","floor":2.0,"gold_loss":0.0,"damage_taken":0.0,"cards_upgraded":["Neutralize"]},{"damage_healed":0.0,"max_hp_gain":5.0,"max_hp_loss":0.0,"gold_gain":0.0,"event_name":"Big Fish","player_choice":"Donut","floor":3.0,"gold_loss":0.0,"damage_taken":0.0},{"damage_healed":0.0,"max_hp_gain":0.0,"max_hp_loss":0.0,"gold_gain":0.0,"event_name":"Liars Game","player_choice":"Ignored","floor":5.0,"gold_loss":0.0,"damage_taken":0.0},{"damage_healed":0.0,"max_hp_gain":0.0,"max_hp_loss":0.0,"gold_gain":0.0,"event_name":"Scrap Ooze","player_choice":"Fled","floor":14.0,"gold_loss":0.0,"damage_taken":0.0}],"is_beta":true,"boss_relics":[{"not_picked":["Fusion Hammer","Cursed Key"],"picked":"Sozu"}],"items_purged_floors":[13],"is_endless":false,"potions_floor_spawned":[4,6,11,12],"ascension_level":20}