{"gold_per_floor":[112,112,124,74,74,74,101,120,145,145,200,75,88,61,61,61],"floor_reached":16,"playtime":471,"items_purged":["Defend_R"],"score":123,"play_id":"b2abd7c0-716c-46a4-bf10-b9700451241a","local_time":"20190421102428","is_ascension_mode":false,"campfire_choices":[{"data":"Wild Strike","floor":6.0,"key":"SMITH"},{"data":"Dark Embrace","floor":15,"key":"SMITH"}],"neow_cost":"NONE","seed_source_timestamp":871361972958700,"circlet_count":0,"master_deck":["Strike_R","Strike_R","Defend_R","Defend_R","Defend_R","Bash","Thunderclap","Wild Strike+1","Dark Embrace+1","Rage","Inflame","Havoc","Sentinel","True Grit"],"special_seed":0,"relics":["Burning Blood","NeowsBlessing","Juzu Bracelet","Strawberry"],"potions_floor_usage":[16],"damage_taken":[{"damage":0.0,"enemies":"Jaw Worm","floor":1.0,"turns":1.0},{"damage":0.0,"enemies":"2 Louse","floor":3.0,"turns":1.0},{"damage":0.0,"enemies":"Lagavulin","floor":7.0,"turns":1.0},{"damage":6.0,"enemies":"Cultist","floor":8.0,"turns":3.0},{"damage":15,"enemies":"Lots of Slimes","floor":13,"turns":4},{"damage":78,"enemies":"Hexaghost","floor":16,"turns":11}],"seed_played":"-1788786741430877893","potions_obtained":[{"floor":7.0,"key":"Dexterity Potion"},{"floor":8.0,"key":"Block Potion"}],"is_trial":false,"path_per_floor":["M","?","M","?","?","R","E","M","T","?","?","$","M","$","R","B"],"character_chosen":"IRONCLAD","items_purchased":["Havoc","True Grit"],"campfire_rested":0,"item_purchase_floors":[12,14],"current_hp_per_floor":[80,80,80,80,80,80,80,80,87,87,87,87,78,78,78,0],"gold":61,"neow_bonus":"THREE_ENEMY_KILL","is_prod":false,"is_daily":false,"chose_seed":false,"campfire_upgraded":2,"win_rate":0,"timestamp":1555813468,"path_taken":["M","?","M","?","?","R","E","M","T","?","?","$","M","$","R","BOSS"],"build_version":"2019-01-23","purchased_purges":1,"victory":false,"max_hp_per_floor":[80,80,80,80,80,80,80,80,87,87,87,87,87,87,87,87],"card_choices":[{"not_picked":["Combust","Ghostly Armor"],"picked":"Thunderclap","floor":1.0},{"not_picked":["True Grit","Clothesline"],"picked":"Wild Strike","floor":3.0},{"not_picked":["Perfected Strike","Intimidate"],"picked":"Rage","floor":7.0},{"not_picked":["Flex","Clash"],"picked":"Inflame","floor":8.0},{"not_picked":["Flame Barrier","Power Through"],"picked":"Sentinel","floor":13}],"player_experience":515160,"relics_obtained":[{"floor":7.0,"key":"Juzu Bracelet"},{"floor":9.0,"key":"Strawberry"}],"event_choices":[{"cards_removed":["Strike_R"],"damage_healed":0.0,"max_hp_gain":0.0,"max_hp_loss":0.0,"gold_gain":0.0,"event_name":"Living Wall","player_choice":"Forget","floor":2.0,"gold_loss":0.0,"damage_taken":0.0},{"cards_removed":["Strike_R"],"damage_healed":0.0,"max_hp_gain":0.0,"max_hp_loss":0.0,"gold_gain":0.0,"event_name":"The Cleric","player_choice":"Card Removal","floor":4.0,"gold_loss":50.0,"damage_taken":0.0},{"damage_healed":0.0,"max_hp_gain":0.0,"max_hp_loss":0.0,"gold_gain":0.0,"cards_transformed":["Strike_R"],"event_name":"Transmorgrifier","player_choice":"Transformed","floor":5.0,"gold_loss":0.0,"damage_taken":0.0,"cards_obtained":["Dark Embrace"]},{"damage_healed":0.0,"max_hp_gain":0.0,"max_hp_loss":0.0,"gold_gain":0.0,"event_name":"NoteForYourself","player_choice":"Ignored","floor":10.0,"gold_loss":0.0,"damage_taken":0.0},{"damage_healed":0.0,"max_hp_gain":0.0,"max_hp_loss":0.0,"gold_gain":55.0,"event_name":"Golden Wing","player_choice":"Gained Gold","floor":11.0,"gold_loss":0.0,"damage_taken":0.0}],"is_beta":false,"boss_relics":[],"items_purged_floors":[12],"is_endless":false,"potions_floor_spawned":[7,8],"killed_by":"Hexaghost","ascension_level":0}