{"gold_per_floor":[111,111,111,261,261,290,290,323,349,349,362,362,378,21,21,93,93,109,20,31,43,43,43,107,107,160,190,190,200,215,315,315,392,392,411,173,123,136,189,189,217,217,267,267,284,315,315,315,315,315],"floor_reached":51,"playtime":1887,"items_purged":["Regret"],"score":1469,"play_id":"3e97ecd0-6340-4cf9-bb78-18484394031d","local_time":"20181121120530","is_ascension_mode":true,"campfire_choices":[{"data":"Whirlwind","floor":7.0,"key":"SMITH"},{"data":"Bash","floor":10.0,"key":"SMITH"},{"data":"Havoc","floor":15.0,"key":"SMITH"},{"data":"Double Tap","floor":23.0,"key":"SMITH"},{"data":"Dark Embrace","floor":25.0,"key":"SMITH"},{"floor":32.0,"key":"REST"},{"data":"Flex","floor":40.0,"key":"SMITH"},{"data":"Brutality","floor":42.0,"key":"SMITH"},{"floor":44.0,"key":"RECALL"},{"floor":47.0,"key":"REST"},{"data":"Feel No Pain","floor":49.0,"key":"SMITH"}],"neow_cost":"NONE","seed_source_timestamp":0,"circlet_count":0,"master_deck":["AscendersBane","Strike_R","Strike_R","Strike_R","Strike_R","Defend_R","Defend_R","Defend_R+1","Bash+1","Dropkick+1","Intimidate+1","Whirlwind+1","Immolate+1","Headbutt","Havoc+1","Fiend Fire+1","Dramatic Entrance+1","Exhume","Headbutt+1","Dropkick+1","Shockwave+1","Corruption","Double Tap+1","Dark Embrace+1","Sentinel","Offering+1","Pommel Strike+1","Havoc","Feel No Pain+1","Flex+1","Brutality+1","Feel No Pain+1"],"special_seed":0,"relics":["Burning Blood","NeowsBlessing","War Paint","Charon\u0027s Ashes","Whetstone","Molten Egg 2","Snecko Eye","Tiny Chest","Juzu Bracelet","Potion Belt","FossilizedHelix","Question Card","Eternal Feather","Lee\u0027s Waffle","Torii","Boot","Omamori","Blue Candle"],"potions_floor_usage":[],"damage_taken":[{"damage":0.0,"enemies":"Small Slimes","floor":1.0,"turns":1.0},{"damage":0.0,"enemies":"3 Sentries","floor":6.0,"turns":1.0},{"damage":0.0,"enemies":"Lagavulin","floor":8.0,"turns":1.0},{"damage":0.0,"enemies":"2 Louse","floor":11.0,"turns":1.0},{"damage":0.0,"enemies":"Cultist","floor":13.0,"turns":2.0},{"damage":39.0,"enemies":"The Guardian","floor":16.0,"turns":6.0},{"damage":12.0,"enemies":"3 Byrds","floor":18.0,"turns":2.0},{"damage":0.0,"enemies":"Spheric Guardian","floor":20.0,"turns":2.0},{"damage":0.0,"enemies":"Snake Plant","floor":21.0,"turns":2.0},{"damage":36.0,"enemies":"Gremlin Leader","floor":24.0,"turns":5.0},{"damage":44.0,"enemies":"Slavers","floor":27.0,"turns":3.0},{"damage":0.0,"enemies":"Centurion and Healer","floor":29.0,"turns":2.0},{"damage":10.0,"enemies":"Shelled Parasite and Fungi","floor":30.0,"turns":2.0},{"damage":9.0,"enemies":"Colosseum Slavers","floor":31.0,"turns":2.0},{"damage":0.0,"enemies":"Colosseum Nobs","floor":31.0,"turns":3.0},{"damage":7.0,"enemies":"Collector","floor":33.0,"turns":3.0},{"damage":0.0,"enemies":"Orb Walker","floor":35.0,"turns":2.0},{"damage":15.0,"enemies":"3 Darklings","floor":38.0,"turns":3.0},{"damage":6.0,"enemies":"2 Orb Walkers","floor":39.0,"turns":2.0},{"damage":23.0,"enemies":"Nemesis","floor":41.0,"turns":5.0},{"damage":36.0,"enemies":"Writhing Mass","floor":45.0,"turns":3.0},{"damage":34.0,"enemies":"Reptomancer","floor":46.0,"turns":4.0},{"damage":33,"enemies":"Donu and Deca","floor":50,"turns":4}],"seed_played":"6343651807987122679","potions_obtained":[{"floor":6.0,"key":"Poison Potion"},{"floor":8.0,"key":"EssenceOfSteel"},{"floor":11.0,"key":"FearPotion"},{"floor":21.0,"key":"BloodPotion"},{"floor":27.0,"key":"Weak Potion"},{"floor":31.0,"key":"FearPotion"},{"floor":35.0,"key":"Block Potion"},{"floor":38.0,"key":"SteroidPotion"},{"floor":45.0,"key":"BloodPotion"}],"is_trial":false,"path_per_floor":["M","?","?","?","?","E","R","E","T","R","M","?","M","$","R","B",null,"M","$","M","M","?","R","E","R","T","E","?","M","M","?","R","B",null,"M","$","?","M","?","R","E","R","T","R","M","E","R","?","R","B",null],"character_chosen":"IRONCLAD","items_purchased":["Fiend Fire+1","Dramatic Entrance+1","Dropkick+1","Lee\u0027s Waffle","Havoc"],"campfire_rested":2,"item_purchase_floors":[14,14,19,36,36],"current_hp_per_floor":[74,74,74,74,74,75,75,75,75,75,75,75,75,75,75,42,67,61,61,67,73,73,73,43,43,43,12,12,18,14,17,39,38,66,72,82,82,73,73,82,65,82,82,82,52,24,66,66,82,55],"gold":315,"neow_bonus":"THREE_ENEMY_KILL","is_prod":false,"is_daily":false,"chose_seed":false,"campfire_upgraded":8,"win_rate":0,"timestamp":1542819930,"path_taken":["M","?","?","?","?","E","R","E","T","R","?","?","M","$","R","BOSS","M","$","M","M","?","R","E","R","T","E","?","M","M","?","R","BOSS","M","$","?","M","?","R","E","R","T","R","M","E","R","?","R","BOSS"],"build_version":"2018-11-15","purchased_purges":1,"victory":true,"max_hp_per_floor":[75,75,75,75,75,75,75,75,75,75,75,75,75,75,75,75,75,75,75,75,75,75,75,75,75,75,75,75,75,75,75,75,75,75,75,82,82,82,82,82,82,82,82,82,82,82,82,82,82,82],"card_choices":[{"not_picked":["Body Slam","Disarm"],"picked":"Dropkick","floor":1.0},{"not_picked":["Power Through","Anger"],"picked":"Whirlwind","floor":6.0},{"not_picked":["Second Wind","Combust"],"picked":"Immolate","floor":8.0},{"not_picked":["Anger","Searing Blow"],"picked":"Headbutt","floor":11.0},{"not_picked":["Body Slam+1","True Grit"],"picked":"Havoc","floor":13.0},{"not_picked":["Bludgeon+1","Double Tap"],"picked":"Exhume","floor":16.0},{"not_picked":["Sword Boomerang+1","Clash+1"],"picked":"Headbutt+1","floor":18.0},{"not_picked":["Warcry+1","Wild Strike+1"],"picked":"Shockwave+1","floor":20.0},{"not_picked":["Headbutt+1","Wild Strike+1"],"picked":"Corruption","floor":21.0},{"not_picked":["Reaper+1","Burning Pact"],"picked":"Dark Embrace","floor":24.0},{"not_picked":["Body Slam+1","Clash+1","Perfected Strike+1"],"picked":"SKIP","floor":27.0},{"not_picked":["True Grit","Entrench"],"picked":"Sentinel","floor":29.0},{"not_picked":["Shrug It Off","Evolve","Armaments"],"picked":"SKIP","floor":30.0},{"not_picked":["Immolate+1","Berserk","Double Tap"],"picked":"Offering","floor":33.0},{"not_picked":["Heavy Blade+1","Thunderclap+1","Clothesline+1"],"picked":"Pommel Strike+1","floor":35.0},{"not_picked":["Shockwave","Flame Barrier+1","Heavy Blade+1"],"picked":"Feel No Pain+1","floor":38.0},{"not_picked":["Warcry","Twin Strike+1","True Grit"],"picked":"Flex","floor":39.0},{"not_picked":["Dropkick+1","Fire Breathing","Thunderclap+1"],"picked":"Brutality","floor":41.0},{"not_picked":["Twin Strike+1","Cleave+1","Fire Breathing","True Grit"],"picked":"SKIP","floor":45.0},{"not_picked":["Power Through","Evolve","Berserk"],"picked":"Feel No Pain","floor":46.0}],"player_experience":761466,"relics_obtained":[{"floor":6.0,"key":"War Paint"},{"floor":8.0,"key":"Charon\u0027s Ashes"},{"floor":9.0,"key":"Whetstone"},{"floor":24.0,"key":"Tiny Chest"},{"floor":26.0,"key":"Juzu Bracelet"},{"floor":27.0,"key":"Potion Belt"},{"floor":31.0,"key":"FossilizedHelix"},{"floor":31.0,"key":"Question Card"},{"floor":39.0,"key":"Torii"},{"floor":41.0,"key":"Boot"},{"floor":43.0,"key":"Omamori"},{"floor":46.0,"key":"Blue Candle"}],"event_choices":[{"damage_healed":0.0,"max_hp_gain":0.0,"max_hp_loss":0.0,"gold_gain":0.0,"event_name":"The Cleric","player_choice":"Leave","floor":2.0,"gold_loss":0.0,"damage_taken":0.0},{"damage_healed":0.0,"max_hp_gain":0.0,"max_hp_loss":0.0,"gold_gain":0.0,"event_name":"Shining Light","player_choice":"Ignored","floor":3.0,"gold_loss":0.0,"damage_taken":0.0},{"damage_healed":0.0,"max_hp_gain":0.0,"max_hp_loss":0.0,"gold_gain":150.0,"event_name":"Liars Game","player_choice":"AGREE","floor":4.0,"gold_loss":0.0,"damage_taken":0.0,"cards_obtained":["Doubt"]},{"damage_healed":0.0,"max_hp_gain":0.0,"max_hp_loss":0.0,"gold_gain":0.0,"cards_transformed":["Strike_R"],"event_name":"Transmorgrifier","player_choice":"Transformed","floor":5.0,"gold_loss":0.0,"damage_taken":0.0,"cards_obtained":["Intimidate"]},{"damage_healed":0.0,"max_hp_gain":0.0,"max_hp_loss":0.0,"gold_gain":0.0,"event_name":"Big Fish","player_choice":"Box","floor":12.0,"gold_loss":0.0,"damage_taken":0.0,"relics_obtained":["Molten Egg 2"],"cards_obtained":["Regret"]},{"damage_healed":0.0,"max_hp_gain":0.0,"max_hp_loss":0.0,"gold_gain":0.0,"event_name":"The Library","player_choice":"Read","floor":22.0,"gold_loss":0.0,"damage_taken":0.0,"cards_obtained":["Double Tap"]},{"cards_removed":["Doubt"],"damage_healed":0.0,"max_hp_gain":0.0,"max_hp_loss":0.0,"gold_gain":0.0,"event_name":"Back to Basics","player_choice":"Elegance","floor":28.0,"gold_loss":0.0,"damage_taken":0.0},{"damage_healed":0.0,"max_hp_gain":0.0,"max_hp_loss":0.0,"gold_gain":0.0,"event_name":"Colosseum","player_choice":"Fight","floor":31.0,"gold_loss":0.0,"damage_taken":0.0},{"damage_healed":0.0,"max_hp_gain":0.0,"max_hp_loss":0.0,"gold_gain":0.0,"event_name":"Colosseum","player_choice":"Fought Nobs","floor":31.0,"gold_loss":0.0,"damage_taken":0.0},{"damage_healed":0.0,"max_hp_gain":0.0,"max_hp_loss":0.0,"gold_gain":0.0,"event_name":"Designer","player_choice":"Upgrade","floor":37.0,"gold_loss":50.0,"damage_taken":0.0,"cards_upgraded":["Offering"]},{"damage_healed":0.0,"max_hp_gain":0.0,"max_hp_loss":0.0,"gold_gain":0.0,"event_name":"Mysterious Sphere","player_choice":"Fight","floor":39.0,"gold_loss":0.0,"damage_taken":0.0},{"cards_removed":["Defend_R"],"damage_healed":0.0,"max_hp_gain":0.0,"max_hp_loss":0.0,"gold_gain":0.0,"event_name":"Falling","player_choice":"Removed Skill","floor":48.0,"gold_loss":0.0,"damage_taken":0.0}],"is_beta":false,"boss_relics":[{"not_picked":["Pandora\u0027s Box","Coffee Dripper"],"picked":"Snecko Eye"},{"not_picked":["Tiny House","Fusion Hammer"],"picked":"Eternal Feather"}],"items_purged_floors":[14],"is_endless":false,"potions_floor_spawned":[6,8,11,21,24,27,31,35,38,45],"ascension_level":18}