{"gold_per_floor":[115,115,47,222,322,351,351,370,370,385,413,22,22,37,37,139,139,149,149,149,161,177,177],"floor_reached":23,"playtime":1327,"items_purged":["Doubt"],"score":224,"play_id":"8fc0db11-6ce2-470a-a296-ed4834e4f7de","local_time":"20190217142659","is_ascension_mode":false,"campfire_choices":[{"data":"Loop","floor":7,"key":"SMITH"},{"floor":13,"key":"REST"},{"floor":15,"key":"REST"}],"neow_cost":"NONE","seed_source_timestamp":72190164941510,"circlet_count":0,"master_deck":["Strike_B","Strike_B","Strike_B","Strike_B","Defend_B","Defend_B","Defend_B","Defend_B","Zap","Dualcast","Cold Snap","Self Repair","Loop+1","Static Discharge","Electrodynamics","Reinforced Body","Ball Lightning+1","Loop","Darkness","Double Energy","Machine Learning","Ball Lightning+1","Conserve Battery","Sunder+1"],"relics":["Cracked Core","FaceOfCleric","Nunchaku","Molten Egg 2","Ornamental Fan","Happy Flower","Runic Pyramid"],"potions_floor_usage":[],"damage_taken":[{"damage":15,"enemies":"Small Slimes","floor":1,"turns":3},{"damage":35,"enemies":"Gremlin Nob","floor":6,"turns":5},{"damage":7,"enemies":"Cultist","floor":8,"turns":4},{"damage":16,"enemies":"2 Louse","floor":10,"turns":3},{"damage":31,"enemies":"Lagavulin","floor":11,"turns":6},{"damage":25,"enemies":"Gremlin Gang","floor":14,"turns":4},{"damage":29,"enemies":"The Guardian","floor":16,"turns":9},{"damage":22,"enemies":"3 Byrds","floor":18,"turns":3},{"damage":13,"enemies":"Spheric Guardian","floor":21,"turns":4},{"damage":25,"enemies":"Snake Plant","floor":22,"turns":4},{"damage":52,"enemies":"Slavers","floor":23,"turns":3}],"seed_played":"1003259948226067321","potions_obtained":[{"floor":1,"key":"Strength Potion"},{"floor":8,"key":"Ancient Potion"},{"floor":10,"key":"Energy Potion"},{"floor":16,"key":"EssenceOfSteel"},{"floor":18,"key":"SteroidPotion"}],"is_trial":false,"path_per_floor":["M","?","$","?","?","E","R","M","T","M","E","$","R","M","R","B",null,"M","?","?","M","M","E"],"character_chosen":"DEFECT","items_purchased":["Self Repair","Ball Lightning+1","Loop","Darkness","Happy Flower"],"campfire_rested":2,"item_purchase_floors":[3,12,12,12,12],"current_hp_per_floor":[67,67,67,67,67,40,40,41,41,33,10,10,35,18,44,23,88,74,74,74,62,45,0],"gold":177,"neow_bonus":"TEN_PERCENT_HP_BONUS","is_prod":false,"is_daily":false,"chose_seed":false,"campfire_upgraded":1,"win_rate":0.0,"timestamp":1550435219,"path_taken":["M","?","?","?","?","E","R","?","T","M","E","?","R","?","R","BOSS","M","?","?","M","M","E"],"build_version":"2019-01-23","purchased_purges":1,"victory":false,"max_hp_per_floor":[82,82,82,82,82,83,83,84,84,85,86,86,86,87,87,88,88,89,89,89,90,91,91],"card_choices":[{"not_picked":["Auto Shields","Go for the Eyes"],"picked":"Cold Snap","floor":1},{"not_picked":["Steam","Skim"],"picked":"Loop","floor":6},{"not_picked":["Auto Shields","Stack"],"picked":"Static Discharge","floor":8},{"not_picked":["Coolheaded","Rebound+1"],"picked":"Electrodynamics","floor":10},{"not_picked":["Compile Driver+1","Beam Cell+1"],"picked":"Reinforced Body","floor":11},{"not_picked":["Compile Driver+1","Reinforced Body"],"picked":"Double Energy","floor":14},{"not_picked":["Biased Cognition","Buffer"],"picked":"Machine Learning","floor":16},{"not_picked":["Gash+1","Go for the Eyes+1"],"picked":"Ball Lightning+1","floor":18},{"not_picked":["Fusion+1","Lockon+1"],"picked":"Conserve Battery","floor":21},{"not_picked":["Go for the Eyes+1","Cold Snap+1"],"picked":"Sunder+1","floor":22}],"player_experience":15793,"relics_obtained":[{"floor":6,"key":"Nunchaku"},{"floor":9,"key":"Molten Egg 2"},{"floor":11,"key":"Ornamental Fan"}],"event_choices":[{"damage_healed":0,"gold_gain":0,"player_choice":"Trade","damage_taken":0,"relics_obtained":["FaceOfCleric"],"max_hp_gain":0,"max_hp_loss":0,"event_name":"FaceTrader","floor":2,"gold_loss":0},{"damage_healed":0,"gold_gain":175,"player_choice":"AGREE","damage_taken":0,"max_hp_gain":0,"max_hp_loss":0,"event_name":"Liars Game","floor":4,"gold_loss":0,"cards_obtained":["Doubt"]},{"damage_healed":0,"gold_gain":100,"player_choice":"Pray","damage_taken":0,"max_hp_gain":0,"max_hp_loss":0,"event_name":"Golden Shrine","floor":5,"gold_loss":0},{"damage_healed":0,"gold_gain":0,"player_choice":"Ignored","damage_taken":0,"max_hp_gain":0,"max_hp_loss":0,"event_name":"Vampires","floor":19,"gold_loss":0},{"damage_healed":0,"gold_gain":0,"player_choice":"Got Potions","damage_taken":0,"max_hp_gain":0,"max_hp_loss":0,"event_name":"Lab","floor":20,"gold_loss":0}],"is_beta":false,"boss_relics":[{"not_picked":["Sozu","Busted Crown"],"picked":"Runic Pyramid"}],"items_purged_floors":[12],"is_endless":false,"potions_floor_spawned":[1,8,10,16,18,21],"killed_by":"Slavers","ascension_level":0}