{"gold_per_floor":[119,194,206,83,98,98,115,148,148,174,174,31,31,48,48,145,145,160,140,159,172,172,172,198,198,198,226,226,226,62,81,81,184,184,194,155,167,167],"floor_reached":38,"playtime":2052,"items_purged":[],"score":492,"play_id":"24016a75-ed2b-40af-8694-70789f1b591c","local_time":"20190507072553","is_ascension_mode":true,"campfire_choices":[{"floor":6.0,"key":"REST"},{"floor":11.0,"key":"REST"},{"floor":15.0,"key":"REST"},{"floor":23.0,"key":"REST"},{"floor":25.0,"key":"REST"},{"floor":32.0,"key":"REST"}],"neow_cost":"NONE","seed_source_timestamp":0,"circlet_count":0,"master_deck":["Defend_G","Defend_G","Defend_G","Defend_G","Defend_G","Strike_G+1","Strike_G","Strike_G","Strike_G","Strike_G","Survivor","Neutralize","Poisoned Stab+1","Escape Plan","Die Die Die","Noxious Fumes","Concentrate","Well Laid Plans","Distraction","Corpse Explosion","Footwork+1","Backflip+1","Terror+1","Crippling Poison","Deadly Poison","Footwork","Blur","Deadly Poison","Corpse Explosion","Infinite Blades","Tactician"],"special_seed":0,"relics":["Fusion Hammer","Tiny Chest","Tough Bandages","Torii","Bottled Tornado","Boot","Runic Pyramid","Matryoshka","Whetstone","Pen Nib","Smiling Mask","Bag of Marbles","PreservedInsect","Orichalcum","Sozu"],"potions_floor_usage":[],"damage_taken":[{"damage":0.0,"enemies":"2 Louse","floor":1.0,"turns":4.0},{"damage":7.0,"enemies":"Jaw Worm","floor":3.0,"turns":4.0},{"damage":0.0,"enemies":"Small Slimes","floor":5.0,"turns":3.0},{"damage":0.0,"enemies":"Blue Slaver","floor":7.0,"turns":4.0},{"damage":23.0,"enemies":"Lagavulin","floor":8.0,"turns":7.0},{"damage":30.0,"enemies":"Gremlin Nob","floor":10.0,"turns":4.0},{"damage":0.0,"enemies":"3 Louse","floor":14.0,"turns":1.0},{"damage":46.0,"enemies":"The Guardian","floor":16.0,"turns":13.0},{"damage":0.0,"enemies":"Chosen","floor":18.0,"turns":5.0},{"damage":18.0,"enemies":"Spheric Guardian","floor":20.0,"turns":4.0},{"damage":1.0,"enemies":"Centurion and Healer","floor":21.0,"turns":4.0},{"damage":20.0,"enemies":"Book of Stabbing","floor":24.0,"turns":6.0},{"damage":7.0,"enemies":"Gremlin Leader","floor":27.0,"turns":7.0},{"damage":13.0,"enemies":"Sentry and Sphere","floor":31.0,"turns":6.0},{"damage":26.0,"enemies":"Champ","floor":33.0,"turns":13.0},{"damage":18,"enemies":"3 Shapes","floor":35,"turns":4},{"damage":16,"enemies":"3 Darklings","floor":37,"turns":3},{"damage":36,"enemies":"4 Shapes","floor":38,"turns":2}],"seed_played":"6727713673242375270","potions_obtained":[{"floor":8.0,"key":"FearPotion"},{"floor":10.0,"key":"Explosive Potion"},{"floor":16.0,"key":"Swift Potion"},{"floor":18.0,"key":"FearPotion"},{"floor":19.0,"key":"SteroidPotion"},{"floor":21.0,"key":"SteroidPotion"},{"floor":24.0,"key":"SkillPotion"},{"floor":33.0,"key":"Explosive Potion"}],"is_trial":false,"path_per_floor":["M","?","M","$","M","R","M","E","T","E","R","$","?","M","R","B",null,"M","?","M","M","?","R","E","R","T","E","?","T","$","M","R","B",null,"M","$","M","M"],"character_chosen":"THE_SILENT","items_purchased":["Tiny Chest","Boot","Footwork","Blur","Deadly Poison","Infinite Blades"],"campfire_rested":6,"item_purchase_floors":[4,12,30,30,30,36],"current_hp_per_floor":[70,59,52,52,52,70,70,47,47,17,38,38,61,61,70,24,70,70,70,52,51,51,70,50,70,70,63,63,63,63,50,70,44,70,52,52,36,0],"gold":167,"neow_bonus":"BOSS_RELIC","is_prod":false,"is_daily":false,"chose_seed":false,"campfire_upgraded":0,"win_rate":0,"timestamp":1557228353,"path_taken":["M","?","M","$","M","R","M","E","T","E","R","?","?","M","R","BOSS","M","?","?","M","?","R","E","R","T","E","?","?","$","M","R","BOSS","M","$","M","M"],"build_version":"2019-01-23","purchased_purges":0,"victory":false,"max_hp_per_floor":[70,70,70,70,70,70,70,70,70,70,70,70,70,70,70,70,70,70,70,70,70,70,70,70,70,70,70,70,70,70,70,70,70,70,70,70,70,70],"card_choices":[{"not_picked":["Slice","Blade Dance"],"picked":"Poisoned Stab","floor":1.0},{"not_picked":["All Out Attack","Calculated Gamble"],"picked":"Escape Plan","floor":3.0},{"not_picked":["Predator","Blade Dance"],"picked":"Die Die Die","floor":5.0},{"not_picked":["Slice","Acrobatics"],"picked":"Noxious Fumes","floor":7.0},{"not_picked":["Slice","Riddle With Holes"],"picked":"Concentrate","floor":8.0},{"not_picked":["PiercingWail","Distraction"],"picked":"Well Laid Plans","floor":10.0},{"not_picked":["Prepared","Flying Knee"],"picked":"Distraction","floor":14.0},{"not_picked":["Venomology","Tools of the Trade"],"picked":"Corpse Explosion","floor":16.0},{"not_picked":["Eviscerate","Flying Knee"],"picked":"Footwork+1","floor":18.0},{"not_picked":["Sucker Punch","Predator+1"],"picked":"Backflip+1","floor":20.0},{"not_picked":["Choke+1","Prepared+1"],"picked":"Terror+1","floor":21.0},{"not_picked":["Slice","Blade Dance"],"picked":"Crippling Poison","floor":24.0},{"not_picked":["Grand Finale","Slice+1"],"picked":"Deadly Poison","floor":27.0},{"not_picked":["PiercingWail+1","Backflip","Accuracy"],"picked":"SKIP","floor":31.0},{"not_picked":["A Thousand Cuts","Tools of the Trade"],"picked":"Corpse Explosion","floor":33.0},{"not_picked":["Dagger Spray+1","Riddle With Holes+1","Flying Knee+1"],"picked":"SKIP","floor":35},{"not_picked":["Sucker Punch","Flying Knee+1"],"picked":"Tactician","floor":37}],"player_experience":121974,"relics_obtained":[{"floor":8.0,"key":"Tough Bandages"},{"floor":9.0,"key":"Torii"},{"floor":10.0,"key":"Bottled Tornado"},{"floor":24.0,"key":"Matryoshka"},{"floor":26.0,"key":"Whetstone"},{"floor":26.0,"key":"Pen Nib"},{"floor":27.0,"key":"Smiling Mask"},{"floor":29.0,"key":"PreservedInsect"},{"floor":29.0,"key":"Orichalcum"}],"event_choices":[{"damage_healed":0.0,"max_hp_gain":0.0,"max_hp_loss":0.0,"gold_gain":75.0,"event_name":"World of Goop","player_choice":"Gather Gold","floor":2.0,"gold_loss":0.0,"damage_taken":11.0},{"damage_healed":23.0,"max_hp_gain":0.0,"max_hp_loss":0.0,"gold_gain":0.0,"event_name":"Big Fish","player_choice":"Banana","floor":13.0,"gold_loss":0.0,"damage_taken":0.0},{"damage_healed":0.0,"max_hp_gain":0.0,"max_hp_loss":0.0,"gold_gain":0.0,"event_name":"The Woman in Blue","player_choice":"Bought 1 Potion","floor":19.0,"gold_loss":0.0,"damage_taken":0.0},{"damage_healed":0.0,"max_hp_gain":0.0,"max_hp_loss":0.0,"gold_gain":0.0,"event_name":"Vampires","player_choice":"Ignored","floor":22.0,"gold_loss":0.0,"damage_taken":0.0},{"damage_healed":0.0,"max_hp_gain":0.0,"max_hp_loss":0.0,"gold_gain":0.0,"event_name":"The Mausoleum","player_choice":"Opened","floor":28.0,"gold_loss":0.0,"damage_taken":0.0,"relics_obtained":["Bag of Marbles"]}],"is_beta":false,"boss_relics":[{"not_picked":["Velvet Choker","Coffee Dripper"],"picked":"Runic Pyramid"},{"not_picked":["Astrolabe","Orrery"],"picked":"Sozu"}],"items_purged_floors":[],"is_endless":false,"potions_floor_spawned":[8,10,16,18,21,24,33,37],"killed_by":"4 Shapes","ascension_level":2}