{"gold_per_floor":[119,119,119,139,155,155,174,174,227,227,46,96,114,130,130,206,206,187,102,115,115,40,69,69,69,69,39,39],"floor_reached":28,"playtime":691,"items_purged":["Defend_G"],"score":396,"play_id":"be0a40ff-d101-4530-a4d4-b7bffc28d7c9","local_time":"20190303174107","is_ascension_mode":true,"campfire_choices":[{"data":"Neutralize","floor":6,"key":"SMITH"},{"data":"Tactician","floor":8,"key":"SMITH"},{"floor":15,"key":"REST"},{"data":"Calculated Gamble","floor":24,"key":"SMITH"}],"neow_cost":"NONE","seed_source_timestamp":82107591026575,"circlet_count":0,"master_deck":["AscendersBane","Defend_G","Defend_G","Defend_G","Defend_G","Strike_G","Strike_G","Survivor","Neutralize+1","Tactician+1","Grand Finale","Deflect","Well Laid Plans","Bouncing Flask","Quick Slash","Backflip+1","Crippling Poison+1","Acrobatics","Calculated Gamble+1","Decay","Footwork"],"relics":["Ring of the Snake","Regal Pillow","Lantern","Bronze Scales","Philosopher\u0027s Stone","Matryoshka","The Courier","PreservedInsect","Toxic Egg 2"],"potions_floor_usage":[13,16,23,28,28],"damage_taken":[{"damage":16,"enemies":"Jaw Worm","floor":1,"turns":6},{"damage":0,"enemies":"2 Louse","floor":4,"turns":4},{"damage":12,"enemies":"Cultist","floor":5,"turns":6},{"damage":11,"enemies":"Lots of Slimes","floor":7,"turns":9},{"damage":1,"enemies":"Blue Slaver","floor":13,"turns":3},{"damage":5,"enemies":"3 Louse","floor":14,"turns":4},{"damage":11,"enemies":"Slime Boss","floor":16,"turns":7},{"damage":26,"enemies":"2 Thieves","floor":18,"turns":4},{"damage":7,"enemies":"3 Byrds","floor":20,"turns":5},{"damage":14,"enemies":"Gremlin Leader","floor":23,"turns":5},{"damage":20,"enemies":"Slavers","floor":28,"turns":1}],"seed_played":"3762685472538919572","potions_obtained":[{"floor":1,"key":"Weak Potion"},{"floor":5,"key":"Regen Potion"},{"floor":14,"key":"Explosive Potion"},{"floor":20,"key":"Fire Potion"},{"floor":23,"key":"Regen Potion"}],"is_trial":false,"path_per_floor":["M","?","?","M","M","R","M","R","T","?","$","?","M","M","R","B",null,"M","?","M","?","?","E","R","?","T","$","E"],"character_chosen":"THE_SILENT","items_purchased":["Well Laid Plans","Bouncing Flask","Footwork"],"campfire_rested":1,"item_purchase_floors":[11,11,27],"current_hp_per_floor":[43,38,38,38,26,26,15,15,15,15,15,9,20,15,49,38,59,33,33,26,26,26,12,12,12,12,12,0],"gold":39,"neow_bonus":"RANDOM_COMMON_RELIC","is_prod":false,"is_daily":false,"chose_seed":false,"campfire_upgraded":3,"win_rate":0,"timestamp":1551606067,"path_taken":["M","?","?","?","?","R","M","R","T","?","?","?","?","M","R","BOSS","M","?","M","?","?","E","R","?","T","?","E"],"build_version":"2019-01-23","purchased_purges":1,"victory":false,"max_hp_per_floor":[66,66,66,66,66,66,66,66,66,66,66,66,66,66,66,66,66,66,66,66,66,66,66,66,66,66,66,66],"card_choices":[{"not_picked":["Riddle With Holes","Slice","Quick Slash"],"picked":"SKIP","floor":1},{"not_picked":["Acrobatics","Prepared"],"picked":"Tactician","floor":4},{"not_picked":["Deadly Poison","Finisher"],"picked":"Grand Finale","floor":5},{"not_picked":["Bane","Endless Agony","Dodge and Roll"],"picked":"SKIP","floor":7},{"not_picked":["Flying Knee","Quick Slash","Accuracy"],"picked":"SKIP","floor":13},{"not_picked":["Well Laid Plans","Sucker Punch"],"picked":"Quick Slash","floor":14},{"not_picked":["Bane","Dash"],"picked":"Backflip+1","floor":18},{"not_picked":["Poisoned Stab","Finisher"],"picked":"Crippling Poison+1","floor":20},{"not_picked":["Dagger Throw","Slice"],"picked":"Calculated Gamble","floor":23}],"player_experience":1084332,"relics_obtained":[{"floor":9,"key":"Bronze Scales"},{"floor":23,"key":"The Courier"},{"floor":26,"key":"PreservedInsect"},{"floor":26,"key":"Toxic Egg 2"}],"event_choices":[{"damage_healed":0,"gold_gain":0,"player_choice":"Success","damage_taken":5,"relics_obtained":["Lantern"],"max_hp_gain":0,"max_hp_loss":0,"event_name":"Scrap Ooze","floor":2,"gold_loss":0},{"cards_removed":["Strike_G"],"damage_healed":0,"gold_gain":0,"player_choice":"Purged","damage_taken":0,"max_hp_gain":0,"max_hp_loss":0,"event_name":"Purifier","floor":3,"gold_loss":0},{"damage_healed":0,"gold_gain":0,"cards_transformed":["Strike_G"],"player_choice":"Change","damage_taken":0,"max_hp_gain":0,"max_hp_loss":0,"event_name":"Living Wall","floor":10,"gold_loss":0,"cards_obtained":["Deflect"]},{"damage_healed":0,"gold_gain":50,"player_choice":"Touch","damage_taken":6,"max_hp_gain":0,"max_hp_loss":0,"event_name":"FaceTrader","floor":12,"gold_loss":0},{"damage_healed":0,"gold_gain":0,"player_choice":"Obtained Relic","damage_taken":0,"relics_obtained":["Matryoshka"],"max_hp_gain":0,"max_hp_loss":0,"event_name":"Addict","floor":19,"gold_loss":85},{"damage_healed":0,"gold_gain":0,"player_choice":"Read","damage_taken":0,"max_hp_gain":0,"max_hp_loss":0,"event_name":"The Library","floor":21,"gold_loss":0,"cards_obtained":["Acrobatics"]},{"cards_removed":["Strike_G"],"damage_healed":0,"gold_gain":0,"player_choice":"Gave Gold","damage_taken":0,"max_hp_gain":0,"max_hp_loss":0,"event_name":"Beggar","floor":22,"gold_loss":75},{"damage_healed":0,"gold_gain":0,"player_choice":"Smashed Altar","damage_taken":0,"max_hp_gain":0,"max_hp_loss":0,"event_name":"Forgotten Altar","floor":25,"gold_loss":0,"cards_obtained":["Decay"]}],"is_beta":false,"boss_relics":[{"not_picked":["Cursed Key","Ectoplasm"],"picked":"Philosopher\u0027s Stone"}],"items_purged_floors":[11],"is_endless":false,"potions_floor_spawned":[1,5,14,20,23],"killed_by":"Slavers","ascension_level":15}