{"gold_per_floor":[117,117,117,117,135,153,153,187,187,207,207,222,222],"floor_reached":13,"playtime":751,"items_purged":[],"score":85,"play_id":"755fcf12-6036-474d-8685-a86b4f214902","local_time":"20190402212539","is_ascension_mode":false,"campfire_choices":[{"floor":7,"key":"RECALL"}],"neow_cost":"NONE","seed_source_timestamp":15580534683756,"circlet_count":0,"master_deck":["Strike_B","Strike_B","Strike_B","Defend_B","Defend_B","Defend_B","Defend_B","Zap","Dualcast","Seek","Glacier","Blizzard","Injury","Beam Cell","Lockon","Meteor Strike","White Noise","Doom and Gloom","Defragment"],"relics":["Cracked Core","Golden Idol","CultistMask","Peace Pipe","Prayer Wheel"],"potions_floor_usage":[8],"damage_taken":[{"damage":1,"enemies":"Jaw Worm","floor":1,"turns":4},{"damage":0,"enemies":"Small Slimes","floor":5,"turns":3},{"damage":0,"enemies":"Cultist","floor":6,"turns":4},{"damage":14,"enemies":"Gremlin Nob","floor":8,"turns":4},{"damage":31,"enemies":"Gremlin Gang","floor":10,"turns":6},{"damage":0,"enemies":"Large Slime","floor":12,"turns":5},{"damage":21,"enemies":"Lagavulin","floor":13,"turns":7}],"seed_played":"6054533489399647418","potions_obtained":[{"floor":5,"key":"AttackPotion"}],"is_trial":false,"path_per_floor":["M","?","?","?","M","M","R","E","T","M","?","M","E"],"character_chosen":"DEFECT","items_purchased":[],"campfire_rested":0,"item_purchase_floors":[],"current_hp_per_floor":[74,74,74,74,74,74,74,60,60,29,17,17,0],"gold":222,"neow_bonus":"ONE_RANDOM_RARE_CARD","is_prod":false,"is_daily":false,"chose_seed":false,"campfire_upgraded":0,"win_rate":0,"timestamp":1554265539,"path_taken":["M","?","?","?","?","?","R","E","T","M","?","M","E"],"build_version":"2019-01-23","purchased_purges":0,"victory":false,"max_hp_per_floor":[75,75,75,75,75,75,75,75,75,75,75,75,75],"card_choices":[{"not_picked":["Gash","Tempest"],"picked":"Glacier","floor":1},{"not_picked":["Stack","Steam"],"picked":"Beam Cell","floor":5},{"not_picked":["Genetic Algorithm","Recycle"],"picked":"Lockon","floor":6},{"not_picked":["Auto Shields","Genetic Algorithm"],"picked":"Meteor Strike","floor":8},{"not_picked":["Melter","FTL"],"picked":"White Noise","floor":10},{"not_picked":["Rebound","Beam Cell"],"picked":"Doom and Gloom","floor":12},{"not_picked":["Compile Driver","Turbo"],"picked":"Defragment","floor":12}],"player_experience":480973,"relics_obtained":[{"floor":8,"key":"Peace Pipe"}],"event_choices":[{"damage_healed":0,"gold_gain":0,"cards_transformed":["Strike_B"],"player_choice":"Change","damage_taken":0,"max_hp_gain":0,"max_hp_loss":0,"event_name":"Living Wall","floor":2,"gold_loss":0,"cards_obtained":["Blizzard"]},{"damage_healed":0,"gold_gain":0,"player_choice":"Take Wound","damage_taken":0,"relics_obtained":["Golden Idol"],"max_hp_gain":0,"max_hp_loss":0,"event_name":"Golden Idol","floor":3,"gold_loss":0,"cards_obtained":["Injury"]},{"damage_healed":0,"gold_gain":0,"player_choice":"Trade","damage_taken":0,"relics_obtained":["CultistMask"],"max_hp_gain":0,"max_hp_loss":0,"event_name":"FaceTrader","floor":4,"gold_loss":0},{"damage_healed":0,"gold_gain":0,"player_choice":"Success","damage_taken":12,"relics_obtained":["Prayer Wheel"],"max_hp_gain":0,"max_hp_loss":0,"event_name":"Scrap Ooze","floor":11,"gold_loss":0}],"is_beta":false,"boss_relics":[],"items_purged_floors":[],"is_endless":false,"potions_floor_spawned":[5],"killed_by":"Lagavulin","ascension_level":0}