{"gold_per_floor":[213,57,57,72,72,72,72,104,183,197,216,216,228,242,242,320,320,337,354,354,404,428,462,462,473,473,508,508,528,528,542,542,621,621,636,636,526,544,558,558,583,583,583,600,600,617,587,43,43,43],"floor_reached":51,"playtime":1939,"items_purged":["Strike_R","Bash+1"],"score":1461,"play_id":"9ff782b1-9888-4f0c-87a5-3ace13b7daba","local_time":"20190307153259","is_ascension_mode":true,"campfire_choices":[{"data":"Searing Blow","floor":6,"key":"SMITH"},{"data":"Searing Blow+1","floor":12,"key":"SMITH"},{"data":"Searing Blow+2","floor":15,"key":"SMITH"},{"data":"Searing Blow+3","floor":24,"key":"SMITH"},{"data":"Searing Blow+4","floor":28,"key":"SMITH"},{"data":"Searing Blow+5","floor":30,"key":"SMITH"},{"data":"Searing Blow+6","floor":32,"key":"SMITH"},{"data":"Searing Blow+7","floor":40,"key":"SMITH"},{"data":"Barricade","floor":42,"key":"SMITH"},{"data":"Searing Blow+9","floor":45,"key":"SMITH"},{"data":"Searing Blow+10","floor":49,"key":"SMITH"}],"neow_cost":"NONE","seed_source_timestamp":418764834361191,"circlet_count":0,"master_deck":["AscendersBane","Defend_R","Defend_R","Defend_R","Defend_R+1","Feel No Pain","Second Wind","Searing Blow+11","Armaments","Battle Trance","True Grit","Barricade+1","Armaments+1","Shockwave+1","Offering+1","Power Through","Impervious"],"relics":["Burning Blood","Mango","The Courier","Runic Dome","Bag of Marbles","Regal Pillow","Pantograph","Pear","Empty Cage","Whetstone","Potion Belt","Ornamental Fan"],"potions_floor_usage":[18,23,38,50,50,50,50],"damage_taken":[{"damage":10,"enemies":"Small Slimes","floor":1,"turns":5},{"damage":2,"enemies":"Jaw Worm","floor":4,"turns":4},{"damage":24,"enemies":"3 Sentries","floor":8,"turns":10},{"damage":0,"enemies":"2 Louse","floor":10,"turns":3},{"damage":18,"enemies":"Blue Slaver","floor":11,"turns":6},{"damage":0,"enemies":"Looter","floor":13,"turns":3},{"damage":8,"enemies":"Exordium Wildlife","floor":14,"turns":4},{"damage":24,"enemies":"Hexaghost","floor":16,"turns":12},{"damage":28,"enemies":"3 Byrds","floor":18,"turns":8},{"damage":7,"enemies":"Spheric Guardian","floor":19,"turns":5},{"damage":23,"enemies":"Gremlin Leader","floor":23,"turns":10},{"damage":0,"enemies":"Chosen and Byrds","floor":25,"turns":8},{"damage":27,"enemies":"Book of Stabbing","floor":27,"turns":8},{"damage":12,"enemies":"Snake Plant","floor":29,"turns":4},{"damage":7,"enemies":"Cultist and Chosen","floor":31,"turns":9},{"damage":6,"enemies":"Champ","floor":33,"turns":9},{"damage":19,"enemies":"3 Shapes","floor":35,"turns":5},{"damage":13,"enemies":"3 Darklings","floor":38,"turns":7},{"damage":11,"enemies":"Writhing Mass","floor":39,"turns":4},{"damage":30,"enemies":"Reptomancer","floor":41,"turns":6},{"damage":12,"enemies":"Sphere and 2 Shapes","floor":44,"turns":4},{"damage":6,"enemies":"Transient","floor":46,"turns":5},{"damage":6,"enemies":"Awakened One","floor":50,"turns":7}],"seed_played":"4311498423828261976","potions_obtained":[{"floor":1,"key":"SteroidPotion"},{"floor":8,"key":"Poison Potion"},{"floor":18,"key":"Fire Potion"},{"floor":23,"key":"Ancient Potion"},{"floor":33,"key":"SkillPotion"},{"floor":39,"key":"EssenceOfSteel"},{"floor":47,"key":"SteroidPotion"},{"floor":47,"key":"BloodPotion"}],"is_trial":false,"path_per_floor":["M","$","?","M","?","R","?","E","T","M","M","R","M","M","R","B",null,"M","M","?","?","T","E","R","M","T","E","R","M","R","M","R","B",null,"M","?","?","M","M","R","E","R","T","M","R","M","?","$","R","B",null],"character_chosen":"IRONCLAD","items_purchased":["Second Wind","Impervious","Ornamental Fan","GamblersBrew","Swift Potion","Dexterity Potion"],"campfire_rested":0,"item_purchase_floors":[2,48,48,48,48,48],"current_hp_per_floor":[64,64,64,68,73,73,49,45,45,51,39,39,45,43,43,25,77,55,54,54,54,54,37,37,43,43,32,32,26,26,25,25,50,91,78,78,78,71,66,66,42,42,42,36,36,36,36,36,36,61],"gold":43,"neow_bonus":"HUNDRED_GOLD","is_prod":false,"is_daily":false,"chose_seed":false,"campfire_upgraded":11,"win_rate":0,"timestamp":1551943979,"path_taken":["M","$","?","M","?","R","?","E","T","?","M","R","M","M","R","BOSS","M","M","?","?","?","E","R","M","T","E","R","M","R","M","R","BOSS","M","?","?","M","M","R","E","R","T","?","R","?","?","$","R","BOSS"],"build_version":"2019-01-23","purchased_purges":2,"victory":true,"max_hp_per_floor":[75,75,75,75,80,80,80,94,94,94,94,94,94,94,94,94,94,94,94,94,94,94,94,94,94,94,104,104,104,104,104,104,104,104,104,104,104,104,104,104,104,104,104,104,104,104,104,104,104,104],"card_choices":[{"not_picked":["Sever Soul","Clash"],"picked":"Feel No Pain","floor":1},{"not_picked":["Perfected Strike","Cleave"],"picked":"Searing Blow","floor":4},{"not_picked":["Perfected Strike","Iron Wave","Armaments"],"picked":"SKIP","floor":8},{"not_picked":["Perfected Strike","Iron Wave"],"picked":"Armaments","floor":8},{"not_picked":["Thunderclap","Cleave","Rage"],"picked":"SKIP","floor":10},{"not_picked":["Flex","Combust"],"picked":"Battle Trance","floor":11},{"not_picked":["Brutality","Anger"],"picked":"True Grit","floor":13},{"not_picked":["Shrug It Off","Pummel","Pommel Strike"],"picked":"SKIP","floor":14},{"not_picked":["Dark Embrace","Impervious"],"picked":"Barricade","floor":16},{"not_picked":["Clothesline","Headbutt"],"picked":"Armaments+1","floor":18},{"not_picked":["Body Slam","Exhume","Dual Wield+1"],"picked":"SKIP","floor":19},{"not_picked":["Disarm","Carnage"],"picked":"Shockwave+1","floor":23},{"not_picked":["Shrug It Off","Battle Trance","Thunderclap"],"picked":"SKIP","floor":25},{"not_picked":["Flex","Heavy Blade","Headbutt"],"picked":"SKIP","floor":27},{"not_picked":["Pommel Strike","Warcry","Heavy Blade"],"picked":"SKIP","floor":29},{"not_picked":["Reckless Charge+1","Uppercut"],"picked":"Offering","floor":31},{"not_picked":["Warcry","Heavy Blade","Twin Strike"],"picked":"SKIP","floor":35},{"not_picked":["Fire Breathing","Spot Weakness","Clothesline"],"picked":"SKIP","floor":38},{"not_picked":["Rupture","Demon Form","Heavy Blade+1"],"picked":"SKIP","floor":39},{"not_picked":["Clothesline","Shrug It Off","Flex+1"],"picked":"SKIP","floor":41},{"not_picked":["Wild Strike","True Grit"],"picked":"Power Through","floor":44},{"not_picked":["Whirlwind","Battle Trance","True Grit+1"],"picked":"SKIP","floor":46}],"player_experience":1146076,"relics_obtained":[{"floor":8,"key":"Mango"},{"floor":9,"key":"The Courier"},{"floor":22,"key":"Bag of Marbles"},{"floor":23,"key":"Regal Pillow"},{"floor":26,"key":"Pantograph"},{"floor":27,"key":"Pear"},{"floor":41,"key":"Whetstone"},{"floor":43,"key":"Potion Belt"}],"event_choices":[{"damage_healed":0,"gold_gain":0,"player_choice":"Ignored","damage_taken":0,"max_hp_gain":0,"max_hp_loss":0,"event_name":"Liars Game","floor":3,"gold_loss":0},{"damage_healed":0,"gold_gain":0,"player_choice":"Donut","damage_taken":0,"max_hp_gain":5,"max_hp_loss":0,"event_name":"Big Fish","floor":5,"gold_loss":0},{"damage_healed":0,"gold_gain":0,"player_choice":"Entered Light","damage_taken":24,"max_hp_gain":0,"max_hp_loss":0,"event_name":"Shining Light","floor":7,"gold_loss":0,"cards_upgraded":["Defend_R","Strike_R"]},{"cards_removed":["Strike_R"],"damage_healed":0,"gold_gain":0,"player_choice":"Elegance","damage_taken":0,"max_hp_gain":0,"max_hp_loss":0,"event_name":"Back to Basics","floor":20,"gold_loss":0},{"damage_healed":0,"gold_gain":50,"player_choice":"Stole From Cult","damage_taken":0,"max_hp_gain":0,"max_hp_loss":0,"event_name":"Nest","floor":21,"gold_loss":0},{"damage_healed":0,"gold_gain":0,"player_choice":"Ignored","damage_taken":0,"max_hp_gain":0,"max_hp_loss":0,"event_name":"Tomb of Lord Red Mask","floor":36,"gold_loss":0},{"cards_removed":["Strike_R"],"damage_healed":0,"gold_gain":0,"player_choice":"Upgrade and Remove","damage_taken":0,"max_hp_gain":0,"max_hp_loss":0,"event_name":"Designer","floor":37,"gold_loss":110,"cards_upgraded":["Offering"]},{"damage_healed":0,"gold_gain":0,"player_choice":"Bought 2 Potions","damage_taken":0,"max_hp_gain":0,"max_hp_loss":0,"event_name":"The Woman in Blue","floor":47,"gold_loss":0}],"is_beta":false,"boss_relics":[{"not_picked":["Velvet Choker","Black Blood"],"picked":"Runic Dome"},{"not_picked":["Snecko Eye","Sozu"],"picked":"Empty Cage"}],"items_purged_floors":[2,48],"is_endless":false,"potions_floor_spawned":[1,8,18,23,25,31,33,35,39],"ascension_level":15}