{"gold_per_floor":[16,16,16,34,46,80,80,93,93,123,123,93,93,110,110,207,207,224,243,269,269,269],"floor_reached":22,"playtime":1324,"items_purged":[],"score":194,"play_id":"bf57b4ca-6998-4d37-81cd-5b7695ba8c26","local_time":"20190502155337","is_ascension_mode":false,"campfire_choices":[{"floor":7,"key":"REST"},{"floor":13,"key":"REST"},{"floor":15,"key":"REST"}],"neow_cost":"NO_GOLD","seed_source_timestamp":526288821150367,"circlet_count":0,"master_deck":["Strike_B","Strike_B","Strike_B","Strike_B","Defend_B","Defend_B","Defend_B","Defend_B","Zap","Dualcast","Go for the Eyes","Heatsinks","Multi-Cast","FTL","Conserve Battery","Reprogram","Gash","Echo Form","Defragment","Gash","Genetic Algorithm+1"],"relics":["Cracked Core","Cables","StoneCalendar","Anchor","Kunai","Sozu","Red Mask"],"potions_floor_usage":[6,16,16,16,18,18,20],"damage_taken":[{"damage":1,"enemies":"Cultist","floor":1,"turns":3},{"damage":5,"enemies":"2 Louse","floor":4,"turns":3},{"damage":2,"enemies":"Jaw Worm","floor":5,"turns":3},{"damage":49,"enemies":"3 Sentries","floor":6,"turns":7},{"damage":13,"enemies":"3 Louse","floor":8,"turns":2},{"damage":32,"enemies":"Lagavulin","floor":10,"turns":7},{"damage":10,"enemies":"Large Slime","floor":14,"turns":4},{"damage":10,"enemies":"Hexaghost","floor":16,"turns":9},{"damage":14,"enemies":"2 Thieves","floor":18,"turns":4},{"damage":16,"enemies":"Shell Parasite","floor":19,"turns":7},{"damage":48,"enemies":"Masked Bandits","floor":20,"turns":5},{"damage":21,"enemies":"Chosen and Byrds","floor":22,"turns":4}],"seed_played":"-5023583091177034523","potions_obtained":[{"floor":4,"key":"Energy Potion"},{"floor":10,"key":"PowerPotion"},{"floor":12,"key":"EntropicBrew"},{"floor":12,"key":"LiquidBronze"}],"is_trial":false,"path_per_floor":["M","?","?","M","M","E","R","M","T","E","T","?","R","M","R","B",null,"M","M","?","?","M"],"character_chosen":"DEFECT","items_purchased":[],"campfire_rested":3,"item_purchase_floors":[],"current_hp_per_floor":[88,88,88,83,81,32,58,45,45,13,13,13,39,29,55,45,89,75,59,11,11,0],"gold":269,"neow_bonus":"TWENTY_PERCENT_HP_BONUS","is_prod":false,"is_daily":false,"chose_seed":false,"campfire_upgraded":0,"win_rate":0,"timestamp":1556837617,"path_taken":["M","?","?","M","M","E","R","?","T","E","?","?","R","?","R","BOSS","M","M","?","?","M"],"build_version":"2019-01-23","purchased_purges":0,"victory":false,"max_hp_per_floor":[89,89,89,89,89,89,89,89,89,89,89,89,89,89,89,89,89,89,89,89,89,89],"card_choices":[{"not_picked":["Barrage","Sweeping Beam"],"picked":"Go for the Eyes","floor":1},{"not_picked":["Blizzard","Leap"],"picked":"Heatsinks","floor":4},{"not_picked":["Recycle","Hologram"],"picked":"Multi-Cast","floor":5},{"not_picked":["Beam Cell","Ball Lightning"],"picked":"FTL","floor":6},{"not_picked":["Skim","Steam Power"],"picked":"Conserve Battery","floor":8},{"not_picked":["Streamline","Undo"],"picked":"Reprogram","floor":10},{"not_picked":["Turbo","Cold Snap"],"picked":"Gash","floor":14},{"not_picked":["Amplify","Creative AI"],"picked":"Echo Form","floor":16},{"not_picked":["Compile Driver+1","BootSequence"],"picked":"Defragment","floor":18},{"not_picked":["Steam","Cold Snap"],"picked":"Gash","floor":19},{"not_picked":["Reprogram","Barrage"],"picked":"Genetic Algorithm+1","floor":20}],"player_experience":529811,"relics_obtained":[{"floor":6,"key":"StoneCalendar"},{"floor":10,"key":"Anchor"},{"floor":11,"key":"Kunai"},{"floor":20,"key":"Red Mask"}],"event_choices":[{"damage_healed":0,"gold_gain":0,"player_choice":"Box","damage_taken":0,"relics_obtained":["Cables"],"max_hp_gain":0,"max_hp_loss":0,"event_name":"Big Fish","floor":2,"gold_loss":0,"cards_obtained":["Regret"]},{"cards_removed":["Regret"],"damage_healed":0,"gold_gain":0,"player_choice":"Purged","damage_taken":0,"max_hp_gain":0,"max_hp_loss":0,"event_name":"Purifier","floor":3,"gold_loss":0},{"damage_healed":0,"gold_gain":0,"player_choice":"Bought 2 Potions","damage_taken":0,"max_hp_gain":0,"max_hp_loss":0,"event_name":"The Woman in Blue","floor":12,"gold_loss":0},{"damage_healed":0,"gold_gain":0,"player_choice":"Fought Bandits","damage_taken":0,"max_hp_gain":0,"max_hp_loss":0,"event_name":"Masked Bandits","floor":20,"gold_loss":0},{"damage_healed":0,"gold_gain":0,"player_choice":"Ignored","damage_taken":0,"max_hp_gain":0,"max_hp_loss":0,"event_name":"Ghosts","floor":21,"gold_loss":0}],"is_beta":false,"boss_relics":[{"not_picked":["Velvet Choker","Philosopher\u0027s Stone"],"picked":"Sozu"}],"items_purged_floors":[],"is_endless":false,"potions_floor_spawned":[4,10,16,20],"killed_by":"Chosen and Byrds","ascension_level":0}