{"gold_per_floor":[114,114,2,22,38,38,69,69,69,69],"floor_reached":10,"playtime":164,"items_purged":["Decay"],"score":73,"play_id":"939b40cb-5cc7-45e8-97fc-7af11d320065","local_time":"20190323211143","is_ascension_mode":true,"campfire_choices":[{"data":"Capacitor","floor":6,"key":"SMITH"}],"neow_cost":"NONE","seed_source_timestamp":909183978794685,"circlet_count":0,"master_deck":["Strike_B","Strike_B","Strike_B","Strike_B","Defend_B","Defend_B","Defend_B","Defend_B","Zap","Dualcast","Stack","Capacitor+1","Melter","Streamline","Compile Driver"],"relics":["Cracked Core","NeowsBlessing","Symbiotic Virus","NlothsMask"],"potions_floor_usage":[7],"damage_taken":[{"damage":0,"enemies":"2 Louse","floor":1,"turns":1},{"damage":0,"enemies":"Cultist","floor":4,"turns":1},{"damage":0,"enemies":"Small Slimes","floor":5,"turns":1},{"damage":31,"enemies":"Gremlin Nob","floor":7,"turns":5},{"damage":0,"enemies":"3 Sentries","floor":10,"turns":1}],"seed_played":"-3224023124056109889","potions_obtained":[{"floor":4,"key":"SkillPotion"}],"is_trial":false,"path_per_floor":["M","?","$","M","M","R","E","?","T","E"],"character_chosen":"DEFECT","items_purchased":["Capacitor"],"campfire_rested":0,"item_purchase_floors":[3],"current_hp_per_floor":[75,75,75,75,75,75,44,44,44,44],"gold":69,"neow_bonus":"THREE_ENEMY_KILL","is_prod":false,"is_daily":false,"chose_seed":false,"campfire_upgraded":1,"win_rate":0,"timestamp":1553400703,"path_taken":["M","?","$","?","M","R","E","?","T","E"],"build_version":"2019-01-23","purchased_purges":1,"victory":false,"max_hp_per_floor":[75,75,75,75,75,75,75,75,75,75],"card_choices":[{"not_picked":["Coolheaded","Double Energy"],"picked":"Stack","floor":1},{"not_picked":["Hologram","Cold Snap"],"picked":"Melter","floor":4},{"not_picked":["Cold Snap","Heatsinks"],"picked":"Streamline","floor":5},{"not_picked":["Static Discharge","Heatsinks"],"picked":"Compile Driver","floor":7}],"player_experience":400934,"relics_obtained":[{"floor":7,"key":"Symbiotic Virus"}],"event_choices":[{"damage_healed":0,"gold_gain":0,"player_choice":"Cursed","damage_taken":0,"max_hp_gain":0,"max_hp_loss":0,"event_name":"Wheel of Change","floor":2,"gold_loss":0,"cards_obtained":["Decay"]},{"damage_healed":0,"gold_gain":0,"player_choice":"Trade","damage_taken":0,"relics_obtained":["NlothsMask"],"max_hp_gain":0,"max_hp_loss":0,"event_name":"FaceTrader","floor":8,"gold_loss":0}],"is_beta":false,"boss_relics":[],"items_purged_floors":[3],"is_endless":false,"potions_floor_spawned":[4],"killed_by":"3 Sentries","ascension_level":2}