{"gold_per_floor":[110,4,14,25,38,38,68,68,68,68,68,88,106,150,150,239,239,263,263,188,204,228,228,228],"floor_reached":24,"playtime":806,"items_purged":[],"score":516,"play_id":"e60ac472-f94d-49c4-baa5-121e48f59377","local_time":"20190507181548","is_ascension_mode":true,"campfire_choices":[{"data":"Defragment","floor":6,"key":"SMITH"},{"data":"Coolheaded","floor":8,"key":"SMITH"},{"data":"Zap","floor":10,"key":"SMITH"},{"data":"Coolheaded","floor":15,"key":"SMITH"},{"data":"Consume","floor":23,"key":"SMITH"}],"neow_cost":"NONE","seed_source_timestamp":1105471868399268,"circlet_count":0,"master_deck":["AscendersBane","Strike_B","Strike_B","Strike_B","Defend_B","Defend_B","Defend_B","Defend_B","Zap+1","Dualcast","BootSequence","Defragment+1","Ball Lightning","Coolheaded+1","Hologram","Conserve Battery","Capacitor","Self Repair+1","Melter","Coolheaded+1","Meteor Strike","Consume+1","Turbo","Reinforced Body+1","Undo"],"relics":["Runic Dome","Bottled Tornado","Frozen Egg 2","Golden Idol","Shuriken","Coffee Dripper"],"potions_floor_usage":[16,16,21],"damage_taken":[{"damage":0,"enemies":"Cultist","floor":1,"turns":3},{"damage":1,"enemies":"2 Louse","floor":3,"turns":3},{"damage":0,"enemies":"Jaw Worm","floor":4,"turns":4},{"damage":0,"enemies":"Blue Slaver","floor":5,"turns":3},{"damage":19,"enemies":"3 Sentries","floor":7,"turns":8},{"damage":10,"enemies":"Exordium Thugs","floor":12,"turns":4},{"damage":10,"enemies":"Exordium Wildlife","floor":13,"turns":6},{"damage":21,"enemies":"Lagavulin","floor":14,"turns":6},{"damage":0,"enemies":"Slime Boss","floor":16,"turns":8},{"damage":12,"enemies":"3 Byrds","floor":18,"turns":6},{"damage":7,"enemies":"Shell Parasite","floor":21,"turns":4},{"damage":17,"enemies":"Snake Plant","floor":22,"turns":8},{"damage":59,"enemies":"Gremlin Leader","floor":24,"turns":6}],"seed_played":"-2890603810878248610","potions_obtained":[{"floor":1,"key":"Poison Potion"},{"floor":7,"key":"PowerPotion"},{"floor":18,"key":"Weak Potion"}],"is_trial":false,"path_per_floor":["M","$","M","M","M","R","E","R","T","R","?","M","M","E","R","B",null,"M","?","?","M","M","R","E"],"character_chosen":"DEFECT","items_purchased":["Defragment","Ball Lightning"],"campfire_rested":0,"item_purchase_floors":[2,2],"current_hp_per_floor":[64,64,63,63,63,63,44,44,44,44,44,34,34,23,23,33,56,54,54,54,57,50,50,0],"gold":228,"neow_bonus":"BOSS_RELIC","is_prod":false,"is_daily":false,"chose_seed":false,"campfire_upgraded":5,"win_rate":0,"timestamp":1557224148,"path_taken":["M","?","M","M","M","R","E","R","T","R","?","M","M","E","R","BOSS","M","?","?","?","M","R","E"],"build_version":"2019-01-23","purchased_purges":0,"victory":false,"max_hp_per_floor":[71,71,71,71,71,71,71,71,71,71,64,64,64,64,64,64,64,64,64,64,64,64,64,64],"card_choices":[{"not_picked":["Sweeping Beam","Streamline"],"picked":"BootSequence","floor":1},{"not_picked":["Go for the Eyes","Rebound"],"picked":"Coolheaded","floor":3},{"not_picked":["Rip and Tear","Go for the Eyes"],"picked":"Hologram","floor":4},{"not_picked":["Force Field","Loop"],"picked":"Conserve Battery","floor":5},{"not_picked":["Conserve Battery","Gash"],"picked":"Capacitor","floor":7},{"not_picked":["Sweeping Beam","Ball Lightning"],"picked":"Self Repair+1","floor":12},{"not_picked":["Steam Power","Sweeping Beam"],"picked":"Melter","floor":13},{"not_picked":["Aggregate","Redo"],"picked":"Coolheaded","floor":14},{"not_picked":["Seek","Amplify"],"picked":"Meteor Strike","floor":16},{"not_picked":["Self Repair+1","Stack"],"picked":"Consume","floor":18},{"not_picked":["Turbo","Cold Snap"],"picked":"Reinforced Body+1","floor":21},{"not_picked":["Genetic Algorithm","Auto Shields"],"picked":"Undo","floor":22}],"player_experience":1584625,"relics_obtained":[{"floor":7,"key":"Bottled Tornado"},{"floor":9,"key":"Frozen Egg 2"},{"floor":14,"key":"Shuriken"}],"event_choices":[{"damage_healed":0,"gold_gain":0,"player_choice":"Lose Max HP","damage_taken":0,"relics_obtained":["Golden Idol"],"max_hp_gain":0,"max_hp_loss":7,"event_name":"Golden Idol","floor":11,"gold_loss":0},{"damage_healed":0,"gold_gain":0,"player_choice":"Read","damage_taken":0,"max_hp_gain":0,"max_hp_loss":0,"event_name":"The Library","floor":19,"gold_loss":0,"cards_obtained":["Turbo"]},{"cards_removed":["Strike_B"],"damage_healed":0,"gold_gain":0,"player_choice":"Gave Gold","damage_taken":0,"max_hp_gain":0,"max_hp_loss":0,"event_name":"Beggar","floor":20,"gold_loss":75}],"is_beta":false,"boss_relics":[{"not_picked":["Busted Crown","Empty Cage"],"picked":"Coffee Dripper"}],"items_purged_floors":[],"is_endless":false,"potions_floor_spawned":[1,7,13,14,18],"killed_by":"Gremlin Leader","ascension_level":20}