{"gold_per_floor":[114,289,289,289,289,327,345,345,394,414,96,96,132,156,156,280,280,296,296,211,211,211,245,245,261,261,285,34,57,71,170,170,298,298,316,441,95,428,428,428],"floor_reached":41,"playtime":951,"items_purged":["Doubt"],"score":740,"play_id":"9e06f149-4029-4659-bc36-868f9ae4c7f1","local_time":"20190507013430","is_ascension_mode":false,"campfire_choices":[{"data":"Perfected Strike","floor":8,"key":"SMITH"},{"data":"Twin Strike","floor":12,"key":"SMITH"},{"data":"Heavy Blade","floor":15,"key":"SMITH"},{"data":"Perfected Strike","floor":24,"key":"SMITH"},{"data":"Perfected Strike","floor":32,"key":"SMITH"}],"neow_cost":"NONE","seed_source_timestamp":180778070021000,"circlet_count":0,"master_deck":["Strike_R","Strike_R","Strike_R","Strike_R","Strike_R","Defend_R","Defend_R","Defend_R","Defend_R","Bash","Wild Strike","Injury","Twin Strike+1","Perfected Strike+1","Inflame","Cleave","Reaper","Heavy Blade+1","Reaper","Pommel Strike","Perfected Strike+1","Wild Strike","Shrug It Off","Shrug It Off","Perfected Strike","Writhe","Thunderclap+1","Perfected Strike+1","Double Tap+1","Havoc+1","Pommel Strike"],"relics":["Burning Blood","Ancient Tea Set","Du-Vu Doll","Lantern","Bag of Marbles","Brimstone","FossilizedHelix","Orrery","MutagenicStrength","Centennial Puzzle","Pen Nib","Blood Vial","Anchor","Shuriken","Toxic Egg 2","Philosopher\u0027s Stone","Unceasing Top","Bag of Preparation","Red Skull"],"potions_floor_usage":[33,33,40,40],"damage_taken":[{"damage":6,"enemies":"Small Slimes","floor":1,"turns":3},{"damage":22,"enemies":"Gremlin Nob","floor":6,"turns":4},{"damage":0,"enemies":"2 Louse","floor":7,"turns":2},{"damage":0,"enemies":"Jaw Worm","floor":10,"turns":1},{"damage":11,"enemies":"3 Sentries","floor":13,"turns":3},{"damage":0,"enemies":"Large Slime","floor":14,"turns":1},{"damage":49,"enemies":"Hexaghost","floor":16,"turns":4},{"damage":0,"enemies":"Chosen","floor":18,"turns":3},{"damage":17,"enemies":"Slavers","floor":23,"turns":3},{"damage":0,"enemies":"Spheric Guardian","floor":25,"turns":1},{"damage":0,"enemies":"Centurion and Healer","floor":27,"turns":2},{"damage":0,"enemies":"Sentry and Sphere","floor":29,"turns":3},{"damage":0,"enemies":"3 Cultists","floor":30,"turns":3},{"damage":0,"enemies":"Collector","floor":33,"turns":2},{"damage":0,"enemies":"3 Shapes","floor":35,"turns":1},{"damage":0,"enemies":"Mind Bloom Boss Battle","floor":36,"turns":1},{"damage":46,"enemies":"Donu and Deca","floor":40,"turns":4}],"seed_played":"8431657583044349773","potions_obtained":[{"floor":7,"key":"Poison Potion"},{"floor":10,"key":"GamblersBrew"},{"floor":13,"key":"GamblersBrew"},{"floor":18,"key":"LiquidBronze"},{"floor":33,"key":"GamblersBrew"},{"floor":35,"key":"GamblersBrew"}],"is_trial":false,"path_per_floor":["M","?","?","?","?","E","M","R","T","M","$","R","E","M","R","B",null,"M","?","?","?","T","E","R","M","T","M","$","M","M","?","R","B",null,"M","?","$","?","?","B",null],"character_chosen":"IRONCLAD","items_purchased":["Brimstone","Cleave","Toxic Egg 2","Bag of Preparation","Red Skull","Pommel Strike"],"campfire_rested":0,"item_purchase_floors":[11,11,28,37,37,37],"current_hp_per_floor":[80,80,73,73,78,62,68,68,68,74,74,74,69,75,75,32,85,85,85,85,85,85,85,85,85,85,85,85,85,85,85,85,85,85,85,85,85,85,85,45],"gold":428,"neow_bonus":"RANDOM_COMMON_RELIC","is_prod":false,"is_daily":false,"chose_seed":false,"campfire_upgraded":5,"win_rate":0,"timestamp":1557207270,"path_taken":["M","?","?","?","?","E","M","R","T","M","$","R","E","M","R","BOSS","M","?","?","?","?","E","R","M","T","M","$","?","M","?","R","BOSS","M","?","$","?","?","BOSS"],"build_version":"2019-01-23","purchased_purges":1,"victory":true,"max_hp_per_floor":[80,80,80,80,85,85,85,85,85,85,85,85,85,85,85,85,85,85,85,85,85,85,85,85,85,85,85,85,85,85,85,85,85,85,85,85,85,85,85,85],"card_choices":[{"not_picked":["Searing Blow","Hemokinesis"],"picked":"Wild Strike","floor":1},{"not_picked":["Battle Trance","Clothesline"],"picked":"Twin Strike","floor":6},{"not_picked":["Havoc","Warcry"],"picked":"Perfected Strike","floor":7},{"not_picked":["Wild Strike","Anger"],"picked":"Inflame","floor":10},{"not_picked":["Disarm","Reckless Charge"],"picked":"Reaper","floor":13},{"not_picked":["Sentinel","Thunderclap"],"picked":"Heavy Blade","floor":14},{"not_picked":["Feed","Limit Break"],"picked":"Reaper","floor":16},{"not_picked":["Cleave","Dual Wield"],"picked":"Pommel Strike","floor":17},{"not_picked":["Flex","Armaments"],"picked":"Perfected Strike","floor":17},{"not_picked":["Clothesline","Anger"],"picked":"Wild Strike","floor":17},{"not_picked":["Evolve","Power Through"],"picked":"Shrug It Off","floor":17},{"not_picked":["Armaments","Feel No Pain"],"picked":"Shrug It Off","floor":17},{"not_picked":["Dark Embrace","Anger+1"],"picked":"Perfected Strike","floor":18},{"not_picked":["Corruption","Entrench","Bloodletting"],"picked":"SKIP","floor":23},{"not_picked":["Shrug It Off","Rage","Rupture+1"],"picked":"SKIP","floor":25},{"not_picked":["Flame Barrier","Warcry"],"picked":"Thunderclap+1","floor":27},{"not_picked":["Dual Wield+1","Spot Weakness+1","Rage+1"],"picked":"SKIP","floor":29},{"not_picked":["Whirlwind+1","Sword Boomerang"],"picked":"Perfected Strike","floor":30},{"not_picked":["Feed","Brutality"],"picked":"Double Tap+1","floor":33},{"not_picked":["Rampage","Blood for Blood","Fire Breathing+1"],"picked":"SKIP","floor":35},{"not_picked":["Spot Weakness+1","Shrug It Off+1"],"picked":"Havoc+1","floor":36}],"player_experience":434687,"relics_obtained":[{"floor":6,"key":"Lantern"},{"floor":9,"key":"Bag of Marbles"},{"floor":13,"key":"FossilizedHelix"},{"floor":22,"key":"Blood Vial"},{"floor":23,"key":"Anchor"},{"floor":26,"key":"Shuriken"},{"floor":36,"key":"Unceasing Top"}],"event_choices":[{"damage_healed":0,"gold_gain":175,"player_choice":"AGREE","damage_taken":0,"max_hp_gain":0,"max_hp_loss":0,"event_name":"Liars Game","floor":2,"gold_loss":0,"cards_obtained":["Doubt"]},{"damage_healed":0,"gold_gain":0,"player_choice":"Success","damage_taken":7,"relics_obtained":["Du-Vu Doll"],"max_hp_gain":0,"max_hp_loss":0,"event_name":"Scrap Ooze","floor":3,"gold_loss":0},{"damage_healed":0,"gold_gain":0,"player_choice":"Take Wound","damage_taken":0,"relics_obtained":["Golden Idol"],"max_hp_gain":0,"max_hp_loss":0,"event_name":"Golden Idol","floor":4,"gold_loss":0,"cards_obtained":["Injury"]},{"damage_healed":0,"gold_gain":0,"player_choice":"Donut","damage_taken":0,"max_hp_gain":5,"max_hp_loss":0,"event_name":"Big Fish","floor":5,"gold_loss":0},{"damage_healed":0,"gold_gain":0,"player_choice":"Inject Mutagens","damage_taken":0,"relics_obtained":["MutagenicStrength"],"max_hp_gain":0,"max_hp_loss":0,"event_name":"Drug Dealer","floor":19,"gold_loss":0},{"damage_healed":0,"gold_gain":0,"player_choice":"Obtained Relic","damage_taken":0,"relics_obtained":["Centennial Puzzle"],"max_hp_gain":0,"max_hp_loss":0,"event_name":"Addict","floor":20,"gold_loss":85},{"damage_healed":0,"gold_gain":0,"player_choice":"Opened","damage_taken":0,"relics_obtained":["Pen Nib"],"max_hp_gain":0,"max_hp_loss":0,"event_name":"The Mausoleum","floor":21,"gold_loss":0,"cards_obtained":["Writhe"]},{"damage_healed":0,"gold_gain":99,"player_choice":"Stole From Cult","damage_taken":0,"max_hp_gain":0,"max_hp_loss":0,"event_name":"Nest","floor":31,"gold_loss":0},{"damage_healed":0,"gold_gain":0,"player_choice":"Fight","damage_taken":0,"max_hp_gain":0,"max_hp_loss":0,"event_name":"MindBloom","floor":36,"gold_loss":0},{"damage_healed":0,"gold_gain":333,"player_choice":"Gave Idol","damage_taken":0,"max_hp_gain":0,"max_hp_loss":0,"event_name":"The Moai Head","floor":38,"relics_lost":["Golden Idol"],"gold_loss":0},{"damage_healed":0,"gold_gain":0,"player_choice":"Took Portal","damage_taken":0,"max_hp_gain":0,"max_hp_loss":0,"event_name":"SecretPortal","floor":39,"gold_loss":0}],"is_beta":false,"boss_relics":[{"not_picked":["Black Blood","Runic Pyramid"],"picked":"Orrery"},{"not_picked":["Fusion Hammer","Coffee Dripper"],"picked":"Philosopher\u0027s Stone"}],"items_purged_floors":[11],"is_endless":false,"potions_floor_spawned":[7,10,13,18,25,33,35],"ascension_level":0}