{"gold_per_floor":[116,116,116,140,17,48,48,68,93,109,143,143,177,202,202,328,328,346,361,386,410,443,484,484,520,520,112,112,132,132,132,132,260,260,285,305,320,343,359,397,397,441,467,467,467,482,507,507,507,507],"floor_reached":51,"playtime":1651,"items_purged":["Strike_R","Strike_R"],"score":1189,"play_id":"71d11063-ff3d-4919-991c-508953fb6eee","local_time":"20190415141109","is_ascension_mode":true,"campfire_choices":[{"data":"Flex","floor":7,"key":"SMITH"},{"data":"Sword Boomerang","floor":12,"key":"SMITH"},{"data":"Battle Trance","floor":15,"key":"SMITH"},{"data":"Limit Break","floor":30,"key":"SMITH"},{"floor":32,"key":"REST"},{"floor":44,"key":"REST"},{"floor":49,"key":"REST"}],"neow_cost":"NONE","seed_source_timestamp":365330441332700,"circlet_count":0,"master_deck":["Strike_R","Strike_R","Strike_R","Defend_R+1","Defend_R","Defend_R","Bash","Battle Trance+1","Ghostly Armor","Flex","Flex+1","Sword Boomerang+1","Flex+1","Metallicize","Limit Break+1","Sword Boomerang+1","Burning Pact","Limit Break","Feed"],"relics":["Burning Blood","NeowsBlessing","Golden Idol","Bag of Preparation","Happy Flower","Pantograph","Oddly Smooth Stone","Sozu","Red Mask","War Paint","Regal Pillow","Gambling Chip","Lantern","Matryoshka","Busted Crown","Calipers","Boot","Omamori","Ancient Tea Set"],"potions_floor_usage":[11,13,23],"damage_taken":[{"damage":0,"enemies":"2 Louse","floor":1,"turns":1},{"damage":0,"enemies":"Cultist","floor":4,"turns":1},{"damage":0,"enemies":"Gremlin Nob","floor":6,"turns":1},{"damage":2,"enemies":"Jaw Worm","floor":8,"turns":4},{"damage":6,"enemies":"2 Fungi Beasts","floor":10,"turns":3},{"damage":25,"enemies":"Lagavulin","floor":11,"turns":4},{"damage":10,"enemies":"3 Sentries","floor":13,"turns":4},{"damage":0,"enemies":"Exordium Wildlife","floor":14,"turns":1},{"damage":24,"enemies":"Slime Boss","floor":16,"turns":9},{"damage":7,"enemies":"2 Thieves","floor":18,"turns":3},{"damage":0,"enemies":"Chosen","floor":19,"turns":3},{"damage":28,"enemies":"Snecko","floor":20,"turns":5},{"damage":6,"enemies":"Centurion and Healer","floor":21,"turns":5},{"damage":28,"enemies":"Masked Bandits","floor":22,"turns":5},{"damage":10,"enemies":"Slavers","floor":23,"turns":4},{"damage":19,"enemies":"Gremlin Leader","floor":25,"turns":5},{"damage":0,"enemies":"3 Cultists","floor":29,"turns":2},{"damage":0,"enemies":"Collector","floor":33,"turns":1},{"damage":16,"enemies":"3 Shapes","floor":35,"turns":2},{"damage":21,"enemies":"3 Darklings","floor":36,"turns":3},{"damage":0,"enemies":"Jaw Worm Horde","floor":37,"turns":1},{"damage":34,"enemies":"Transient","floor":38,"turns":4},{"damage":0,"enemies":"Writhing Mass","floor":39,"turns":2},{"damage":0,"enemies":"Giant Head","floor":40,"turns":4},{"damage":42,"enemies":"Nemesis","floor":42,"turns":3},{"damage":27,"enemies":"Maw","floor":46,"turns":3},{"damage":0,"enemies":"3 Darklings","floor":47,"turns":2},{"damage":25,"enemies":"Awakened One","floor":50,"turns":4}],"seed_played":"-3111483056649789497","potions_obtained":[{"floor":8,"key":"Explosive Potion"},{"floor":10,"key":"SkillPotion"},{"floor":14,"key":"SpeedPotion"}],"is_trial":false,"path_per_floor":["M","?","?","M","$","E","R","M","T","M","E","R","E","M","R","B",null,"M","M","M","M","?","E","?","E","T","$","$","M","R","T","R","B",null,"M","M","M","M","M","E","?","E","T","R","?","M","M","?","R","B",null],"character_chosen":"IRONCLAD","items_purchased":["Flex","Lantern","Limit Break"],"campfire_rested":3,"item_purchase_floors":[5,27,27],"current_hp_per_floor":[78,58,58,64,64,70,70,74,74,74,55,55,51,57,57,62,76,75,80,58,58,36,32,32,19,19,19,19,25,25,25,64,80,80,70,55,61,33,39,45,45,9,9,48,48,27,33,33,72,64],"gold":507,"neow_bonus":"THREE_ENEMY_KILL","is_prod":false,"is_daily":false,"chose_seed":false,"campfire_upgraded":4,"win_rate":0,"timestamp":1555308669,"path_taken":["M","?","?","M","$","E","R","M","T","M","E","R","E","M","R","BOSS","M","?","M","M","?","E","?","E","T","?","$","M","R","?","R","BOSS","M","M","?","?","M","E","?","E","T","R","?","M","M","?","R","BOSS"],"build_version":"2019-01-23","purchased_purges":2,"victory":true,"max_hp_per_floor":[80,80,80,80,80,80,80,80,80,80,80,80,80,80,80,80,80,80,80,80,80,80,80,80,80,80,80,80,80,80,80,80,80,80,80,80,80,80,80,80,80,80,80,80,80,80,80,80,80,83],"card_choices":[{"not_picked":["Pommel Strike","Anger"],"picked":"Battle Trance","floor":1},{"not_picked":["Intimidate","Wild Strike"],"picked":"Ghostly Armor","floor":4},{"not_picked":["Hemokinesis","Intimidate"],"picked":"Flex","floor":6},{"not_picked":["Clash","Wild Strike"],"picked":"Sword Boomerang","floor":8},{"not_picked":["True Grit","Wild Strike"],"picked":"Flex","floor":10},{"not_picked":["Feel No Pain","Searing Blow"],"picked":"Metallicize","floor":11},{"not_picked":["Flex","Power Through","Berserk"],"picked":"SKIP","floor":13},{"not_picked":["Seeing Red","Cleave","Thunderclap"],"picked":"SKIP","floor":14},{"not_picked":["Feed","Double Tap"],"picked":"Limit Break","floor":16},{"not_picked":["Sentinel","Armaments","Rampage"],"picked":"SKIP","floor":18},{"not_picked":["Feel No Pain","Reckless Charge","Wild Strike+1"],"picked":"SKIP","floor":19},{"not_picked":["Intimidate","Rupture","Wild Strike"],"picked":"SKIP","floor":20},{"not_picked":["Anger","Cleave+1","Shrug It Off"],"picked":"SKIP","floor":21},{"not_picked":["Shrug It Off","Clash+1"],"picked":"Sword Boomerang+1","floor":22},{"not_picked":["Sever Soul+1","Warcry+1"],"picked":"Burning Pact","floor":23},{"not_picked":["Clothesline","Thunderclap+1","Havoc+1"],"picked":"SKIP","floor":25},{"not_picked":["Warcry+1","Thunderclap","Dropkick+1"],"picked":"SKIP","floor":29},{"not_picked":["Brutality","Reaper"],"picked":"Feed","floor":33},{"not_picked":["Heavy Blade+1"],"picked":"SKIP","floor":35},{"not_picked":["Heavy Blade+1"],"picked":"SKIP","floor":35},{"not_picked":["Flex"],"picked":"SKIP","floor":36},{"not_picked":["Feel No Pain"],"picked":"SKIP","floor":37},{"not_picked":["Iron Wave+1"],"picked":"SKIP","floor":38},{"not_picked":["Bloodletting"],"picked":"SKIP","floor":39},{"not_picked":["Clash"],"picked":"SKIP","floor":40},{"not_picked":["Clash"],"picked":"SKIP","floor":40},{"not_picked":["Seeing Red"],"picked":"SKIP","floor":42},{"not_picked":["Flex+1"],"picked":"SKIP","floor":46},{"not_picked":["Armaments"],"picked":"SKIP","floor":47}],"player_experience":491730,"relics_obtained":[{"floor":6,"key":"Bag of Preparation"},{"floor":9,"key":"Happy Flower"},{"floor":11,"key":"Pantograph"},{"floor":13,"key":"Oddly Smooth Stone"},{"floor":22,"key":"Red Mask"},{"floor":23,"key":"War Paint"},{"floor":25,"key":"Regal Pillow"},{"floor":26,"key":"Gambling Chip"},{"floor":31,"key":"Matryoshka"},{"floor":40,"key":"Calipers"},{"floor":42,"key":"Boot"},{"floor":43,"key":"Omamori"},{"floor":43,"key":"Ancient Tea Set"}],"event_choices":[{"damage_healed":0,"gold_gain":0,"player_choice":"Take Damage","damage_taken":20,"relics_obtained":["Golden Idol"],"max_hp_gain":0,"max_hp_loss":0,"event_name":"Golden Idol","floor":2,"gold_loss":0},{"damage_healed":0,"gold_gain":0,"player_choice":"Upgraded","damage_taken":0,"max_hp_gain":0,"max_hp_loss":0,"event_name":"Upgrade Shrine","floor":3,"gold_loss":0,"cards_upgraded":["Defend_R"]},{"damage_healed":0,"gold_gain":0,"player_choice":"Fought Bandits","damage_taken":0,"max_hp_gain":0,"max_hp_loss":0,"event_name":"Masked Bandits","floor":22,"gold_loss":0},{"damage_healed":0,"gold_gain":0,"player_choice":"Ignored","damage_taken":0,"max_hp_gain":0,"max_hp_loss":0,"event_name":"Ghosts","floor":24,"gold_loss":0},{"damage_healed":0,"gold_gain":0,"player_choice":"Memory 1","damage_taken":0,"max_hp_gain":0,"max_hp_loss":0,"event_name":"SensoryStone","floor":41,"gold_loss":0},{"cards_removed":["Defend_R"],"damage_healed":0,"gold_gain":0,"player_choice":"Removed Skill","damage_taken":0,"max_hp_gain":0,"max_hp_loss":0,"event_name":"Falling","floor":45,"gold_loss":0},{"damage_healed":0,"gold_gain":0,"player_choice":"Got Potions","damage_taken":0,"max_hp_gain":0,"max_hp_loss":0,"event_name":"Lab","floor":48,"gold_loss":0}],"is_beta":false,"boss_relics":[{"not_picked":["Tiny House","Eternal Feather"],"picked":"Sozu"},{"not_picked":["Pandora\u0027s Box","Snecko Eye"],"picked":"Busted Crown"}],"items_purged_floors":[5,27],"is_endless":false,"potions_floor_spawned":[8,10,14,18,22,29,33,36,38,47],"ascension_level":7}