{"gold_per_floor":[114,4,4,18,37,37,52,52,52,52,78,78,94,110,110,207,207,221,121,138,153,173,173],"floor_reached":23,"playtime":671,"items_purged":["Bash","Strike_R"],"score":185,"play_id":"232facee-14be-4d08-b6e4-c40fe9524e1d","local_time":"20180731152328","is_ascension_mode":false,"campfire_choices":[{"data":"Rampage","floor":6,"key":"SMITH"},{"data":"True Grit","floor":8,"key":"SMITH"},{"data":"Shrug It Off","floor":10,"key":"SMITH"},{"data":"Defend_R","floor":12,"key":"SMITH"},{"data":"Defend_R","floor":15,"key":"SMITH"}],"neow_cost":"NONE","seed_source_timestamp":72326590220307,"circlet_count":0,"master_deck":["Strike_R","Strike_R","Strike_R","Defend_R+1","Defend_R","Defend_R","Defend_R+1","True Grit+1","Rampage+1","Shrug It Off+1"],"relics":["Runic Pyramid","Bottled Flame"],"potions_floor_usage":[16,21],"damage_taken":[{"damage":11,"enemies":"Jaw Worm","floor":1,"turns":2},{"damage":1,"enemies":"2 Louse","floor":4,"turns":3},{"damage":1,"enemies":"Cultist","floor":5,"turns":4},{"damage":10,"enemies":"3 Louse","floor":7,"turns":4},{"damage":8,"floor":11,"turns":4},{"damage":0,"enemies":"2 Fungi Beasts","floor":13,"turns":3},{"damage":4,"enemies":"Large Slime","floor":14,"turns":5},{"damage":10,"enemies":"The Guardian","floor":16,"turns":7},{"damage":12,"enemies":"Spheric Guardian","floor":18,"turns":4},{"damage":10,"enemies":"Shell Parasite","floor":20,"turns":4},{"damage":1,"enemies":"3 Cultists","floor":21,"turns":5},{"damage":8,"enemies":"Centurion and Healer","floor":22,"turns":4},{"damage":0,"enemies":"Slavers","floor":23,"turns":1}],"seed_played":"2590561621198335211","potions_obtained":[{"floor":5,"key":"Strength Potion"},{"floor":14,"key":"Fire Potion"},{"floor":16,"key":"Energy Potion"},{"floor":22,"key":"Poison Potion"}],"is_trial":false,"path_per_floor":["M","$","?","M","M","R","M","R","T","R","?","R","M","M","R","B",null,"M","$","M","M","M"],"character_chosen":"IRONCLAD","items_purchased":["Rampage"],"campfire_rested":0,"item_purchase_floors":[2],"current_hp_per_floor":[69,69,69,68,67,67,57,57,57,57,49,49,49,45,45,35,80,68,68,58,57,49,49],"gold":173,"neow_bonus":"BOSS_RELIC","is_prod":false,"is_daily":false,"chose_seed":false,"campfire_upgraded":5,"win_rate":0,"timestamp":1533021808,"path_taken":["M","$","?","M","M","R","M","R","T","R","?","R","M","M","R","BOSS","M","$","?","M","?","E"],"build_version":"2018-07-26","purchased_purges":2,"victory":false,"max_hp_per_floor":[80,80,80,80,80,80,80,80,80,80,80,80,80,80,80,80,80,80,80,80,80,80,80],"card_choices":[{"not_picked":["Battle Trance","Heavy Blade"],"picked":"True Grit","floor":1},{"not_picked":["Sever Soul","Havoc"],"picked":"Shrug It Off","floor":4},{"not_picked":["Pummel","Ghostly Armor","Warcry"],"picked":"SKIP","floor":5},{"not_picked":["Rupture","Uppercut","Searing Blow"],"picked":"SKIP","floor":7},{"not_picked":["Feel No Pain","Cleave","Hemokinesis"],"picked":"SKIP","floor":13},{"not_picked":["Shrug It Off","Pommel Strike","Clothesline"],"picked":"SKIP","floor":14},{"not_picked":["Pummel+1","Burning Pact","Iron Wave"],"picked":"SKIP","floor":18},{"not_picked":["Anger","Fire Breathing+1","Shrug It Off"],"picked":"SKIP","floor":20},{"not_picked":["Rampage","Headbutt+1","Havoc+1"],"picked":"SKIP","floor":21},{"not_picked":["Thunderclap","Iron Wave","Headbutt"],"picked":"SKIP","floor":22}],"player_experience":329296,"relics_obtained":[{"floor":9,"key":"Bottled Flame"}],"event_choices":[{"event_name":"Living Wall","player_choice":"Forget","floor":3,"damage_taken":0},{"event_name":"Mushrooms","player_choice":"Fought Mushrooms","floor":11,"damage_taken":0}],"is_beta":false,"boss_relics":[{"not_picked":["Runic Dome","Orrery","Velvet Choker"]}],"items_purged_floors":[2,19],"is_endless":false,"potions_floor_spawned":[5,14,16,22],"killed_by":"Slavers","ascension_level":0}