{"gold_per_floor":[114,128,128,146,146,146,202,202,202,222,253,265,294,312,312,391,391,407,419,431,444,463,496,496,529,529,564,583,583,616,628,628,703,703,720,767,530,1529,1539,1539],"floor_reached":40,"playtime":2307,"items_purged":["Envenom+1"],"score":1455,"play_id":"28093fd8-d444-481e-a367-1bfb8baaaca3","local_time":"20190414183608","is_ascension_mode":true,"campfire_choices":[{"data":"Prepared","floor":6.0,"key":"SMITH"},{"data":"Neutralize","floor":8.0,"key":"SMITH"},{"data":"Well Laid Plans","floor":15.0,"key":"SMITH"},{"data":"Reflex","floor":24.0,"key":"SMITH"},{"data":"Noxious Fumes","floor":32.0,"key":"SMITH"}],"neow_cost":"NONE","seed_source_timestamp":0,"circlet_count":0,"master_deck":["AscendersBane","Survivor","Neutralize+1","Finisher","Quick Slash","Well Laid Plans+1","Prepared+1","Noxious Fumes+1","Skewer","Underhanded Strike","Backflip","Reflex+1","Deadly Poison+1","PiercingWail+1","Leg Sweep+1","Acrobatics+1","Concentrate+1","Endless Agony+1","PiercingWail+1","Blur+1"],"special_seed":0,"relics":["Pandora\u0027s Box","Mercury Hourglass","Tiny Chest","Meat on the Bone","The Specimen","Toxic Egg 2","Runic Dome","Calipers","Shuriken","Mummified Hand","Bottled Lightning","Orichalcum","Astrolabe","Girya","Omamori"],"potions_floor_usage":[40],"damage_taken":[{"damage":10.0,"enemies":"Jaw Worm","floor":1.0,"turns":3.0},{"damage":0.0,"enemies":"2 Louse","floor":2.0,"turns":2.0},{"damage":0.0,"enemies":"Cultist","floor":4.0,"turns":3.0},{"damage":0.0,"enemies":"Gremlin Nob","floor":7.0,"turns":3.0},{"damage":12.0,"enemies":"Exordium Thugs","floor":10.0,"turns":4.0},{"damage":0.0,"enemies":"Lagavulin","floor":11.0,"turns":5.0},{"damage":10.0,"enemies":"2 Fungi Beasts","floor":12.0,"turns":2.0},{"damage":0.0,"enemies":"3 Sentries","floor":13.0,"turns":6.0},{"damage":34.0,"enemies":"Blue Slaver","floor":14.0,"turns":4.0},{"damage":0.0,"enemies":"Hexaghost","floor":16.0,"turns":7.0},{"damage":10.0,"enemies":"3 Byrds","floor":18.0,"turns":4.0},{"damage":0.0,"enemies":"Spheric Guardian","floor":19.0,"turns":3.0},{"damage":3.0,"enemies":"Centurion and Healer","floor":20.0,"turns":5.0},{"damage":0.0,"enemies":"Snake Plant","floor":21.0,"turns":4.0},{"damage":29.0,"enemies":"Chosen and Byrds","floor":22.0,"turns":6.0},{"damage":26.0,"enemies":"Book of Stabbing","floor":23.0,"turns":6.0},{"damage":11.0,"enemies":"Slavers","floor":25.0,"turns":5.0},{"damage":0.0,"enemies":"Book of Stabbing","floor":27.0,"turns":6.0},{"damage":0.0,"enemies":"Snecko","floor":28.0,"turns":4.0},{"damage":0.0,"enemies":"Slavers","floor":30.0,"turns":3.0},{"damage":0.0,"enemies":"3 Cultists","floor":31.0,"turns":3.0},{"damage":0.0,"enemies":"Collector","floor":33.0,"turns":5.0},{"damage":1.0,"enemies":"Orb Walker","floor":35.0,"turns":3.0},{"damage":6.0,"enemies":"2 Orb Walkers","floor":36.0,"turns":3.0},{"damage":0.0,"enemies":"3 Darklings","floor":39.0,"turns":4.0},{"damage":0,"enemies":"Nemesis","floor":40,"turns":6}],"seed_played":"8226078408588478472","potions_obtained":[{"floor":2.0,"key":"Strength Potion"},{"floor":10.0,"key":"GhostInAJar"},{"floor":13.0,"key":"Weak Potion"},{"floor":14.0,"key":"Strength Potion"},{"floor":18.0,"key":"SpeedPotion"},{"floor":20.0,"key":"EssenceOfSteel"},{"floor":25.0,"key":"Strength Potion"},{"floor":30.0,"key":"Explosive Potion"},{"floor":39.0,"key":"GhostInAJar"}],"is_trial":false,"path_per_floor":["M","M","?","M","?","R","E","R","T","M","E","M","E","M","R","B",null,"M","M","M","M","M","E","R","E","T","E","M","T","E","M","R","B",null,"M","?","$","?","M","E"],"character_chosen":"THE_SILENT","items_purchased":["Omamori"],"campfire_rested":0,"item_purchase_floors":[37],"current_hp_per_floor":[49,49,54,54,54,54,54,54,54,42,42,44,44,22,22,34,62,52,52,49,49,32,18,18,19,19,31,43,43,43,43,43,43,64,63,57,57,57,57,57],"gold":1539,"neow_bonus":"BOSS_RELIC","is_prod":false,"is_daily":false,"chose_seed":true,"campfire_upgraded":5,"win_rate":0,"timestamp":1555238168,"path_taken":["M","M","?","M","?","R","E","R","T","?","E","M","E","M","R","BOSS","M","M","M","M","M","E","R","E","T","E","M","?","E","M","R","BOSS","M","?","$","?","M","E"],"build_version":"2019-01-23","purchased_purges":1,"victory":false,"max_hp_per_floor":[66,66,71,71,71,71,71,71,71,71,71,71,71,71,71,71,71,71,71,71,71,71,71,71,71,71,71,71,71,71,71,71,71,71,71,71,71,71,71,71],"card_choices":[{"not_picked":["Deadly Poison","Leg Sweep","Flying Knee"],"picked":"SKIP","floor":1.0},{"not_picked":["Deadly Poison","Underhanded Strike"],"picked":"Backflip","floor":2.0},{"not_picked":["Backflip","Bane"],"picked":"Reflex","floor":4.0},{"not_picked":["Prepared","Choke"],"picked":"Endless Agony","floor":7.0},{"not_picked":["Backflip","Dagger Throw","Poisoned Stab"],"picked":"SKIP","floor":10.0},{"not_picked":["Prepared","Blade Dance","Accuracy"],"picked":"SKIP","floor":11.0},{"not_picked":["All Out Attack","Prepared","Eviscerate"],"picked":"SKIP","floor":12.0},{"not_picked":["Predator","Underhanded Strike","Deadly Poison"],"picked":"SKIP","floor":13.0},{"not_picked":["Night Terror+1","Setup+1"],"picked":"Deadly Poison+1","floor":14.0},{"not_picked":["Quick Slash","Endless Agony"],"picked":"PiercingWail+1","floor":18.0},{"not_picked":["Sucker Punch","Dash","Outmaneuver+1"],"picked":"SKIP","floor":19.0},{"not_picked":["Infinite Blades","Quick Slash","Underhanded Strike"],"picked":"SKIP","floor":20.0},{"not_picked":["PiercingWail+1","Riddle With Holes","Quick Slash+1"],"picked":"SKIP","floor":21.0},{"not_picked":["Choke","Flechettes","Slice"],"picked":"SKIP","floor":22.0},{"not_picked":["Predator","Riddle With Holes","Accuracy+1"],"picked":"SKIP","floor":23.0},{"not_picked":["Noxious Fumes","Dodge and Roll+1"],"picked":"Leg Sweep+1","floor":25.0},{"not_picked":["Bullet Time+1","Distraction+1","Bane"],"picked":"SKIP","floor":27.0},{"not_picked":["Escape Plan+1","Catalyst+1"],"picked":"Acrobatics+1","floor":28.0},{"not_picked":["Backflip+1","Flying Knee","Doppelganger+1"],"picked":"SKIP","floor":30.0},{"not_picked":["Riddle With Holes+1","Predator"],"picked":"Concentrate+1","floor":31.0},{"not_picked":["Bane","Distraction+1","Quick Slash"],"picked":"SKIP","floor":35.0},{"not_picked":["Endless Agony","Bouncing Flask+1"],"picked":"Blur+1","floor":36.0},{"not_picked":["PiercingWail+1","Prepared+1","Riddle With Holes"],"picked":"SKIP","floor":39.0}],"player_experience":1385705,"relics_obtained":[{"floor":7.0,"key":"Tiny Chest"},{"floor":9.0,"key":"Meat on the Bone"},{"floor":11.0,"key":"The Specimen"},{"floor":13.0,"key":"Toxic Egg 2"},{"floor":23.0,"key":"Calipers"},{"floor":25.0,"key":"Shuriken"},{"floor":27.0,"key":"Mummified Hand"},{"floor":29.0,"key":"Bottled Lightning"},{"floor":30.0,"key":"Orichalcum"},{"floor":36.0,"key":"Girya"}],"event_choices":[{"damage_healed":0.0,"max_hp_gain":5.0,"max_hp_loss":0.0,"gold_gain":0.0,"event_name":"Big Fish","player_choice":"Donut","floor":3.0,"gold_loss":0.0,"damage_taken":0.0},{"cards_removed":["Skewer"],"damage_healed":0.0,"max_hp_gain":0.0,"max_hp_loss":0.0,"gold_gain":0.0,"event_name":"WeMeetAgain","player_choice":"Gave Card","floor":5.0,"gold_loss":0.0,"damage_taken":0.0,"relics_obtained":["Mercury Hourglass"]},{"damage_healed":0.0,"max_hp_gain":0.0,"max_hp_loss":0.0,"gold_gain":0.0,"event_name":"Mysterious Sphere","player_choice":"Fight","floor":36.0,"gold_loss":0.0,"damage_taken":0.0},{"damage_healed":0.0,"max_hp_gain":0.0,"max_hp_loss":0.0,"gold_gain":999.0,"event_name":"MindBloom","player_choice":"Gold","floor":38.0,"gold_loss":0.0,"damage_taken":0.0,"cards_obtained":["Normality","Normality"]}],"is_beta":false,"boss_relics":[{"not_picked":["Orrery","Cursed Key"],"picked":"Runic Dome"},{"not_picked":["Coffee Dripper","Philosopher\u0027s Stone"],"picked":"Astrolabe"}],"items_purged_floors":[37],"is_endless":false,"potions_floor_spawned":[2,10,13,14,18,20,25,30,31,33,35,36,39],"killed_by":"Nemesis","ascension_level":20}