{"gold_per_floor":[118,118,118,118,129,156,156,183,183,203,203,168,188,87,87,184,184,194,204,204],"floor_reached":20,"playtime":1350,"items_purged":[],"score":264,"play_id":"0453fb5c-2ce8-41f1-b39f-57dde568a396","local_time":"20190126115314","is_ascension_mode":true,"campfire_choices":[{"floor":7,"key":"REST"},{"floor":11,"key":"REST"},{"data":"Bash","floor":15,"key":"SMITH"}],"neow_cost":"NONE","seed_source_timestamp":161283007407929,"circlet_count":0,"master_deck":["Strike_R","Strike_R","Strike_R","Strike_R","Strike_R","Defend_R","Defend_R","Defend_R","Defend_R","Bash+1","Perfected Strike","Regret","Second Wind","Armaments+1","Inflame","Flame Barrier+1","Sword Boomerang","Shrug It Off+1","Double Tap+1","Shrug It Off+1","Clothesline"],"relics":["Burning Blood","Juzu Bracelet","Kunai","Paper Frog","Toxic Egg 2","Smiling Mask","Shuriken","Eternal Feather"],"potions_floor_usage":[6,16,20,20,20],"damage_taken":[{"damage":4,"enemies":"Small Slimes","floor":1,"turns":5},{"damage":9,"enemies":"Jaw Worm","floor":5,"turns":4},{"damage":19,"enemies":"Gremlin Nob","floor":6,"turns":3},{"damage":50,"enemies":"Lagavulin","floor":8,"turns":11},{"damage":6,"enemies":"Cultist","floor":10,"turns":3},{"damage":9,"enemies":"2 Fungi Beasts","floor":13,"turns":4},{"damage":29,"enemies":"Slime Boss","floor":16,"turns":11},{"damage":42,"enemies":"Shell Parasite","floor":18,"turns":6},{"damage":33,"enemies":"Spheric Guardian","floor":19,"turns":5},{"damage":12,"enemies":"Snecko","floor":20,"turns":3}],"seed_played":"-8268100012791508131","potions_obtained":[{"floor":1,"key":"Poison Potion"},{"floor":10,"key":"Poison Potion"},{"floor":16,"key":"Ancient Potion"},{"floor":19,"key":"Poison Potion"}],"is_trial":false,"path_per_floor":["M","?","?","T","M","E","R","E","T","M","R","?","M","$","R","B",null,"M","M","M"],"character_chosen":"IRONCLAD","items_purchased":["Shrug It Off+1","Fire Potion"],"campfire_rested":2,"item_purchase_floors":[14,14],"current_hp_per_floor":[74,74,74,74,71,58,80,36,36,36,60,80,77,77,77,54,74,38,11,0],"gold":204,"neow_bonus":"RANDOM_COMMON_RELIC","is_prod":false,"is_daily":false,"chose_seed":false,"campfire_upgraded":1,"win_rate":0,"timestamp":1548499994,"path_taken":["M","?","?","?","M","E","R","E","T","M","R","?","M","$","R","BOSS","M","M","M"],"build_version":"2019-01-23","purchased_purges":0,"victory":false,"max_hp_per_floor":[80,80,80,80,80,80,80,80,80,80,80,80,80,80,80,80,80,80,80,80],"card_choices":[{"not_picked":["Seeing Red","Wild Strike"],"picked":"Perfected Strike","floor":1},{"not_picked":["Rampage","Wild Strike"],"picked":"Second Wind","floor":5},{"not_picked":["Sword Boomerang","Dark Embrace"],"picked":"Armaments","floor":6},{"not_picked":["Infernal Blade+1","Thunderclap"],"picked":"Inflame","floor":8},{"not_picked":["Evolve","Burning Pact+1"],"picked":"Flame Barrier+1","floor":10},{"not_picked":["Rupture","Bloodletting+1"],"picked":"Sword Boomerang","floor":13},{"not_picked":["Dark Embrace","Reaper"],"picked":"Double Tap+1","floor":16},{"not_picked":["Carnage","Clash+1"],"picked":"Shrug It Off+1","floor":18},{"not_picked":["Hemokinesis+1","Second Wind+1"],"picked":"Clothesline","floor":19}],"player_experience":378051,"relics_obtained":[{"floor":4,"key":"Paper Frog"},{"floor":6,"key":"Toxic Egg 2"},{"floor":8,"key":"Smiling Mask"},{"floor":9,"key":"Shuriken"}],"event_choices":[{"damage_healed":0,"gold_gain":0,"player_choice":"Box","damage_taken":0,"relics_obtained":["Kunai"],"max_hp_gain":0,"max_hp_loss":0,"event_name":"Big Fish","floor":2,"gold_loss":0,"cards_obtained":["Regret"]},{"damage_healed":0,"gold_gain":0,"player_choice":"Ignored","damage_taken":0,"max_hp_gain":0,"max_hp_loss":0,"event_name":"Liars Game","floor":3,"gold_loss":0},{"damage_healed":20,"gold_gain":0,"player_choice":"Healed","damage_taken":0,"max_hp_gain":0,"max_hp_loss":0,"event_name":"The Cleric","floor":12,"gold_loss":35}],"is_beta":false,"boss_relics":[{"not_picked":["Tiny House","Velvet Choker"],"picked":"Eternal Feather"}],"items_purged_floors":[],"is_endless":false,"potions_floor_spawned":[1,10,16,19],"killed_by":"Snecko","ascension_level":9}