{"gold_per_floor":[110,110,23,23,40,75,75,87,140,169,169,199,210,235,235,314,314,328,348,362,41,55,80,94,126,126,137,37,69,69,88,88,165,165],"floor_reached":34,"playtime":1591,"items_purged":["Caltrops","Blade Dance"],"score":1484,"play_id":"98b0c979-fdff-41ba-b180-015bc85b77c8","local_time":"20190415171220","is_ascension_mode":true,"campfire_choices":[{"data":"Calculated Gamble","floor":7.0,"key":"SMITH"},{"data":"Tactician","floor":11.0,"key":"SMITH"},{"data":"Acrobatics","floor":15.0,"key":"SMITH"},{"data":"Reflex","floor":30,"key":"SMITH"},{"data":"Prepared","floor":32,"key":"SMITH"}],"neow_cost":"NONE","seed_source_timestamp":0,"circlet_count":0,"master_deck":["AscendersBane","Survivor","Neutralize","Eviscerate","Calculated Gamble+1","Doppelganger","Cloak And Dagger","Leg Sweep","Caltrops","Terror","Footwork","Choke+1","Backstab+1","Tactician+1","Dodge and Roll","Acrobatics+1","Reflex+1","Backflip","Prepared+1"],"special_seed":0,"relics":["Pandora\u0027s Box","Whetstone","Lantern","Bag of Marbles","Nunchaku","Happy Flower","White Beast Statue","TheAbacus","Letter Opener","Gremlin Horn","Snake Skull","Busted Crown"],"potions_floor_usage":[27,29,31],"damage_taken":[{"damage":0.0,"enemies":"Jaw Worm","floor":1.0,"turns":6.0},{"damage":1.0,"enemies":"Small Slimes","floor":5.0,"turns":2.0},{"damage":0.0,"enemies":"Gremlin Nob","floor":6.0,"turns":3.0},{"damage":0.0,"enemies":"Cultist","floor":8.0,"turns":4.0},{"damage":0.0,"enemies":"3 Sentries","floor":10.0,"turns":6.0},{"damage":0.0,"enemies":"Gremlin Nob","floor":12.0,"turns":2.0},{"damage":5.0,"enemies":"Gremlin Gang","floor":13.0,"turns":3.0},{"damage":0.0,"enemies":"3 Sentries","floor":14.0,"turns":8.0},{"damage":0.0,"enemies":"The Guardian","floor":16.0,"turns":7.0},{"damage":19.0,"enemies":"2 Thieves","floor":18.0,"turns":3.0},{"damage":1.0,"enemies":"3 Byrds","floor":19.0,"turns":2.0},{"damage":10.0,"enemies":"Shelled Parasite and Fungi","floor":20.0,"turns":7.0},{"damage":7.0,"enemies":"Centurion and Healer","floor":22.0,"turns":5.0},{"damage":0.0,"enemies":"Slavers","floor":23.0,"turns":4.0},{"damage":24.0,"enemies":"Snake Plant","floor":24.0,"turns":2.0},{"damage":0,"enemies":"Gremlin Leader","floor":25,"turns":6},{"damage":0,"enemies":"Cultist and Chosen","floor":27,"turns":5},{"damage":0,"enemies":"Slavers","floor":29,"turns":3},{"damage":0,"enemies":"Centurion and Healer","floor":31,"turns":4},{"damage":0,"enemies":"Automaton","floor":33,"turns":2}],"seed_played":"-4802318394019882737","potions_obtained":[{"floor":1.0,"key":"Weak Potion"},{"floor":8.0,"key":"Poison Potion"},{"floor":12.0,"key":"EssenceOfSteel"},{"floor":16.0,"key":"GhostInAJar"},{"floor":19.0,"key":"Fire Potion"},{"floor":20.0,"key":"AttackPotion"},{"floor":23.0,"key":"LiquidBronze"},{"floor":24.0,"key":"GamblersBrew"},{"floor":25,"key":"Swift Potion"},{"floor":27,"key":"GhostInAJar"},{"floor":29,"key":"GhostInAJar"},{"floor":31,"key":"Ancient Potion"}],"is_trial":false,"path_per_floor":["M","?","$","?","M","E","R","M","T","E","R","E","M","E","R","B",null,"M","M","M","$","M","E","M","E","T","M","$","E","R","M","R","B",null],"character_chosen":"THE_SILENT","items_purchased":["Choke","TheAbacus","Backflip"],"campfire_rested":0,"item_purchase_floors":[3,21,21],"current_hp_per_floor":[59,64,64,64,63,63,63,63,63,63,63,63,58,58,58,58,68,49,48,38,38,31,31,7,7,7,7,7,7,7,7,7,7,55],"gold":165,"neow_bonus":"BOSS_RELIC","is_prod":false,"is_daily":false,"chose_seed":false,"campfire_upgraded":5,"win_rate":0,"timestamp":1555319540,"path_taken":["M","?","$","?","M","E","R","M","T","E","R","E","?","E","R","BOSS","M","M","M","$","M","E","M","E","T","?","$","E","R","M","R","BOSS"],"build_version":"2019-01-23","purchased_purges":2,"victory":false,"max_hp_per_floor":[66,71,71,71,71,71,71,71,71,71,71,71,71,71,71,71,71,71,71,71,71,71,71,71,71,71,71,71,71,71,71,71,71,71],"card_choices":[{"not_picked":["Bouncing Flask","Cloak And Dagger"],"picked":"Footwork","floor":1.0},{"not_picked":["Slice","Bane"],"picked":"Tactician","floor":5.0},{"not_picked":["Choke","Flechettes"],"picked":"Dodge and Roll","floor":6.0},{"not_picked":["Crippling Poison","Skewer","Catalyst"],"picked":"SKIP","floor":8.0},{"not_picked":["Dagger Throw","Poisoned Stab"],"picked":"Acrobatics","floor":10.0},{"not_picked":["Prepared","Catalyst"],"picked":"Reflex","floor":12.0},{"not_picked":["Heel Hook","Poisoned Stab","Expertise"],"picked":"SKIP","floor":13.0},{"not_picked":["Poisoned Stab","Tactician","Backstab"],"picked":"SKIP","floor":14.0},{"not_picked":["Deflect","Dagger Spray","Blade Dance"],"picked":"SKIP","floor":18.0},{"not_picked":["Tactician","Dodge and Roll","Cloak And Dagger"],"picked":"SKIP","floor":19.0},{"not_picked":["Cloak And Dagger","Blade Dance","Outmaneuver"],"picked":"SKIP","floor":20.0},{"not_picked":["Skewer","Leg Sweep","Bane"],"picked":"SKIP","floor":22.0},{"not_picked":["Night Terror","Dodge and Roll","Calculated Gamble"],"picked":"SKIP","floor":23.0},{"not_picked":["Infinite Blades","Slice","Bouncing Flask"],"picked":"SKIP","floor":24.0},{"not_picked":["Outmaneuver","Burst","Quick Slash"],"picked":"SKIP","floor":25},{"not_picked":["Backflip","Tactician","Underhanded Strike"],"picked":"SKIP","floor":27},{"not_picked":["After Image","Dagger Throw","Tactician"],"picked":"SKIP","floor":29},{"not_picked":["Underhanded Strike+1","Skewer"],"picked":"Prepared","floor":31}],"player_experience":1394463,"relics_obtained":[{"floor":6.0,"key":"Whetstone"},{"floor":9.0,"key":"Lantern"},{"floor":10.0,"key":"Bag of Marbles"},{"floor":12.0,"key":"Nunchaku"},{"floor":14.0,"key":"Happy Flower"},{"floor":23.0,"key":"Letter Opener"},{"floor":25,"key":"Gremlin Horn"},{"floor":29,"key":"Snake Skull"}],"event_choices":[{"damage_healed":0.0,"max_hp_gain":5.0,"max_hp_loss":0.0,"gold_gain":0.0,"event_name":"Big Fish","player_choice":"Donut","floor":2.0,"gold_loss":0.0,"damage_taken":0.0},{"damage_healed":0.0,"max_hp_gain":0.0,"max_hp_loss":0.0,"gold_gain":0.0,"cards_transformed":["Storm of Steel"],"event_name":"Transmorgrifier","player_choice":"Transformed","floor":4.0,"gold_loss":0.0,"damage_taken":0.0,"cards_obtained":["Backstab"]}],"is_beta":false,"boss_relics":[{"not_picked":["Snecko Eye","Runic Dome"],"picked":"White Beast Statue"},{"not_picked":["Sozu","Cursed Key"],"picked":"Busted Crown"}],"items_purged_floors":[21,28],"is_endless":false,"potions_floor_spawned":[1,8,12,16,18,19,20,22,23,24,25,27,29,31,33],"ascension_level":20}