{"gold_per_floor":[117,133,152,152,118,145,145,158,158,158,85,50,3,30,30,128,128,141,141],"floor_reached":19,"playtime":657,"items_purged":[],"score":223,"play_id":"c8d7a36e-409e-4157-aa0b-b3f2a8b9d669","local_time":"20180912193537","is_ascension_mode":true,"campfire_choices":[{"floor":7,"key":"REST"},{"data":"Zap","floor":10,"key":"SMITH"},{"data":"Hologram","floor":15,"key":"SMITH"}],"neow_cost":"NONE","seed_source_timestamp":1084500123460912,"circlet_count":0,"master_deck":["Strike_B","Strike_B+1","Defend_B","Defend_B","Defend_B","Defend_B","Zap+1","Dualcast","BootSequence+1","White Noise","Self Repair","Barrage","Consume","Hologram+1","Electrodynamics","Chaos"],"relics":["Inserter","Bird Faced Urn","Gambling Chip","Ancient Tea Set","Empty Cage"],"potions_floor_usage":[6,16,16],"damage_taken":[{"damage":1,"enemies":"Cultist","floor":1,"turns":4},{"damage":5,"enemies":"Small Slimes","floor":2,"turns":4},{"damage":2,"enemies":"Jaw Worm","floor":3,"turns":3},{"damage":40,"enemies":"Gremlin Nob","floor":6,"turns":4},{"damage":5,"enemies":"Red Slaver","floor":8,"turns":6},{"damage":32,"enemies":"Slime Boss","floor":16,"turns":7},{"damage":3,"enemies":"Chosen","floor":18,"turns":5},{"damage":26,"enemies":"Colosseum Slavers","floor":19,"turns":3},{"damage":105,"enemies":"Colosseum Nobs","floor":19,"turns":4}],"seed_played":"7769744029518136158","potions_obtained":[{"floor":1,"key":"Poison Potion"},{"floor":3,"key":"FairyPotion"},{"floor":6,"key":"SkillPotion"},{"floor":8,"key":"AttackPotion"}],"is_trial":false,"path_per_floor":["M","M","M","?","?","E","R","M","T","R","$","?","$","T","R","B",null,"M"],"character_chosen":"DEFECT","items_purchased":["Consume","Hologram"],"campfire_rested":1,"item_purchase_floors":[11,13],"current_hp_per_floor":[67,62,60,45,45,5,27,33,33,33,33,51,51,51,51,38,66,75,0],"gold":141,"neow_bonus":"BOSS_RELIC","is_prod":false,"is_daily":false,"chose_seed":false,"campfire_upgraded":2,"win_rate":0,"timestamp":1536795337,"path_taken":["M","?","M","?","?","E","R","M","T","R","$","?","$","?","R","BOSS","M","?"],"build_version":"2018-09-06","purchased_purges":0,"victory":false,"max_hp_per_floor":[75,75,75,75,75,75,75,75,75,75,75,75,75,75,75,75,75,75,75],"card_choices":[{"not_picked":["Heatsinks","Consume"],"picked":"BootSequence","floor":1},{"not_picked":["Loop","Turbo"],"picked":"White Noise","floor":2},{"not_picked":["Rebound","Steam","Reinforced Body"],"picked":"SKIP","floor":3},{"not_picked":["Compile Driver","Stack"],"picked":"Self Repair","floor":6},{"not_picked":["Sweeping Beam","Turbo"],"picked":"Barrage","floor":8},{"not_picked":["Machine Learning","Hyperbeam"],"picked":"Electrodynamics","floor":16},{"not_picked":["Defragment","Hologram"],"picked":"Chaos","floor":18}],"player_experience":522751,"relics_obtained":[{"floor":6,"key":"Bird Faced Urn"},{"floor":9,"key":"Gambling Chip"},{"floor":14,"key":"Ancient Tea Set"}],"event_choices":[{"event_name":"Shining Light","player_choice":"Entered Light","floor":4,"damage_taken":0},{"event_name":"World of Goop","player_choice":"Left","floor":5,"damage_taken":0},{"event_name":"The Cleric","player_choice":"Healed","floor":12,"damage_taken":0},{"event_name":"Colosseum","player_choice":"Fight","floor":19,"damage_taken":0},{"event_name":"Colosseum","player_choice":"Fought Nobs","floor":19,"damage_taken":0}],"is_beta":false,"boss_relics":[{"not_picked":["Coffee Dripper","Philosopher\u0027s Stone"],"picked":"Empty Cage"}],"items_purged_floors":[],"is_endless":false,"potions_floor_spawned":[1,3,6,8,19],"killed_by":"Colosseum Nobs","ascension_level":7}