{"gold_per_floor":[112,112,112,34,50,50,60,135,135,161,45,45,45,56,56,158,158,174,191,209,222,222],"floor_reached":22,"playtime":1716,"items_purged":[],"score":186,"play_id":"6cfda957-78eb-49be-9123-ada4231996c8","local_time":"20190405145726","is_ascension_mode":false,"campfire_choices":[{"floor":6,"key":"RECALL"},{"floor":12,"key":"REST"},{"floor":15,"key":"REST"}],"neow_cost":"NONE","seed_source_timestamp":163567923143179,"circlet_count":0,"master_deck":["Strike_B","Strike_B","Defend_B","Defend_B","Defend_B","Zap","Dualcast","Hyperbeam+1","Electrodynamics+1","Lockon+1","Aggregate","Regret","Doom and Gloom","Blizzard","Cold Snap","Static Discharge+1","Loop","Meteor Strike","Self Repair","Conserve Battery","Ball Lightning","Turbo","Hologram","Sunder","Loop","Loop","Coolheaded"],"relics":["Astrolabe","Singing Bowl","Ice Cream","Calipers","Darkstone Periapt","Tiny Chest","Orrery"],"potions_floor_usage":[10,21],"damage_taken":[{"damage":1,"enemies":"2 Louse","floor":1,"turns":2},{"damage":2,"enemies":"Small Slimes","floor":5,"turns":2},{"damage":11,"enemies":"Jaw Worm","floor":7,"turns":2},{"damage":10,"enemies":"3 Sentries","floor":10,"turns":3},{"damage":7,"enemies":"Exordium Wildlife","floor":14,"turns":3},{"damage":39,"enemies":"Slime Boss","floor":16,"turns":5},{"damage":15,"enemies":"3 Byrds","floor":18,"turns":3},{"damage":36,"enemies":"Shell Parasite","floor":19,"turns":5},{"damage":17,"enemies":"Snake Plant","floor":20,"turns":4},{"damage":18,"enemies":"Centurion and Healer","floor":21,"turns":4},{"damage":20,"enemies":"Colosseum Slavers","floor":22,"turns":1}],"seed_played":"-4295058239705307770","potions_obtained":[{"floor":7,"key":"SkillPotion"},{"floor":14,"key":"SkillPotion"},{"floor":16,"key":"FocusPotion"},{"floor":18,"key":"Dexterity Potion"}],"is_trial":false,"path_per_floor":["M","?","?","$","M","R","M","?","T","E","$","R","?","M","R","B",null,"M","M","M","M","?"],"character_chosen":"DEFECT","items_purchased":["Doom and Gloom","Tiny Chest"],"campfire_rested":2,"item_purchase_floors":[4,11],"current_hp_per_floor":[74,67,67,67,65,65,54,43,43,33,33,55,55,48,70,31,75,60,31,21,10,0],"gold":222,"neow_bonus":"BOSS_RELIC","is_prod":false,"is_daily":false,"chose_seed":false,"campfire_upgraded":0,"win_rate":0,"timestamp":1554501446,"path_taken":["M","?","?","?","?","R","M","?","T","E","$","R","?","M","R","BOSS","M","M","M","?","?"],"build_version":"2019-01-23","purchased_purges":0,"victory":false,"max_hp_per_floor":[75,75,75,75,75,75,75,75,75,75,75,75,75,75,75,75,75,75,75,75,75,75],"card_choices":[{"not_picked":["Turbo","Sweeping Beam"],"picked":"Aggregate","floor":1},{"not_picked":["Steam","Hologram"],"picked":"Blizzard","floor":5},{"not_picked":["Compile Driver","Leap"],"picked":"Cold Snap","floor":7},{"not_picked":["Gash","Leap"],"picked":"Static Discharge","floor":10},{"not_picked":["Creative AI","Redo"],"picked":"Loop","floor":14},{"not_picked":["Electrodynamics","Biased Cognition"],"picked":"Meteor Strike","floor":16},{"not_picked":["Rebound","Coolheaded"],"picked":"Self Repair","floor":17},{"not_picked":["Stack","Ball Lightning"],"picked":"Conserve Battery","floor":17},{"not_picked":["Compile Driver","Steam"],"picked":"Ball Lightning","floor":17},{"not_picked":["Sweeping Beam","Auto Shields"],"picked":"Turbo","floor":17},{"not_picked":["Skim","Barrage"],"picked":"Hologram","floor":17},{"not_picked":["Scrape","Conserve Battery+1"],"picked":"Sunder","floor":18},{"not_picked":["Ball Lightning","Sunder"],"picked":"Loop","floor":19},{"not_picked":["Go for the Eyes","Rip and Tear"],"picked":"Loop","floor":20},{"not_picked":["Recycle+1","Compile Driver"],"picked":"Coolheaded","floor":21}],"player_experience":484637,"relics_obtained":[{"floor":9,"key":"Calipers"},{"floor":10,"key":"Darkstone Periapt"}],"event_choices":[{"damage_healed":0,"gold_gain":0,"player_choice":"Success","damage_taken":7,"relics_obtained":["Singing Bowl"],"max_hp_gain":0,"max_hp_loss":0,"event_name":"Scrap Ooze","floor":2,"gold_loss":0},{"damage_healed":0,"gold_gain":0,"player_choice":"Box","damage_taken":0,"relics_obtained":["Ice Cream"],"max_hp_gain":0,"max_hp_loss":0,"event_name":"Big Fish","floor":3,"gold_loss":0,"cards_obtained":["Regret"]},{"damage_healed":0,"gold_gain":75,"player_choice":"Gather Gold","damage_taken":11,"max_hp_gain":0,"max_hp_loss":0,"event_name":"World of Goop","floor":8,"gold_loss":0},{"damage_healed":0,"gold_gain":0,"player_choice":"Upgraded","damage_taken":0,"max_hp_gain":0,"max_hp_loss":0,"event_name":"Upgrade Shrine","floor":13,"gold_loss":0,"cards_upgraded":["Static Discharge"]},{"damage_healed":0,"gold_gain":0,"player_choice":"Fight","damage_taken":0,"max_hp_gain":0,"max_hp_loss":0,"event_name":"Colosseum","floor":22,"gold_loss":0}],"is_beta":false,"boss_relics":[{"not_picked":["Snecko Eye","Eternal Feather"],"picked":"Orrery"}],"items_purged_floors":[],"is_endless":false,"potions_floor_spawned":[7,14,16,18],"killed_by":"Colosseum Slavers","ascension_level":0}