{"gold_per_floor":[119,119,144,157,20,20,55,85,160,160,176,191,37,70,70,146,146,162,162,162,8,8],"floor_reached":22,"playtime":398,"items_purged":["Shame"],"score":430,"play_id":"9c86b56d-2263-4a0f-93cf-3c98449360b3","local_time":"20190505170506","is_ascension_mode":true,"campfire_choices":[{"data":"Defragment","floor":6,"key":"SMITH"},{"data":"Zap","floor":10,"key":"SMITH"},{"data":"Loop","floor":15,"key":"SMITH"}],"neow_cost":"NONE","seed_source_timestamp":1048861569055705,"circlet_count":0,"master_deck":["AscendersBane","Strike_B","Strike_B","Strike_B","Strike_B","Defend_B","Defend_B","Defend_B","Defend_B","Zap+1","Dualcast","Tempest","Defragment+1","Storm","Panacea","Storm","Storm","Fission+1","Loop+1","Buffer","Coolheaded+1","Decay","Loop"],"relics":["Cracked Core","NeowsBlessing","Boot","Mango","Toxic Egg 2","Torii","Snecko Eye","DataDisk"],"potions_floor_usage":[14],"damage_taken":[{"damage":0,"enemies":"Small Slimes","floor":1,"turns":1},{"damage":0,"enemies":"Jaw Worm","floor":4,"turns":1},{"damage":0,"enemies":"Lagavulin","floor":7,"turns":1},{"damage":1,"enemies":"Cultist","floor":11,"turns":3},{"damage":16,"enemies":"Blue Slaver","floor":12,"turns":3},{"damage":28,"enemies":"3 Sentries","floor":14,"turns":5},{"damage":8,"enemies":"Hexaghost","floor":16,"turns":7},{"damage":18,"enemies":"Chosen","floor":18,"turns":4},{"damage":27,"enemies":"Colosseum Slavers","floor":22,"turns":2}],"seed_played":"2177236702302942174","potions_obtained":[{"floor":1,"key":"FearPotion"},{"floor":4,"key":"EssenceOfSteel"}],"is_trial":false,"path_per_floor":["M","?","T","M","$","R","E","?","T","R","M","M","$","E","R","B",null,"M","?","?","$","?"],"character_chosen":"DEFECT","items_purchased":["Storm","Panacea","Fission+1","Loop"],"campfire_rested":0,"item_purchase_floors":[5,5,13,21],"current_hp_per_floor":[64,64,64,64,64,64,78,78,78,78,77,61,61,33,33,25,70,52,52,52,52,25],"gold":8,"neow_bonus":"THREE_ENEMY_KILL","is_prod":false,"is_daily":false,"chose_seed":false,"campfire_upgraded":3,"win_rate":0,"timestamp":1557090306,"path_taken":["M","?","?","?","$","R","E","?","T","R","M","M","$","E","R","BOSS","M","?","?","$","?"],"build_version":"2019-01-23","purchased_purges":1,"victory":false,"max_hp_per_floor":[71,71,71,71,71,71,85,85,85,85,85,85,85,85,85,85,85,85,85,85,85,85],"card_choices":[{"not_picked":["Redo","Turbo"],"picked":"Tempest","floor":1},{"not_picked":["Sweeping Beam","Doom and Gloom"],"picked":"Defragment","floor":4},{"not_picked":["Darkness","Coolheaded"],"picked":"Storm","floor":7},{"not_picked":["Cold Snap","Ball Lightning"],"picked":"Storm","floor":11},{"not_picked":["Scrape","Reprogram+1","Barrage"],"picked":"SKIP","floor":12},{"not_picked":["Auto Shields+1","Leap+1"],"picked":"Loop","floor":14},{"not_picked":["Core Surge","Seek+1"],"picked":"Buffer","floor":16},{"not_picked":["Skim+1","Hologram+1"],"picked":"Coolheaded+1","floor":18}],"player_experience":949043,"relics_obtained":[{"floor":3,"key":"Boot"},{"floor":7,"key":"Mango"},{"floor":9,"key":"Toxic Egg 2"},{"floor":14,"key":"Torii"}],"event_choices":[{"damage_healed":0,"gold_gain":0,"player_choice":"Ignored","damage_taken":0,"max_hp_gain":0,"max_hp_loss":0,"event_name":"Golden Wing","floor":2,"gold_loss":0},{"damage_healed":0,"gold_gain":30,"player_choice":"Searched \u00272\u0027 times","damage_taken":0,"max_hp_gain":0,"max_hp_loss":0,"event_name":"Dead Adventurer","floor":8,"gold_loss":0},{"damage_healed":0,"gold_gain":0,"player_choice":"Smashed Altar","damage_taken":0,"max_hp_gain":0,"max_hp_loss":0,"event_name":"Forgotten Altar","floor":19,"gold_loss":0,"cards_obtained":["Decay"]},{"damage_healed":0,"gold_gain":0,"player_choice":"Stole Relic","damage_taken":0,"relics_obtained":["DataDisk"],"max_hp_gain":0,"max_hp_loss":0,"event_name":"Addict","floor":20,"gold_loss":0,"cards_obtained":["Shame"]},{"damage_healed":0,"gold_gain":0,"player_choice":"Fight","damage_taken":0,"max_hp_gain":0,"max_hp_loss":0,"event_name":"Colosseum","floor":22,"gold_loss":0}],"is_beta":false,"boss_relics":[{"not_picked":["Philosopher\u0027s Stone","Sozu"],"picked":"Snecko Eye"}],"items_purged_floors":[21],"is_endless":false,"potions_floor_spawned":[1,4,7,11],"killed_by":"Colosseum Slavers","ascension_level":20}