{"gold_per_floor":[119,119,138,413,429,429,111,125,125,125,25,37,37,54,54,153,153,166,166,41,41,54,54],"floor_reached":23,"playtime":852,"items_purged":["Regret","Defend_B","Defend_B"],"score":181,"play_id":"d6c9dd71-bc09-4636-8fc2-f5ccf8e36765","local_time":"20190317125425","is_ascension_mode":false,"campfire_choices":[{"data":"BootSequence","floor":6,"key":"SMITH"},{"data":"Hologram","floor":10,"key":"SMITH"},{"data":"Hologram","floor":13,"key":"SMITH"},{"data":"Thunder Strike","floor":15,"key":"SMITH"}],"neow_cost":"NONE","seed_source_timestamp":50305188880800,"circlet_count":0,"master_deck":["Strike_B","Strike_B","Strike_B","Defend_B","Defend_B","Zap+1","Dualcast","Gash","BootSequence+1","Hologram+1","Hologram+1","Thunder Strike+1","Electrodynamics","Fusion","Turbo"],"relics":["Cracked Core","Shuriken","StoneCalendar","Nuclear Battery","MutagenicStrength"],"potions_floor_usage":[16,23],"damage_taken":[{"damage":3,"enemies":"2 Louse","floor":1,"turns":2},{"damage":1,"enemies":"Cultist","floor":3,"turns":3},{"damage":1,"enemies":"Small Slimes","floor":5,"turns":2},{"damage":9,"enemies":"3 Louse","floor":8,"turns":3},{"damage":0,"enemies":"Looter","floor":12,"turns":3},{"damage":20,"enemies":"Gremlin Gang","floor":14,"turns":4},{"damage":12,"enemies":"Hexaghost","floor":16,"turns":7},{"damage":12,"enemies":"2 Thieves","floor":18,"turns":4},{"damage":17,"enemies":"Shell Parasite","floor":22,"turns":4},{"damage":49,"enemies":"Book of Stabbing","floor":23,"turns":5}],"seed_played":"-1824287352530330269","potions_obtained":[{"floor":8,"key":"GamblersBrew"},{"floor":12,"key":"AttackPotion"},{"floor":16,"key":"FocusPotion"}],"is_trial":false,"path_per_floor":["M","?","M","?","M","R","$","M","T","R","$","M","R","M","R","B",null,"M","?","$","?","M","E"],"character_chosen":"DEFECT","items_purchased":["Shuriken"],"campfire_rested":0,"item_purchase_floors":[7],"current_hp_per_floor":[72,72,71,71,70,70,70,61,61,61,61,61,61,41,41,29,75,63,63,63,63,46,0],"gold":54,"neow_bonus":"UPGRADE_CARD","is_prod":false,"is_daily":false,"chose_seed":false,"campfire_upgraded":4,"win_rate":0,"timestamp":1552798465,"path_taken":["M","?","?","?","M","R","$","M","T","R","?","M","R","M","R","BOSS","M","?","$","?","M","E"],"build_version":"2019-01-23","purchased_purges":3,"victory":false,"max_hp_per_floor":[75,75,75,75,75,75,75,75,75,75,75,75,75,75,75,75,75,75,75,75,75,75,75],"card_choices":[{"not_picked":["Beam Cell","Steam"],"picked":"Gash","floor":1},{"not_picked":["Stack","Leap","Auto Shields"],"picked":"SKIP","floor":3},{"not_picked":["Steam","Turbo"],"picked":"BootSequence","floor":5},{"not_picked":["Beam Cell","Compile Driver"],"picked":"Hologram","floor":8},{"not_picked":["Rebound","Go for the Eyes"],"picked":"Hologram","floor":12},{"not_picked":["Rebound","Go for the Eyes"],"picked":"Thunder Strike","floor":14},{"not_picked":["Machine Learning","Buffer"],"picked":"Electrodynamics","floor":16},{"not_picked":["Sweeping Beam","White Noise"],"picked":"Fusion","floor":18},{"not_picked":["Tempest","Recycle"],"picked":"Turbo","floor":22}],"player_experience":387724,"relics_obtained":[{"floor":9,"key":"StoneCalendar"}],"event_choices":[{"cards_removed":["Strike_B"],"damage_healed":0,"gold_gain":0,"player_choice":"Offered Basic","damage_taken":0,"max_hp_gain":0,"max_hp_loss":0,"event_name":"Bonfire Elementals","floor":2,"gold_loss":0},{"damage_healed":0,"gold_gain":275,"player_choice":"Desecrate","damage_taken":0,"max_hp_gain":0,"max_hp_loss":0,"event_name":"Golden Shrine","floor":4,"gold_loss":0,"cards_obtained":["Regret"]},{"damage_healed":0,"gold_gain":0,"player_choice":"Ignored","damage_taken":0,"max_hp_gain":0,"max_hp_loss":0,"event_name":"Ghosts","floor":19,"gold_loss":0},{"damage_healed":0,"gold_gain":0,"player_choice":"Inject Mutagens","damage_taken":0,"relics_obtained":["MutagenicStrength"],"max_hp_gain":0,"max_hp_loss":0,"event_name":"Drug Dealer","floor":21,"gold_loss":0}],"is_beta":false,"boss_relics":[{"not_picked":["Philosopher\u0027s Stone","Snecko Eye"],"picked":"Nuclear Battery"}],"items_purged_floors":[7,11,20],"is_endless":false,"potions_floor_spawned":[8,12,16],"killed_by":"Book of Stabbing","ascension_level":0}