{"gold_per_floor":[116,116,191,191,191,191,207,221,247,259,275,16,50,50,50,146,146,164,79,79,97,113,113,129,141,141,141,167,167,177,109,109,205,205,220,220,236,236,286,286],"floor_reached":40,"playtime":3651,"items_purged":[],"score":436,"play_id":"648ffdfb-78d3-4adb-9835-4d9efa4c2182","local_time":"20181225135437","is_ascension_mode":false,"campfire_choices":[{"data":"Flex","floor":6,"key":"SMITH"},{"data":"Pummel","floor":15,"key":"SMITH"},{"floor":23,"key":"REST"},{"floor":29,"key":"REST"},{"data":"Inflame","floor":32,"key":"SMITH"}],"neow_cost":"","seed_source_timestamp":261753560306907,"circlet_count":0,"master_deck":["Strike_R","Strike_R","Strike_R","Strike_R","Strike_R","Defend_R","Defend_R","Defend_R","Bash+1","Flex+1","Clash","Cleave","Iron Wave","Pummel+1","Battle Trance","Bludgeon+1","Uppercut+1","Searing Blow+1","Clash+1","Iron Wave+1","Clothesline+1","Flex+1","Fire Breathing+1","Inflame+1","Demon Form","Flex+1","Flex+1","Madness","Madness","Seeing Red+1"],"relics":["Burning Blood","Orichalcum","Molten Egg 2","Gremlin Horn","Lizard Tail","Anchor","Lantern","Red Mask","Runic Pyramid","Champion Belt"],"potions_floor_usage":[33,33,39,40],"damage_taken":[{"damage":11,"enemies":"Jaw Worm","floor":1,"turns":4},{"damage":8,"enemies":"Small Slimes","floor":7,"turns":3},{"damage":0,"enemies":"Cultist","floor":8,"turns":2},{"damage":0,"enemies":"Large Slime","floor":10,"turns":5},{"damage":0,"enemies":"Looter","floor":11,"turns":2},{"damage":15,"enemies":"3 Sentries","floor":13,"turns":8},{"damage":59,"enemies":"The Guardian","floor":16,"turns":9},{"damage":12,"enemies":"Shell Parasite","floor":18,"turns":3},{"damage":14,"enemies":"Spheric Guardian","floor":21,"turns":4},{"damage":22,"enemies":"Cultist and Chosen","floor":22,"turns":7},{"damage":2,"enemies":"Snecko","floor":24,"turns":3},{"damage":24,"enemies":"Shelled Parasite and Fungi","floor":25,"turns":4},{"damage":20,"enemies":"Masked Bandits","floor":28,"turns":5},{"damage":1,"enemies":"Cultist and Chosen","floor":30,"turns":4},{"damage":107,"enemies":"Champ","floor":33,"turns":13},{"damage":4,"enemies":"Orb Walker","floor":35,"turns":3},{"damage":44,"enemies":"3 Darklings","floor":37,"turns":4},{"damage":39,"enemies":"2 Orb Walkers","floor":39,"turns":5},{"damage":21,"enemies":"Reptomancer","floor":40,"turns":2}],"seed_played":"-3235553154520939128","potions_obtained":[{"floor":8,"key":"SpeedPotion"},{"floor":11,"key":"PowerPotion"},{"floor":16,"key":"LiquidBronze"},{"floor":18,"key":"Regen Potion"},{"floor":20,"key":"Fire Potion"},{"floor":37,"key":"Strength Potion"}],"is_trial":false,"path_per_floor":["M","?","?","?","?","R","M","M","T","M","M","$","E","?","R","B",null,"M","?","?","M","M","R","M","M","T","?","?","R","M","$","R","B",null,"M","?","M","?","?","E"],"character_chosen":"IRONCLAD","items_purchased":["Molten Egg 2","Inflame"],"campfire_rested":2,"item_purchase_floors":[12,31],"current_hp_per_floor":[75,75,75,80,80,80,78,84,84,85,85,85,76,76,76,23,85,79,79,79,71,55,80,84,66,66,66,52,77,82,82,82,48,85,85,85,47,36,15,0],"gold":286,"neow_bonus":"","is_prod":false,"is_daily":false,"chose_seed":false,"campfire_upgraded":3,"win_rate":0.0,"timestamp":1545764077,"path_taken":["M","?","?","?","?","R","M","?","T","M","M","$","E","?","R","BOSS","M","?","?","M","M","R","M","?","T","?","?","R","M","?","R","BOSS","M","?","M","?","?","E"],"build_version":"2018-12-20","purchased_purges":0,"victory":false,"max_hp_per_floor":[80,80,80,85,85,85,85,85,85,85,85,85,85,85,85,85,85,85,85,85,85,85,85,85,85,85,85,85,85,85,85,85,85,85,85,85,85,85,85,85],"card_choices":[{"not_picked":["Battle Trance","Bloodletting"],"picked":"Flex","floor":1},{"not_picked":["Shrug It Off","True Grit"],"picked":"Clash","floor":7},{"not_picked":["Shrug It Off","Headbutt"],"picked":"Cleave","floor":8},{"not_picked":["True Grit","Perfected Strike"],"picked":"Iron Wave","floor":10},{"not_picked":["Feed","Flex"],"picked":"Pummel","floor":11},{"not_picked":["Body Slam+1","True Grit"],"picked":"Battle Trance","floor":13},{"not_picked":["Berserk","Reaper+1"],"picked":"Bludgeon+1","floor":16},{"not_picked":["Warcry","Headbutt+1"],"picked":"Uppercut+1","floor":18},{"not_picked":["Armaments","Anger+1"],"picked":"Searing Blow+1","floor":21},{"not_picked":["Blood for Blood+1","Headbutt+1"],"picked":"Clash+1","floor":22},{"not_picked":["Anger+1","Burning Pact"],"picked":"Iron Wave+1","floor":24},{"not_picked":["Perfected Strike+1","Reckless Charge+1"],"picked":"Clothesline+1","floor":25},{"not_picked":["Sword Boomerang+1","Perfected Strike+1"],"picked":"Flex+1","floor":28},{"not_picked":["Flex","Dark Embrace"],"picked":"Fire Breathing+1","floor":30},{"not_picked":["Barricade","Offering"],"picked":"Demon Form","floor":33},{"not_picked":["Disarm","Warcry"],"picked":"Flex+1","floor":35},{"not_picked":["Perfected Strike+1","Iron Wave+1"],"picked":"Flex+1","floor":37},{"not_picked":["Battle Trance+1","Fire Breathing+1"],"picked":"Seeing Red+1","floor":39}],"player_experience":0,"relics_obtained":[{"floor":9,"key":"Orichalcum"},{"floor":13,"key":"Gremlin Horn"},{"floor":26,"key":"Lantern"},{"floor":28,"key":"Red Mask"},{"floor":39,"key":"Champion Belt"}],"event_choices":[{"damage_healed":0,"gold_gain":0,"player_choice":"Grow","damage_taken":0,"max_hp_gain":0,"max_hp_loss":0,"event_name":"Living Wall","floor":2,"gold_loss":0,"cards_upgraded":["Bash"]},{"damage_healed":0,"gold_gain":75,"player_choice":"Gained Gold","damage_taken":0,"max_hp_gain":0,"max_hp_loss":0,"event_name":"Golden Wing","floor":3,"gold_loss":0},{"damage_healed":0,"gold_gain":0,"player_choice":"Donut","damage_taken":0,"max_hp_gain":5,"max_hp_loss":0,"event_name":"Big Fish","floor":4,"gold_loss":0},{"damage_healed":0,"gold_gain":0,"player_choice":"Ignored","damage_taken":0,"max_hp_gain":0,"max_hp_loss":0,"event_name":"Purifier","floor":5,"gold_loss":0},{"damage_healed":0,"gold_gain":0,"player_choice":"Ignored","damage_taken":0,"max_hp_gain":0,"max_hp_loss":0,"event_name":"Liars Game","floor":14,"gold_loss":0},{"damage_healed":0,"gold_gain":0,"player_choice":"Obtained Relic","damage_taken":0,"relics_obtained":["Anchor"],"max_hp_gain":0,"max_hp_loss":0,"event_name":"Addict","floor":19,"gold_loss":85},{"damage_healed":0,"gold_gain":0,"player_choice":"Got Potions","damage_taken":0,"max_hp_gain":0,"max_hp_loss":0,"event_name":"Lab","floor":20,"gold_loss":0},{"damage_healed":0,"gold_gain":0,"player_choice":"Ignored","damage_taken":0,"max_hp_gain":0,"max_hp_loss":0,"event_name":"Cursed Tome","floor":27,"gold_loss":0},{"damage_healed":0,"gold_gain":0,"player_choice":"Fought Bandits","damage_taken":0,"max_hp_gain":0,"max_hp_loss":0,"event_name":"Masked Bandits","floor":28,"gold_loss":0},{"cards_removed":["Defend_R"],"damage_healed":0,"gold_gain":0,"player_choice":"Removed Skill","damage_taken":0,"max_hp_gain":0,"max_hp_loss":0,"event_name":"Falling","floor":36,"gold_loss":0},{"damage_healed":0,"gold_gain":0,"player_choice":"Embrace Madness","damage_taken":11,"max_hp_gain":0,"max_hp_loss":0,"event_name":"Winding Halls","floor":38,"gold_loss":0,"cards_obtained":["Madness","Madness"]},{"damage_healed":0,"gold_gain":0,"player_choice":"Fight","damage_taken":0,"max_hp_gain":0,"max_hp_loss":0,"event_name":"Mysterious Sphere","floor":39,"gold_loss":0}],"is_beta":false,"boss_relics":[{"not_picked":["Orrery","Philosopher\u0027s Stone"],"picked":"Lizard Tail"},{"not_picked":["Fusion Hammer","Coffee Dripper"],"picked":"Runic Pyramid"}],"items_purged_floors":[],"is_endless":false,"potions_floor_spawned":[8,11,16,18,30,37],"killed_by":"Reptomancer","ascension_level":0}