{"gold_per_floor":[110,129,145,145,155,155,186,186,186,205,215,237,265,279,279,279],"floor_reached":16,"playtime":734,"items_purged":[],"score":205,"play_id":"32f1feac-63de-4660-ae3b-d027bf38ee28","local_time":"20190507172716","is_ascension_mode":true,"campfire_choices":[{"data":"Whirlwind","floor":6,"key":"SMITH"},{"floor":8,"key":"REST"},{"data":"Entrench","floor":15,"key":"SMITH"}],"neow_cost":"NONE","seed_source_timestamp":202436013177600,"circlet_count":0,"master_deck":["AscendersBane","Strike_R","Strike_R+1","Strike_R","Strike_R","Defend_R","Defend_R","Defend_R","Defend_R+1","Bash","Sword Boomerang","Sword Boomerang","Whirlwind+1","Ghostly Armor","Ghostly Armor","Juggernaut","Entrench+1","Body Slam"],"relics":["Burning Blood","Gremlin Horn","Singing Bowl","Odd Mushroom","Happy Flower"],"potions_floor_usage":[5,7,7,13,13],"damage_taken":[{"damage":6,"enemies":"Cultist","floor":1,"turns":3},{"damage":0,"enemies":"Small Slimes","floor":2,"turns":3},{"damage":3,"enemies":"2 Louse","floor":3,"turns":2},{"damage":22,"enemies":"Large Slime","floor":5,"turns":6},{"damage":41,"enemies":"Lagavulin","floor":7,"turns":6},{"damage":4,"enemies":"2 Fungi Beasts","floor":10,"turns":2},{"damage":2,"enemies":"Looter","floor":11,"turns":4},{"damage":0,"enemies":"The Mushroom Lair","floor":12,"turns":1},{"damage":20,"enemies":"3 Sentries","floor":13,"turns":6},{"damage":29,"enemies":"Exordium Thugs","floor":14,"turns":5},{"damage":36,"enemies":"The Guardian","floor":16,"turns":2}],"seed_played":"-2503971036511282705","potions_obtained":[{"floor":1,"key":"Block Potion"},{"floor":2,"key":"Regen Potion"},{"floor":5,"key":"FearPotion"},{"floor":7,"key":"Regen Potion"},{"floor":12,"key":"SkillPotion"}],"is_trial":false,"path_per_floor":["M","M","M","?","M","R","E","R","T","M","M","?","E","M","R","B"],"character_chosen":"IRONCLAD","items_purchased":[],"campfire_rested":1,"item_purchase_floors":[],"current_hp_per_floor":[68,74,75,52,36,36,13,35,35,37,43,49,49,26,26,0],"gold":279,"neow_bonus":"REMOVE_CARD","is_prod":false,"is_daily":false,"chose_seed":false,"campfire_upgraded":2,"win_rate":0,"timestamp":1557221236,"path_taken":["M","?","M","?","M","R","E","R","T","M","M","?","E","M","R","BOSS"],"build_version":"2019-01-23","purchased_purges":0,"victory":false,"max_hp_per_floor":[75,75,75,75,75,75,75,75,75,75,77,77,77,77,77,77],"card_choices":[{"not_picked":["Dropkick","Dual Wield"],"picked":"Sword Boomerang","floor":1},{"not_picked":["Iron Wave","Thunderclap"],"picked":"Sword Boomerang","floor":2},{"not_picked":["Clash","Thunderclap"],"picked":"Whirlwind","floor":3},{"not_picked":["Barricade","Sword Boomerang"],"picked":"Ghostly Armor","floor":5},{"not_picked":["Anger","True Grit","Corruption"],"picked":"SKIP","floor":7},{"not_picked":["Rampage","Hemokinesis"],"picked":"Ghostly Armor","floor":10},{"not_picked":["True Grit","Thunderclap","Twin Strike"],"picked":"Singing Bowl","floor":11},{"not_picked":["Pommel Strike","Armaments"],"picked":"Juggernaut","floor":12},{"not_picked":["Heavy Blade","Juggernaut"],"picked":"Entrench","floor":13},{"not_picked":["Headbutt","Havoc"],"picked":"Body Slam","floor":14}],"player_experience":577935,"relics_obtained":[{"floor":7,"key":"Gremlin Horn"},{"floor":9,"key":"Singing Bowl"},{"floor":12,"key":"Odd Mushroom"},{"floor":13,"key":"Happy Flower"}],"event_choices":[{"damage_healed":0,"gold_gain":0,"player_choice":"Entered Light","damage_taken":23,"max_hp_gain":0,"max_hp_loss":0,"event_name":"Shining Light","floor":4,"gold_loss":0,"cards_upgraded":["Defend_R","Strike_R"]},{"damage_healed":0,"gold_gain":0,"player_choice":"Fought Mushrooms","damage_taken":0,"max_hp_gain":0,"max_hp_loss":0,"event_name":"Mushrooms","floor":12,"gold_loss":0}],"is_beta":false,"boss_relics":[],"items_purged_floors":[],"is_endless":false,"potions_floor_spawned":[1,2,5,7,12],"killed_by":"The Guardian","ascension_level":16}