{"path_per_floor":["M","M","M","$","?","E","R","M","T","R","$","M","?","M","R","B",null,"M","?","$","?","?","E","R","E","T","R","M","R","M","E","R"],"character_chosen":"DEFECT","items_purchased":["Electrodynamics","FocusPotion"],"gold_per_floor":[109,126,136,59,59,120,120,132,157,157,6,23,23,41,41,140,140,150,150,50,50,50,84,84,114,114,114,128,128,147,182,182,182],"floor_reached":33,"campfire_rested":4,"playtime":1598,"item_purchase_floors":[4,11],"current_hp_per_floor":[67,67,62,62,62,46,46,30,30,30,30,21,21,12,32,13,68,53,37,37,37,37,17,37,5,5,25,27,47,40,23,23,0],"items_purged":["Strike_B","Strike_B"],"gold":182,"score":318,"play_id":"9222f360-6a45-440f-8cb9-13d9f7b35722","local_time":"20180603180659","is_prod":false,"is_daily":false,"chose_seed":false,"is_ascension_mode":true,"campfire_upgraded":3,"win_rate":0,"timestamp":1528020419,"campfire_choices":[{"data":"Loop","floor":7,"key":"SMITH"},{"data":"Zap","floor":10,"key":"SMITH"},{"floor":15,"key":"REST"},{"floor":24,"key":"REST"},{"floor":27,"key":"REST"},{"floor":29,"key":"REST"},{"data":"Amplify","floor":32,"key":"SMITH"}],"path_taken":["M","M","M","$","?","E","R","M","T","R","$","?","?","M","R","BOSS","M","?","$","?","?","E","R","E","T","R","M","R","M","E","R","BOSS"],"build_version":"2018-05-31","seed_source_timestamp":552744015833025,"purchased_purges":2,"victory":false,"master_deck":["Strike_B","Defend_B","Defend_B","Defend_B","Zap+1","Dualcast","Skim","Loop+1","Capacitor","Melter","Electrodynamics+1","Amplify+1","White Noise","Thunder Strike","White Noise","Storm","Parasite","Leap+1","Thunder Strike+1"],"max_hp_per_floor":[68,68,68,68,68,68,68,68,68,68,68,68,68,68,68,68,68,68,68,68,68,68,68,68,68,68,68,68,68,68,68,68,68],"relics":["Cracked Core","Tiny Chest","Vajra","Cursed Key","Enchiridion","Blood Vial","Lantern","Ginger","Molten Egg 2"],"card_choices":[{"not_picked":["Compile Driver","Recycle"],"picked":"Capacitor","floor":1},{"not_picked":["Self Repair","Turbo","Gash"],"picked":"SKIP","floor":2},{"not_picked":["Fusion","Sweeping Beam"],"picked":"Melter","floor":3},{"not_picked":["Doom and Gloom","Leap"],"picked":"Amplify","floor":6},{"not_picked":["Barrage","Coolheaded"],"picked":"White Noise","floor":8},{"not_picked":["Stack","Skim","Fusion"],"picked":"SKIP","floor":12},{"not_picked":["Melter","Turbo","Redo"],"picked":"SKIP","floor":14},{"not_picked":["Creative AI","Meteor Strike"],"picked":"Thunder Strike","floor":16},{"not_picked":["Barrage","Ball Lightning"],"picked":"White Noise","floor":18},{"not_picked":["Genetic Algorithm","Chill"],"picked":"Storm","floor":23},{"not_picked":["Gash+1","Ball Lightning+1","Compile Driver"],"picked":"SKIP","floor":25},{"not_picked":["Coolheaded+1","Barrage","Gash"],"picked":"SKIP","floor":28},{"not_picked":["Sweeping Beam","Conserve Battery"],"picked":"Leap+1","floor":30},{"not_picked":["Static Discharge","BootSequence"],"picked":"Thunder Strike","floor":31}],"player_experience":219814,"potions_floor_usage":[6,6,16,16,16,16,23,23,28,31],"damage_taken":[{"damage":1,"enemies":"Jaw Worm","floor":1,"turns":4},{"damage":0,"enemies":"Cultist","floor":2,"turns":4},{"damage":5,"enemies":"2 Louse","floor":3,"turns":2},{"damage":16,"enemies":"Gremlin Nob","floor":6,"turns":3},{"damage":16,"enemies":"Large Slime","floor":8,"turns":4},{"damage":9,"enemies":"3 Louse","floor":12,"turns":3},{"damage":9,"enemies":"Blue Slaver","floor":14,"turns":3},{"damage":19,"enemies":"Hexaghost","floor":16,"turns":6},{"damage":15,"enemies":"2 Thieves","floor":18,"turns":2},{"damage":27,"enemies":"Gremlin Leader","floor":23,"turns":4},{"damage":34,"enemies":"Book of Stabbing","floor":25,"turns":4},{"damage":0,"enemies":"Chosen","floor":28,"turns":2},{"damage":16,"enemies":"Snake Plant","floor":30,"turns":2},{"damage":19,"enemies":"Slavers","floor":31,"turns":2},{"damage":29,"enemies":"Champ","floor":33,"turns":3}],"relics_obtained":[{"floor":6,"key":"Tiny Chest"},{"floor":9,"key":"Vajra"},{"floor":19,"key":"Enchiridion"},{"floor":23,"key":"Blood Vial"},{"floor":25,"key":"Lantern"},{"floor":26,"key":"Ginger"},{"floor":31,"key":"Molten Egg 2"}],"event_choices":[{"event_name":"The Lab","player_choice":"Got Potions","floor":5,"damage_taken":0},{"event_name":"Living Wall","player_choice":"Grow","floor":13,"damage_taken":0},{"event_name":"Cursed Tome","player_choice":"Obtained Book","floor":19,"damage_taken":0},{"event_name":"Vampires","player_choice":"Ignored","floor":21,"damage_taken":0},{"event_name":"Beggar","player_choice":"Ignored","floor":22,"damage_taken":0}],"boss_relics":[{"not_picked":["Runic Pyramid","Eternal Feather"],"picked":"Cursed Key"}],"items_purged_floors":[11,20],"potions_floor_spawned":[3,6,8,25,28],"seed_played":"8893247659150884833","killed_by":"Champ","ascension_level":1,"potions_obtained":[{"floor":3,"key":"GamblersBrew"},{"floor":5,"key":"EntropicBrew"},{"floor":5,"key":"Poison Potion"},{"floor":6,"key":"SpeedPotion"},{"floor":8,"key":"Ancient Potion"},{"floor":25,"key":"Poison Potion"},{"floor":28,"key":"Fire Potion"}],"is_trial":false}