{"gold_per_floor":[118,118,133,65,165,165,194,213,265,265,283,298,326,339,339,416,416,432,307,307,327,327,359,379,379,402,402,402,418,418,35,35,35],"floor_reached":33,"playtime":943,"items_purged":["Strike_R","Strike_R"],"score":569,"play_id":"3108b86e-18ea-4215-821c-66bf1804e533","local_time":"20190309183340","is_ascension_mode":true,"campfire_choices":[{"data":"Bludgeon","floor":6,"key":"SMITH"},{"data":"Body Slam","floor":10,"key":"SMITH"},{"data":"Sword Boomerang","floor":15,"key":"SMITH"},{"data":"True Grit","floor":25,"key":"SMITH"},{"data":"Burning Pact","floor":27,"key":"SMITH"},{"floor":32,"key":"REST"}],"neow_cost":"TEN_PERCENT_HP_LOSS","seed_source_timestamp":603317400944082,"circlet_count":0,"master_deck":["AscendersBane","Strike_R","Strike_R","Defend_R","Defend_R","Defend_R","Defend_R","Bash","Sword Boomerang+1","Bludgeon+1","Second Wind","Evolve","Body Slam+1","Flex","Battle Trance","Burning Pact+1","Impervious","True Grit+1","Shockwave","Parasite","Clumsy","Trip"],"relics":["Burning Blood","Mango","Bronze Scales","Vajra","Blue Candle","Cursed Key","Juzu Bracelet","Potion Belt","Bottled Tornado","Omamori"],"potions_floor_usage":[16,16,23,29,33,33],"damage_taken":[{"damage":9,"enemies":"2 Louse","floor":1,"turns":3},{"damage":0,"enemies":"Cultist","floor":3,"turns":3},{"damage":24,"enemies":"Gremlin Nob","floor":7,"turns":4},{"damage":2,"enemies":"Jaw Worm","floor":8,"turns":3},{"damage":10,"enemies":"Gremlin Gang","floor":11,"turns":4},{"damage":11,"enemies":"Lots of Slimes","floor":12,"turns":3},{"damage":35,"enemies":"Lagavulin","floor":13,"turns":4},{"damage":12,"enemies":"Exordium Wildlife","floor":14,"turns":3},{"damage":0,"enemies":"Slime Boss","floor":16,"turns":6},{"damage":3,"enemies":"3 Byrds","floor":18,"turns":4},{"damage":12,"enemies":"Chosen","floor":21,"turns":4},{"damage":65,"enemies":"Gremlin Leader","floor":23,"turns":7},{"damage":0,"enemies":"3 Cultists","floor":24,"turns":4},{"damage":13,"enemies":"Snake Plant","floor":29,"turns":4},{"damage":49,"enemies":"Automaton","floor":33,"turns":6}],"seed_played":"-5981288628381066133","potions_obtained":[{"floor":7,"key":"Regen Potion"},{"floor":8,"key":"PowerPotion"},{"floor":16,"key":"Ancient Potion"},{"floor":23,"key":"Fruit Juice"},{"floor":24,"key":"Swift Potion"}],"is_trial":false,"path_per_floor":["M","?","M","$","?","R","E","M","T","R","M","M","E","M","R","B",null,"M","$","?","M","?","E","M","R","T","R","?","M","T","$","R","B"],"character_chosen":"IRONCLAD","items_purchased":["Evolve","True Grit","Trip","Block Potion","Omamori"],"campfire_rested":1,"item_purchase_floors":[4,19,31,31,31],"current_hp_per_floor":[79,79,82,82,82,82,64,68,68,68,64,59,30,24,24,44,73,76,76,76,70,70,16,22,22,22,22,22,15,15,15,41,0],"gold":35,"neow_bonus":"ONE_RARE_RELIC","is_prod":false,"is_daily":false,"chose_seed":false,"campfire_upgraded":5,"win_rate":0,"timestamp":1552127620,"path_taken":["M","?","?","$","?","R","E","?","T","R","?","M","E","M","R","BOSS","M","$","?","M","?","E","M","R","T","R","?","M","?","$","R","BOSS"],"build_version":"2019-01-23","purchased_purges":2,"victory":false,"max_hp_per_floor":[82,82,82,82,82,82,82,82,82,82,82,82,82,82,82,82,82,82,82,82,82,82,87,87,87,87,87,87,87,87,87,87,87],"card_choices":[{"not_picked":["Shrug It Off","Anger"],"picked":"Sword Boomerang","floor":1},{"not_picked":["Juggernaut","Heavy Blade"],"picked":"Second Wind","floor":3},{"not_picked":["Fire Breathing","Metallicize"],"picked":"Body Slam","floor":7},{"not_picked":["Evolve","Anger"],"picked":"Flex","floor":8},{"not_picked":["Cleave","Thunderclap"],"picked":"Battle Trance","floor":11},{"not_picked":["Armaments","Pommel Strike","Blood for Blood"],"picked":"SKIP","floor":12},{"not_picked":["Body Slam","Immolate","Shrug It Off"],"picked":"SKIP","floor":13},{"not_picked":["Clothesline","Armaments"],"picked":"Burning Pact","floor":14},{"not_picked":["Exhume","Brutality"],"picked":"Impervious","floor":16},{"not_picked":["Dual Wield","Uppercut","Rage"],"picked":"SKIP","floor":18},{"not_picked":["Infernal Blade","Iron Wave"],"picked":"Shockwave","floor":21},{"not_picked":["Wild Strike","Hemokinesis","Combust"],"picked":"SKIP","floor":23},{"not_picked":["Searing Blow","Ghostly Armor","Anger+1"],"picked":"SKIP","floor":24},{"not_picked":["Anger","Sever Soul","Metallicize"],"picked":"SKIP","floor":29}],"player_experience":1168337,"relics_obtained":[{"floor":7,"key":"Bronze Scales"},{"floor":9,"key":"Vajra"},{"floor":13,"key":"Blue Candle"},{"floor":23,"key":"Juzu Bracelet"},{"floor":26,"key":"Potion Belt"},{"floor":30,"key":"Bottled Tornado"}],"event_choices":[{"damage_healed":0,"gold_gain":0,"player_choice":"1 cards matched","damage_taken":0,"max_hp_gain":0,"max_hp_loss":0,"event_name":"Match and Keep!","floor":2,"gold_loss":0,"cards_obtained":["Bludgeon"]},{"damage_healed":0,"gold_gain":100,"player_choice":"Gold","damage_taken":0,"max_hp_gain":0,"max_hp_loss":0,"event_name":"Wheel of Change","floor":5,"gold_loss":0},{"cards_removed":["Strike_R"],"damage_healed":0,"gold_gain":0,"player_choice":"Elegance","damage_taken":0,"max_hp_gain":0,"max_hp_loss":0,"event_name":"Back to Basics","floor":20,"gold_loss":0},{"damage_healed":0,"gold_gain":0,"player_choice":"Ignored","damage_taken":0,"max_hp_gain":0,"max_hp_loss":0,"event_name":"Ghosts","floor":22,"gold_loss":0},{"damage_healed":0,"gold_gain":0,"player_choice":"Ignored","damage_taken":0,"max_hp_gain":0,"max_hp_loss":0,"event_name":"Cursed Tome","floor":28,"gold_loss":0}],"is_beta":false,"boss_relics":[{"not_picked":["Busted Crown","White Beast Statue"],"picked":"Cursed Key"}],"items_purged_floors":[19,31],"is_endless":false,"potions_floor_spawned":[7,8,11,16,23,24],"killed_by":"Automaton","ascension_level":15}