{"gold_per_floor":[99,99,99,99,50,50,50,50,50,50,50,50,50,50,50,50,50,50,50,50,50,50,50,50,50,50,50,50,50,50,50,50,50],"floor_reached":33,"playtime":754,"items_purged":[],"score":253,"play_id":"5458ba88-c255-4181-9f92-6374e73178d0","local_time":"20190507011143","is_ascension_mode":false,"campfire_choices":[{"data":"Immolate","floor":6,"key":"SMITH"},{"data":"Pommel Strike","floor":11,"key":"SMITH"},{"data":"Bash","floor":15,"key":"SMITH"},{"data":"Anger","floor":23,"key":"SMITH"},{"floor":29,"key":"REST"},{"floor":32,"key":"REST"}],"neow_cost":"NONE","seed_source_timestamp":179621325957100,"circlet_count":0,"master_deck":["Strike_R+1","Strike_R+1","Strike_R+1","Strike_R+1","Strike_R+1","Defend_R+1","Defend_R+1","Defend_R+1","Defend_R+1","Bash+1","Pommel Strike+1","Anger+1","Immolate+1","Wild Strike+1","Perfected Strike+1","Shrug It Off+1","Parasite","Perfected Strike+1","Doubt","Twin Strike+1","True Grit+1"],"relics":["Ectoplasm","Golden Idol","Molten Egg 2","Ancient Tea Set","Cursed Key","Bottled Flame","Bag of Preparation","Potion Belt"],"potions_floor_usage":[2,25,25,25],"damage_taken":[{"damage":2,"enemies":"Small Slimes","floor":1,"turns":3},{"damage":3,"enemies":"Jaw Worm","floor":2,"turns":4},{"damage":0,"enemies":"2 Louse","floor":3,"turns":2},{"damage":0,"enemies":"Exordium Thugs","floor":10,"turns":2},{"damage":5,"enemies":"Exordium Wildlife","floor":13,"turns":3},{"damage":0,"enemies":"3 Louse","floor":14,"turns":2},{"damage":38,"enemies":"Hexaghost","floor":16,"turns":5},{"damage":0,"enemies":"Spheric Guardian","floor":18,"turns":2},{"damage":22,"enemies":"Book of Stabbing","floor":25,"turns":3},{"damage":2,"enemies":"Colosseum Slavers","floor":27,"turns":2},{"damage":0,"enemies":"Chosen","floor":28,"turns":2},{"damage":3,"enemies":"Centurion and Healer","floor":30,"turns":2},{"damage":94,"enemies":"Automaton","floor":33,"turns":6}],"seed_played":"-4832420072033346743","potions_obtained":[{"floor":1,"key":"Fruit Juice"},{"floor":3,"key":"GamblersBrew"},{"floor":10,"key":"Swift Potion"},{"floor":30,"key":"Poison Potion"}],"is_trial":false,"path_per_floor":["M","M","M","?","$","R","?","T","T","M","R","?","M","M","R","B",null,"M","?","$","T","$","R","$","E","T","?","M","R","M","?","R","B"],"character_chosen":"IRONCLAD","items_purchased":["Explosive Potion"],"campfire_rested":2,"item_purchase_floors":[5],"current_hp_per_floor":[78,80,80,59,59,59,64,64,64,64,64,64,59,59,59,21,90,90,90,90,90,90,90,90,68,68,66,66,90,87,87,90,0],"gold":50,"neow_bonus":"BOSS_RELIC","is_prod":false,"is_daily":false,"chose_seed":false,"campfire_upgraded":4,"win_rate":0,"timestamp":1557205903,"path_taken":["M","M","M","?","$","R","?","?","T","M","R","?","M","?","R","BOSS","M","?","?","?","$","R","$","E","T","?","M","R","?","?","R","BOSS"],"build_version":"2019-01-23","purchased_purges":0,"victory":false,"max_hp_per_floor":[80,85,85,85,85,85,90,90,90,90,90,90,90,90,90,90,90,90,90,90,90,90,90,90,90,90,90,90,90,90,90,90,90],"card_choices":[{"not_picked":["Reckless Charge","Cleave"],"picked":"Pommel Strike","floor":1},{"not_picked":["Havoc","Pummel"],"picked":"Anger","floor":2},{"not_picked":["Power Through","Body Slam"],"picked":"Immolate","floor":3},{"not_picked":["Corruption","Clash+1","Armaments"],"picked":"SKIP","floor":10},{"not_picked":["Perfected Strike+1","True Grit"],"picked":"Wild Strike+1","floor":13},{"not_picked":["Battle Trance","Sentinel"],"picked":"Perfected Strike+1","floor":14},{"not_picked":["Fire Breathing","Second Wind"],"picked":"Shrug It Off+1","floor":18},{"not_picked":["Whirlwind+1","Cleave+1"],"picked":"Perfected Strike+1","floor":25},{"not_picked":["Feel No Pain","Wild Strike+1"],"picked":"Twin Strike+1","floor":28},{"not_picked":["Havoc","Heavy Blade+1"],"picked":"True Grit+1","floor":30}],"player_experience":433554,"relics_obtained":[{"floor":8,"key":"Molten Egg 2"},{"floor":9,"key":"Ancient Tea Set"},{"floor":21,"key":"Bottled Flame"},{"floor":25,"key":"Bag of Preparation"},{"floor":26,"key":"Potion Belt"}],"event_choices":[{"damage_healed":0,"gold_gain":0,"player_choice":"Take Damage","damage_taken":21,"relics_obtained":["Golden Idol"],"max_hp_gain":0,"max_hp_loss":0,"event_name":"Golden Idol","floor":4,"gold_loss":0},{"damage_healed":0,"gold_gain":0,"player_choice":"Donut","damage_taken":0,"max_hp_gain":5,"max_hp_loss":0,"event_name":"Big Fish","floor":7,"gold_loss":0},{"damage_healed":0,"gold_gain":0,"player_choice":"Ignored","damage_taken":0,"max_hp_gain":0,"max_hp_loss":0,"event_name":"Liars Game","floor":12,"gold_loss":0},{"damage_healed":0,"gold_gain":0,"player_choice":"Fight","damage_taken":0,"max_hp_gain":0,"max_hp_loss":0,"event_name":"Colosseum","floor":27,"gold_loss":0},{"damage_healed":0,"gold_gain":0,"player_choice":"Fled From Nobs","damage_taken":0,"max_hp_gain":0,"max_hp_loss":0,"event_name":"Colosseum","floor":27,"gold_loss":0},{"damage_healed":0,"gold_gain":0,"player_choice":"Simplicity","damage_taken":0,"max_hp_gain":0,"max_hp_loss":0,"event_name":"Back to Basics","floor":31,"gold_loss":0,"cards_upgraded":["Strike_R","Strike_R","Strike_R","Strike_R","Strike_R","Defend_R","Defend_R","Defend_R","Defend_R"]}],"is_beta":false,"boss_relics":[{"not_picked":["Busted Crown","Tiny House"],"picked":"Cursed Key"}],"items_purged_floors":[],"is_endless":false,"potions_floor_spawned":[1,3,10,18,30],"killed_by":"Automaton","ascension_level":0}