{"gold_per_floor":[111,111,123,123,18,18,49,65,111,111,127,143,160,210,210,282,332,351,351],"floor_reached":19,"playtime":594,"items_purged":[],"score":369,"play_id":"10d252f2-134c-4c16-a5ae-c230850b4b4b","local_time":"20181113084600","is_ascension_mode":true,"campfire_choices":[{"data":"Discovery","floor":6.0,"key":"SMITH"},{"data":"Bouncing Flask","floor":15.0,"key":"SMITH"}],"neow_cost":"NONE","seed_source_timestamp":0,"circlet_count":0,"master_deck":["AscendersBane","Defend_G","Defend_G","Defend_G","Defend_G","Defend_G","Strike_G","Strike_G+1","Strike_G","Strike_G","Strike_G","Survivor","Neutralize","Bouncing Flask+1","Riddle With Holes","Discovery+1","Caltrops","Bane","Poisoned Stab","Burst","Terror","Tools of the Trade","Caltrops","Deflect+1"],"special_seed":0,"relics":["Ring of the Snake","NeowsBlessing","Lantern","Centennial Puzzle","Tiny House"],"potions_floor_usage":[],"damage_taken":[{"damage":0.0,"enemies":"Small Slimes","floor":1.0,"turns":1.0},{"damage":0.0,"enemies":"Jaw Worm","floor":3.0,"turns":1.0},{"damage":0.0,"enemies":"Lagavulin","floor":7.0,"turns":1.0},{"damage":0.0,"enemies":"Cultist","floor":8.0,"turns":3.0},{"damage":9.0,"enemies":"Exordium Wildlife","floor":11.0,"turns":7.0},{"damage":7.0,"enemies":"Large Slime","floor":12.0,"turns":5.0},{"damage":7.0,"enemies":"Lots of Slimes","floor":13.0,"turns":5.0},{"damage":22.0,"enemies":"The Guardian","floor":16.0,"turns":6.0},{"damage":7.0,"enemies":"3 Byrds","floor":18.0,"turns":2.0},{"damage":0,"enemies":"Colosseum Slavers","floor":19,"turns":1}],"seed_played":"6659662104066596452","potions_obtained":[{"floor":1.0,"key":"Regen Potion"},{"floor":8.0,"key":"Swift Potion"},{"floor":11.0,"key":"GhostInAJar"}],"is_trial":false,"path_per_floor":["M","$","M","?","$","R","E","M","T","?","M","M","M","?","R","B",null,"M","?"],"character_chosen":"THE_SILENT","items_purchased":["Discovery"],"campfire_rested":0,"item_purchase_floors":[5],"current_hp_per_floor":[59,59,59,64,64,64,64,64,64,64,55,48,41,41,41,19,63,56,56],"gold":351,"neow_bonus":"THREE_ENEMY_KILL","is_prod":false,"is_daily":false,"chose_seed":false,"campfire_upgraded":2,"win_rate":0,"timestamp":1542116760,"path_taken":["M","$","M","?","$","R","E","M","T","?","M","M","M","?","R","BOSS","M","?"],"build_version":"2018-11-08","purchased_purges":0,"victory":false,"max_hp_per_floor":[66,66,66,71,71,71,71,71,71,71,71,71,71,71,71,71,76,76,76],"card_choices":[{"not_picked":["Outmaneuver","Cloak And Dagger"],"picked":"Bouncing Flask","floor":1.0},{"not_picked":["Backstab","Prepared"],"picked":"Riddle With Holes","floor":3.0},{"not_picked":["Concentrate","Backflip"],"picked":"Caltrops","floor":7.0},{"not_picked":["Outmaneuver","Dagger Throw"],"picked":"Bane","floor":8.0},{"not_picked":["Eviscerate","All Out Attack"],"picked":"Poisoned Stab","floor":11.0},{"not_picked":["Quick Slash","Noxious Fumes"],"picked":"Burst","floor":12.0},{"not_picked":["Poisoned Stab","Flying Knee"],"picked":"Terror","floor":13.0},{"not_picked":["Phantasmal Killer","Unload"],"picked":"Tools of the Trade","floor":16.0},{"not_picked":["Cloak And Dagger","Dagger Spray"],"picked":"Caltrops","floor":17.0},{"not_picked":["Backflip","Flying Knee"],"picked":"Deflect+1","floor":18.0}],"player_experience":719632,"relics_obtained":[{"floor":7.0,"key":"Lantern"},{"floor":9.0,"key":"Centennial Puzzle"}],"event_choices":[{"damage_healed":0.0,"max_hp_gain":5.0,"max_hp_loss":0.0,"gold_gain":0.0,"event_name":"Big Fish","player_choice":"Donut","floor":4.0,"gold_loss":0.0,"damage_taken":0.0},{"damage_healed":0.0,"max_hp_gain":0.0,"max_hp_loss":0.0,"gold_gain":0.0,"event_name":"Golden Idol","player_choice":"Ignored","floor":10.0,"gold_loss":0.0,"damage_taken":0.0},{"damage_healed":0.0,"max_hp_gain":0.0,"max_hp_loss":0.0,"gold_gain":50.0,"event_name":"Golden Shrine","player_choice":"Pray","floor":14.0,"gold_loss":0.0,"damage_taken":0.0},{"damage_healed":0,"gold_gain":0,"player_choice":"Fight","damage_taken":0,"max_hp_gain":0,"max_hp_loss":0,"event_name":"Colosseum","floor":19,"gold_loss":0}],"is_beta":false,"boss_relics":[{"not_picked":["Sozu","Fusion Hammer"],"picked":"Tiny House"}],"items_purged_floors":[],"is_endless":false,"potions_floor_spawned":[1,8,11,16,18],"killed_by":"Colosseum Slavers","ascension_level":18}