{"path_per_floor":["M","?","?","M","M","R","M","M","T","M","?","M","$","M","R","B",null,"M","M","$","M","?","R","E","R","T","M","$","M","?","?","R"],"character_chosen":"THE_SILENT","items_purchased":["Madness","Reflex","Transmutation"],"gold_per_floor":[114,114,114,132,146,146,165,176,228,239,239,258,84,103,103,199,199,211,225,52,69,69,69,101,101,176,187,11,30,30,30,30],"floor_reached":33,"campfire_rested":0,"playtime":2687,"current_hp_per_floor":[29,80,80,77,77,77,77,77,77,69,74,74,74,74,74,28,85,85,85,85,61,61,61,47,47,47,47,47,49,49,49,49],"items_purged":["Strike_G","Defend_G"],"gold":30,"play_id":"15507069-eac2-40a5-8a19-7a65035a5cf2","is_prod":false,"is_daily":false,"campfire_rituals":0,"campfire_upgraded":5,"is_hardmode":false,"path_taken":["M","?","?","M","M","R","M","?","T","M","?","M","?","M","R","BOSS","M","M","$","M","?","R","E","R","T","M","$","M","?","?","R","BOSS"],"build_version":"2018-01-18-PROD4","purchased_purges":2,"victory":false,"master_deck":["Defend_G","Defend_G","Survivor","Neutralize","Underhanded Strike","Riddle With Holes","Dagger Throw","Well Laid Plans","Dagger Throw","Heel Hook","PiercingWail","Escape Plan","Madness","Tactician","Adrenaline","Flying Knee","Unload","Blur","Endless Agony","Reflex","Dagger Throw","Eviscerate","Choke","Transmutation","Flying Knee"],"max_hp_per_floor":[70,80,80,80,80,80,80,80,80,80,85,85,85,85,85,85,85,85,85,85,85,85,85,85,85,85,85,85,85,85,85,85],"relics":["Ring of the Snake","Ancient Tea Set","Astrolabe","Regal Pillow","Dodecahedron","Meat on the Bone"],"campfire_meditates":0,"card_choices":[{"not_picked":["Quick Slash","Poisoned Stab"],"picked":"Riddle With Holes"},{"not_picked":["Bane","Catalyst"],"picked":"Dagger Throw"},{"not_picked":["Deadly Poison","Bane"],"picked":"Well Laid Plans"},{"not_picked":["Quick Slash","Bane"],"picked":"Dagger Throw"},{"not_picked":["Dash","Crippling Poison"],"picked":"Heel Hook"},{"not_picked":["Bane","Deflect"],"picked":"PiercingWail"},{"not_picked":["Outmaneuver","Skewer"],"picked":"Escape Plan"},{"not_picked":["A Thousand Cuts","Corpse Explosion"],"picked":"Tactician"},{"not_picked":["Deflect","Backstab"],"picked":"Blur"},{"not_picked":["Bane","Poisoned Stab"],"picked":"Endless Agony"},{"not_picked":["Dagger Spray","Flechettes"],"picked":"Dagger Throw"},{"not_picked":["Acrobatics","Infinite Blades"],"picked":"Eviscerate"},{"not_picked":["Slice","Flying Knee"],"picked":"Choke"},{"not_picked":["PiercingWail","Prepared"],"picked":"Flying Knee"}],"player_experience":86889,"potions_floor_usage":[14,18,24,27,33,33],"damage_taken":[{"damage":6,"enemies":"Cultist","floor":1,"turns":4},{"damage":3,"enemies":"Blue Slaver","floor":4,"turns":6},{"damage":0,"enemies":"Jaw Worm","floor":5,"turns":3},{"damage":0,"enemies":"Looter","floor":7,"turns":3},{"damage":0,"enemies":"Large Slime","floor":8,"turns":5},{"damage":8,"enemies":"Exordium Thugs","floor":10,"turns":5},{"damage":0,"enemies":"Looter","floor":12,"turns":3},{"damage":0,"enemies":"2 Fungi Beasts","floor":14,"turns":2},{"damage":46,"enemies":"The Guardian","floor":16,"turns":14},{"damage":0,"enemies":"2 Thieves","floor":18,"turns":3},{"damage":0,"enemies":"Shell Parasite","floor":19,"turns":4},{"damage":24,"enemies":"Snake Plant","floor":21,"turns":5},{"damage":14,"enemies":"Slavers","floor":24,"turns":6},{"damage":0,"enemies":"Snecko","floor":27,"turns":3},{"damage":10,"enemies":"Chosen and Byrds","floor":29,"turns":6},{"damage":80,"enemies":"Automaton","floor":33,"turns":6}],"event_choices":[{"event_name":"Bonfire Elementals","player_choice":"RARE","floor":2,"damage_taken":0},{"event_name":"Living Wall","player_choice":"Forget","floor":3,"damage_taken":0},{"event_name":"Big Fish","player_choice":"Donut","floor":11,"damage_taken":0},{"event_name":"The Mausoleum","player_choice":"Yes","floor":22,"damage_taken":0},{"event_name":"Drug Dealer","player_choice":"Ignored","floor":30,"damage_taken":0},{"event_name":"Addict","player_choice":"Ignored","floor":31,"damage_taken":0}],"boss_relics":[{"not_picked":["White Beast Statue","Philosopher\u0027s Stone"],"picked":"Astrolabe"}],"potions_floor_spawned":[4,5,14,16,19,21,27],"seed_played":"8956700293274130720","killed_by":"Automaton","is_trial":false}