{"gold_per_floor":[164,164,339,350,368,368,388,135,135,145,161,161,161,181,181,280,280,299,224,237,237],"floor_reached":21,"playtime":986,"items_purged":["Doubt"],"score":242,"play_id":"e59f060b-6e0d-43ff-88dd-27a885eb29b8","local_time":"20180827155554","is_ascension_mode":true,"campfire_choices":[{"data":"Zap","floor":6,"key":"SMITH"},{"floor":13,"key":"REST"},{"floor":15,"key":"REST"}],"neow_cost":"NONE","seed_source_timestamp":314851640892622,"circlet_count":0,"master_deck":["Zap+1","Dualcast","Steam","Gash","Creative AI","Metamorphosis+1","Machine Learning","Force Field","Gash","Rebound","Reprogram","Steam","Hologram","Hologram","Scrape"],"relics":["Tiny House","Oddly Smooth Stone","Pandora\u0027s Box"],"potions_floor_usage":[7,21],"damage_taken":[{"damage":0,"enemies":"Jaw Worm","floor":1,"turns":3},{"damage":13,"enemies":"2 Louse","floor":4,"turns":3},{"damage":0,"enemies":"Small Slimes","floor":5,"turns":3},{"damage":11,"enemies":"Looter","floor":7,"turns":4},{"damage":22,"enemies":"Lots of Slimes","floor":10,"turns":5},{"damage":20,"enemies":"Exordium Thugs","floor":11,"turns":5},{"damage":6,"enemies":"2 Fungi Beasts","floor":14,"turns":3},{"damage":32,"enemies":"Hexaghost","floor":16,"turns":6},{"damage":0,"enemies":"Spheric Guardian","floor":18,"turns":3},{"damage":33,"enemies":"3 Byrds","floor":20,"turns":5},{"damage":39,"enemies":"Centurion and Healer","floor":21,"turns":4}],"seed_played":"-7002765670775060613","potions_obtained":[{"floor":0,"key":"Fruit Juice"},{"floor":1,"key":"FocusPotion"},{"floor":7,"key":"FocusPotion"},{"floor":10,"key":"Swift Potion"}],"is_trial":false,"path_per_floor":["M","?","?","M","M","R","M","$","T","M","M","?","R","M","R","B",null,"M","?","M"],"character_chosen":"DEFECT","items_purchased":["Metamorphosis"],"campfire_rested":2,"item_purchase_floors":[8],"current_hp_per_floor":[73,73,73,60,60,60,54,54,54,32,12,12,37,31,56,24,70,70,70,37,0],"gold":237,"neow_bonus":"BOSS_RELIC","is_prod":false,"is_daily":false,"chose_seed":false,"campfire_upgraded":1,"win_rate":0,"timestamp":1535378154,"path_taken":["M","?","?","?","M","R","M","?","T","?","M","?","R","M","R","BOSS","M","?","M","M"],"build_version":"2018-08-23v2","purchased_purges":1,"victory":false,"max_hp_per_floor":[80,80,80,80,80,80,85,85,85,85,85,85,85,85,85,85,85,85,85,85,85],"card_choices":[{"not_picked":["Consume","Barrage"],"picked":"Steam","floor":0},{"not_picked":["Barrage","Rebound"],"picked":"Gash","floor":1},{"not_picked":["Compile Driver","Sunder","Redo"],"picked":"SKIP","floor":4},{"not_picked":["Genetic Algorithm","Static Discharge","Force Field"],"picked":"SKIP","floor":5},{"not_picked":["Coolheaded","Cold Snap"],"picked":"Creative AI","floor":7},{"not_picked":["Rebound","Redo","Cold Snap"],"picked":"SKIP","floor":10},{"not_picked":["Auto Shields","Skim","Turbo"],"picked":"SKIP","floor":11},{"not_picked":["Chaos","Turbo","Beam Cell"],"picked":"SKIP","floor":14},{"not_picked":["Meteor Strike","Hyperbeam"],"picked":"Machine Learning","floor":16},{"not_picked":["Turbo","Rebound+1"],"picked":"Scrape","floor":18},{"not_picked":["Sweeping Beam","Compile Driver","Streamline"],"picked":"SKIP","floor":20}],"player_experience":537402,"relics_obtained":[{"floor":9,"key":"Oddly Smooth Stone"}],"event_choices":[{"event_name":"Scrap Ooze","player_choice":"unsuccessful","floor":2,"damage_taken":0},{"event_name":"Liars Game","player_choice":"agreed","floor":3,"damage_taken":0},{"event_name":"Upgrade Shrine","player_choice":"Upgraded","floor":12,"damage_taken":0},{"event_name":"Beggar","player_choice":"Gave Gold","floor":19,"damage_taken":0}],"is_beta":false,"boss_relics":[{"not_picked":["Orrery","Sozu"],"picked":"Pandora\u0027s Box"}],"items_purged_floors":[8],"is_endless":false,"potions_floor_spawned":[1,7,10,11,14],"killed_by":"Centurion and Healer","ascension_level":8}