{"gold_per_floor":[113,113,69,219,219,219,239,239,539,67,79,79,96,126,126,126],"floor_reached":16,"playtime":385,"items_purged":["Regret"],"score":191,"play_id":"c62313ab-48fa-4c5a-b5a0-8e04f944f58b","local_time":"20181222070323","is_ascension_mode":true,"campfire_choices":[{"data":"Choke","floor":6,"key":"SMITH"},{"data":"Accuracy","floor":8,"key":"SMITH"},{"floor":15,"key":"REST"}],"neow_cost":"NONE","seed_source_timestamp":134295394529071,"circlet_count":0,"master_deck":["AscendersBane","Defend_G","Defend_G","Defend_G","Defend_G","Defend_G","Strike_G","Strike_G","Strike_G","Strike_G","Strike_G","Survivor","Neutralize","Riddle With Holes+1","Choke+1","Doubt","Accuracy+1","Slice","Noxious Fumes","Leg Sweep+1"],"relics":["Ring of the Snake","NeowsBlessing","Gremlin Horn","Old Coin","Kunai","Toxic Egg 2","Meat on the Bone"],"potions_floor_usage":[14,14],"damage_taken":[{"damage":0,"enemies":"Small Slimes","floor":1,"turns":2},{"damage":0,"enemies":"2 Louse","floor":7,"turns":1},{"damage":0,"enemies":"Jaw Worm","floor":11,"turns":1},{"damage":4,"enemies":"Exordium Wildlife","floor":13,"turns":3},{"damage":30,"enemies":"Gremlin Nob","floor":14,"turns":4},{"damage":38,"enemies":"The Guardian","floor":16,"turns":15}],"seed_played":"-6487275637838041641","potions_obtained":[{"floor":1,"key":"SneckoOil"},{"floor":7,"key":"SkillPotion"}],"is_trial":false,"path_per_floor":["M","?","$","?","?","R","M","R","T","$","M","T","M","E","R","B"],"character_chosen":"THE_SILENT","items_purchased":["Choke","Kunai","Slice","Noxious Fumes"],"campfire_rested":1,"item_purchase_floors":[3,10,10,10],"current_hp_per_floor":[59,59,59,59,59,59,59,59,59,59,59,59,55,25,44,6],"gold":126,"neow_bonus":"THREE_ENEMY_KILL","is_prod":false,"is_daily":false,"chose_seed":false,"campfire_upgraded":2,"win_rate":0,"timestamp":1545480203,"path_taken":["M","?","$","?","?","R","M","R","T","$","M","?","?","E","R","BOSS"],"build_version":"2018-12-20","purchased_purges":1,"victory":false,"max_hp_per_floor":[66,66,66,66,66,66,66,66,66,66,66,66,66,66,66,66],"card_choices":[{"not_picked":["Backflip","Bane"],"picked":"Riddle With Holes","floor":1},{"not_picked":["Acrobatics","Caltrops"],"picked":"Accuracy","floor":7},{"not_picked":["Acrobatics","Prepared","Flechettes"],"picked":"SKIP","floor":11},{"not_picked":["Dagger Throw","Sucker Punch"],"picked":"Leg Sweep+1","floor":13},{"not_picked":["Skewer","Sucker Punch","All Out Attack"],"picked":"SKIP","floor":14}],"player_experience":794880,"relics_obtained":[{"floor":9,"key":"Old Coin"},{"floor":12,"key":"Toxic Egg 2"},{"floor":14,"key":"Meat on the Bone"}],"event_choices":[{"damage_healed":0,"gold_gain":0,"player_choice":"Grow","damage_taken":0,"max_hp_gain":0,"max_hp_loss":0,"event_name":"Living Wall","floor":2,"gold_loss":0,"cards_upgraded":["Riddle With Holes"]},{"damage_healed":0,"gold_gain":150,"player_choice":"AGREE","damage_taken":0,"max_hp_gain":0,"max_hp_loss":0,"event_name":"Liars Game","floor":4,"gold_loss":0,"cards_obtained":["Doubt"]},{"damage_healed":0,"gold_gain":0,"player_choice":"Box","damage_taken":0,"relics_obtained":["Gremlin Horn"],"max_hp_gain":0,"max_hp_loss":0,"event_name":"Big Fish","floor":5,"gold_loss":0,"cards_obtained":["Regret"]}],"is_beta":false,"boss_relics":[],"items_purged_floors":[10],"is_endless":false,"potions_floor_spawned":[1,7,11],"killed_by":"The Guardian","ascension_level":19}