{"gold_per_floor":[111,3,3,22,35,35,50,50,127,157,157,192,210,220,220,324,324,342,359,376,388,117,150,150,170,170,188,188],"floor_reached":28,"playtime":1110,"items_purged":["Strike_B","Aggregate"],"score":279,"play_id":"f1ca6cdd-a2af-4a51-91e0-1b4314e46a5a","local_time":"20190326175733","is_ascension_mode":false,"campfire_choices":[{"floor":6,"key":"RECALL"},{"data":"Rainbow","floor":8,"key":"SMITH"},{"data":"Defragment","floor":15,"key":"SMITH"},{"data":"Darkness","floor":24,"key":"SMITH"}],"neow_cost":"NONE","seed_source_timestamp":232998320441100,"circlet_count":0,"master_deck":["Zap","Dualcast","Rainbow+1","Ball Lightning","Glacier","Compile Driver","Coolheaded","Defragment+1","Capacitor","Coolheaded","Chill","Buffer","Reinforced Body","Double Energy","Buffer","Buffer","Static Discharge","Core Surge","Darkness+1","Storm","Amplify","Defragment+1","Self Repair","Multi-Cast"],"relics":["Cracked Core","PreservedInsect","Art of War","Pandora\u0027s Box","Question Card","Ornamental Fan"],"potions_floor_usage":[10,16,23,27],"damage_taken":[{"damage":4,"enemies":"2 Louse","floor":1,"turns":3},{"damage":4,"enemies":"Small Slimes","floor":4,"turns":3},{"damage":0,"enemies":"Cultist","floor":5,"turns":3},{"damage":16,"enemies":"Gremlin Gang","floor":7,"turns":3},{"damage":9,"enemies":"Gremlin Nob","floor":10,"turns":3},{"damage":0,"enemies":"Lagavulin","floor":12,"turns":5},{"damage":8,"enemies":"Red Slaver","floor":13,"turns":3},{"damage":7,"enemies":"3 Louse","floor":14,"turns":4},{"damage":16,"enemies":"Slime Boss","floor":16,"turns":8},{"damage":12,"enemies":"Shell Parasite","floor":18,"turns":5},{"damage":15,"enemies":"2 Thieves","floor":19,"turns":3},{"damage":17,"enemies":"Snake Plant","floor":20,"turns":8},{"damage":4,"enemies":"Centurion and Healer","floor":21,"turns":9},{"damage":10,"enemies":"Book of Stabbing","floor":23,"turns":5},{"damage":15,"enemies":"Shelled Parasite and Fungi","floor":25,"turns":7},{"damage":3,"enemies":"Snake Plant","floor":27,"turns":5},{"damage":21,"enemies":"Slavers","floor":28,"turns":1}],"seed_played":"-7002340979464501747","potions_obtained":[{"floor":5,"key":"AttackPotion"},{"floor":10,"key":"Fire Potion"},{"floor":14,"key":"Strength Potion"},{"floor":20,"key":"Poison Potion"},{"floor":25,"key":"Block Potion"},{"floor":27,"key":"Fire Potion"}],"is_trial":false,"path_per_floor":["M","$","?","M","M","R","M","R","T","E","?","E","M","M","R","B",null,"M","M","M","M","$","E","R","M","T","M","E"],"character_chosen":"DEFECT","items_purchased":["Glacier","Storm","Amplify"],"campfire_rested":0,"item_purchase_floors":[2,22,22],"current_hp_per_floor":[71,71,76,72,72,72,56,56,56,47,47,47,39,32,32,16,80,68,53,36,32,32,22,22,7,7,11,0],"gold":188,"neow_bonus":"ONE_RANDOM_RARE_CARD","is_prod":false,"is_daily":false,"chose_seed":false,"campfire_upgraded":3,"win_rate":0,"timestamp":1553594253,"path_taken":["M","$","?","M","M","R","M","R","T","E","?","E","M","M","R","BOSS","M","M","?","M","$","E","R","M","T","M","E"],"build_version":"2019-01-23","purchased_purges":2,"victory":false,"max_hp_per_floor":[75,75,80,80,80,80,80,80,80,80,80,80,80,80,80,80,80,80,80,80,80,80,80,80,80,80,80,80],"card_choices":[{"not_picked":["Conserve Battery","Coolheaded"],"picked":"Ball Lightning","floor":1},{"not_picked":["Gash","Lockon"],"picked":"Compile Driver","floor":4},{"not_picked":["Scrape","Streamline"],"picked":"Coolheaded","floor":5},{"not_picked":["Compile Driver","Conserve Battery","Sweeping Beam"],"picked":"SKIP","floor":7},{"not_picked":["Leap","Seek"],"picked":"Defragment","floor":10},{"not_picked":["FTL","Gash"],"picked":"Capacitor","floor":12},{"not_picked":["Stack","Compile Driver"],"picked":"Coolheaded","floor":13},{"not_picked":["Sunder","Rebound"],"picked":"Chill","floor":14},{"not_picked":["Core Surge","Thunder Strike"],"picked":"Buffer","floor":16},{"not_picked":["Barrage","Leap","Streamline"],"picked":"SKIP","floor":18},{"not_picked":["Doom and Gloom","Compile Driver","Beam Cell"],"picked":"SKIP","floor":19},{"not_picked":["Sweeping Beam","Streamline"],"picked":"Darkness","floor":20},{"not_picked":["Rebound","Sunder+1","Ball Lightning+1"],"picked":"SKIP","floor":21},{"not_picked":["Go for the Eyes","Tempest"],"picked":"Defragment+1","floor":23},{"not_picked":["Coolheaded","Go for the Eyes","Barrage"],"picked":"Self Repair","floor":25},{"not_picked":["Melter","Streamline","Rip and Tear"],"picked":"Multi-Cast","floor":27}],"player_experience":437767,"relics_obtained":[{"floor":10,"key":"PreservedInsect"},{"floor":11,"key":"Art of War"},{"floor":23,"key":"Question Card"},{"floor":26,"key":"Ornamental Fan"}],"event_choices":[{"damage_healed":0,"gold_gain":0,"player_choice":"Donut","damage_taken":0,"max_hp_gain":5,"max_hp_loss":0,"event_name":"Big Fish","floor":3,"gold_loss":0},{"damage_healed":0,"gold_gain":0,"player_choice":"Relic","damage_taken":0,"max_hp_gain":0,"max_hp_loss":0,"event_name":"Wheel of Change","floor":11,"gold_loss":0}],"is_beta":false,"boss_relics":[{"not_picked":["Runic Pyramid","Calling Bell"],"picked":"Pandora\u0027s Box"}],"items_purged_floors":[2,22],"is_endless":false,"potions_floor_spawned":[5,10,14,20,25,27],"killed_by":"Slavers","ascension_level":0}