{"gold_per_floor":[99,99,99,99,99,99,99,99,99,99,99,99,99,99,99,99,99,99,99,99,79,79,79,79,4,4,4,4,4,4,4,4,4,4,4,4,4,4,4,4,4],"floor_reached":41,"playtime":1950,"items_purged":[],"score":453,"play_id":"c11aaf0c-8684-4a67-b568-188dc24f1e04","local_time":"20190506110053","is_ascension_mode":true,"campfire_choices":[{"floor":6,"key":"REST"},{"floor":8,"key":"REST"},{"floor":12,"key":"REST"},{"floor":15,"key":"REST"},{"floor":23,"key":"REST"},{"floor":29,"key":"REST"},{"floor":32,"key":"REST"},{"floor":40,"key":"REST"}],"neow_cost":"NONE","seed_source_timestamp":147457522002400,"circlet_count":0,"master_deck":["Strike_B","Defend_B","Defend_B","Zap","Dualcast","Ball Lightning","Gash+1","Defragment","Conserve Battery","All For One+1","Static Discharge","Machine Learning","All For One+1","Beam Cell+1","Go for the Eyes+1","Scrape+1","Leap+1","Darkness","Storm","Multi-Cast","Cold Snap+1","Leap+1","Deep Breath"],"relics":["Ectoplasm","DataDisk","Oddly Smooth Stone","Molten Egg 2","Du-Vu Doll","Smiling Mask","Astrolabe","Orichalcum","Potion Belt","Busted Crown"],"potions_floor_usage":[11,16,24,28,31,33],"damage_taken":[{"damage":1,"enemies":"Jaw Worm","floor":1,"turns":3},{"damage":0,"enemies":"Cultist","floor":3,"turns":3},{"damage":21,"enemies":"Lagavulin","floor":7,"turns":5},{"damage":0,"enemies":"Small Slimes","floor":10,"turns":2},{"damage":24,"enemies":"Gremlin Nob","floor":11,"turns":4},{"damage":6,"enemies":"Blue Slaver","floor":13,"turns":3},{"damage":24,"enemies":"3 Sentries","floor":14,"turns":6},{"damage":27,"enemies":"Slime Boss","floor":16,"turns":6},{"damage":4,"enemies":"Spheric Guardian","floor":18,"turns":3},{"damage":13,"enemies":"Shell Parasite","floor":19,"turns":3},{"damage":30,"enemies":"Snake Plant","floor":22,"turns":3},{"damage":10,"enemies":"Chosen and Byrds","floor":24,"turns":4},{"damage":9,"enemies":"3 Cultists","floor":28,"turns":5},{"damage":13,"enemies":"Shelled Parasite and Fungi","floor":30,"turns":3},{"damage":19,"enemies":"Book of Stabbing","floor":31,"turns":4},{"damage":48,"enemies":"Automaton","floor":33,"turns":8},{"damage":16,"enemies":"3 Darklings","floor":35,"turns":5},{"damage":18,"enemies":"Orb Walker","floor":36,"turns":4},{"damage":19,"enemies":"Writhing Mass","floor":37,"turns":7},{"damage":47,"enemies":"Reptomancer","floor":41,"turns":3}],"seed_played":"8467269734103995249","potions_obtained":[{"floor":1,"key":"Strength Potion"},{"floor":3,"key":"FairyPotion"},{"floor":10,"key":"AttackPotion"},{"floor":14,"key":"Explosive Potion"},{"floor":18,"key":"SteroidPotion"},{"floor":21,"key":"Energy Potion"},{"floor":22,"key":"EssenceOfSteel"},{"floor":30,"key":"FocusPotion"},{"floor":31,"key":"SkillPotion"}],"is_trial":false,"path_per_floor":["M","?","M","?","T","R","E","R","T","M","E","R","M","E","R","B",null,"M","M","?","?","M","R","M","?","T","?","M","R","M","E","R","B",null,"M","M","M","$","?","R","E"],"character_chosen":"DEFECT","items_purchased":[],"campfire_rested":8,"item_purchase_floors":[],"current_hp_per_floor":[74,74,74,59,59,75,54,75,75,75,51,73,67,43,65,38,75,71,58,58,58,28,50,40,40,40,40,31,53,40,21,43,7,75,59,41,22,22,22,44,0],"gold":4,"neow_bonus":"BOSS_RELIC","is_prod":false,"is_daily":false,"chose_seed":false,"campfire_upgraded":0,"win_rate":0,"timestamp":1557154853,"path_taken":["M","?","?","?","?","R","E","R","T","M","E","R","M","E","R","BOSS","M","M","?","?","?","R","M","?","T","?","?","R","M","E","R","BOSS","M","M","M","$","?","R","E"],"build_version":"2019-01-23","purchased_purges":0,"victory":false,"max_hp_per_floor":[75,75,75,75,75,75,75,75,75,75,75,75,75,75,75,75,75,75,75,75,75,75,75,75,75,75,75,75,75,75,75,75,75,75,75,75,75,75,75,75,75],"card_choices":[{"not_picked":["Double Energy","Turbo"],"picked":"Ball Lightning","floor":1},{"not_picked":["Barrage","Compile Driver"],"picked":"Gash","floor":3},{"not_picked":["Hologram","Self Repair"],"picked":"Defragment","floor":7},{"not_picked":["Scrape+1","Static Discharge"],"picked":"Conserve Battery","floor":10},{"not_picked":["Stack","Aggregate"],"picked":"All For One+1","floor":11},{"not_picked":["Hologram","Beam Cell+1"],"picked":"Static Discharge","floor":13},{"not_picked":["Sunder+1","Tempest"],"picked":"Machine Learning","floor":14},{"not_picked":["Amplify","Multi-Cast"],"picked":"All For One+1","floor":16},{"not_picked":["Go for the Eyes+1","Stack","Hologram"],"picked":"SKIP","floor":18},{"not_picked":["Scrape+1","Ball Lightning+1","Heatsinks"],"picked":"SKIP","floor":19},{"not_picked":["Fusion+1","Steam"],"picked":"Leap+1","floor":22},{"not_picked":["Blizzard+1","Ball Lightning+1"],"picked":"Darkness","floor":24},{"not_picked":["Hologram","Sweeping Beam+1","Go for the Eyes+1"],"picked":"SKIP","floor":28},{"not_picked":["Hyperbeam+1","Rebound+1"],"picked":"Storm","floor":30},{"not_picked":["Heatsinks","Barrage+1","Stack"],"picked":"SKIP","floor":31},{"not_picked":["All For One+1","Fission"],"picked":"Multi-Cast","floor":33},{"not_picked":[],"picked":"Cold Snap+1","floor":35},{"not_picked":["Steam+1"],"picked":"SKIP","floor":36},{"not_picked":[],"picked":"Leap+1","floor":37},{"not_picked":[],"picked":"Deep Breath","floor":39}],"player_experience":108703,"relics_obtained":[{"floor":5,"key":"DataDisk"},{"floor":7,"key":"Oddly Smooth Stone"},{"floor":9,"key":"Molten Egg 2"},{"floor":11,"key":"Du-Vu Doll"},{"floor":14,"key":"Smiling Mask"},{"floor":26,"key":"Orichalcum"},{"floor":31,"key":"Potion Belt"}],"event_choices":[{"damage_healed":0,"gold_gain":0,"cards_transformed":["Strike_B"],"player_choice":"Transformed","damage_taken":0,"max_hp_gain":0,"max_hp_loss":0,"event_name":"Transmorgrifier","floor":2,"gold_loss":0,"cards_obtained":["Rebound"]},{"damage_healed":0,"gold_gain":0,"player_choice":"Entered Light","damage_taken":15,"max_hp_gain":0,"max_hp_loss":0,"event_name":"Shining Light","floor":4,"gold_loss":0,"cards_upgraded":["Rebound","Gash"]},{"damage_healed":0,"gold_gain":0,"player_choice":"Ignored","damage_taken":0,"max_hp_gain":0,"max_hp_loss":0,"event_name":"Vampires","floor":20,"gold_loss":0},{"damage_healed":0,"gold_gain":0,"player_choice":"Bought 1 Potion","damage_taken":0,"max_hp_gain":0,"max_hp_loss":0,"event_name":"The Woman in Blue","floor":21,"gold_loss":0},{"cards_removed":["Strike_B"],"damage_healed":0,"gold_gain":0,"player_choice":"Gave Gold","damage_taken":0,"max_hp_gain":0,"max_hp_loss":0,"event_name":"Beggar","floor":25,"gold_loss":75},{"cards_removed":["Defend_B"],"damage_healed":0,"gold_gain":0,"player_choice":"Purged","damage_taken":0,"max_hp_gain":0,"max_hp_loss":0,"event_name":"Purifier","floor":27,"gold_loss":0},{"damage_healed":0,"gold_gain":0,"player_choice":"Memory 1","damage_taken":0,"max_hp_gain":0,"max_hp_loss":0,"event_name":"SensoryStone","floor":39,"gold_loss":0}],"is_beta":false,"boss_relics":[{"not_picked":["Inserter","Cursed Key"],"picked":"Astrolabe"},{"not_picked":["Black Star","Empty Cage"],"picked":"Busted Crown"}],"items_purged_floors":[],"is_endless":false,"potions_floor_spawned":[1,3,10,14,18,22,30,31],"killed_by":"Reptomancer","ascension_level":1}