{"gold_per_floor":[117,131,94,94,111,111,146,146,170,185,215,231,156,167,167,244,244,259,272,272,547,567,567,585,264,264,18,18,28,28],"floor_reached":30,"playtime":1635,"items_purged":["Strike_G","Regret"],"score":484,"play_id":"9e274b65-ca40-4abc-923f-2e5777d50995","local_time":"20190422104623","is_ascension_mode":true,"campfire_choices":[{"data":"Caltrops","floor":6.0,"key":"SMITH"},{"floor":8.0,"key":"REST"},{"data":"Dagger Spray","floor":15.0,"key":"SMITH"},{"floor":23,"key":"REST"},{"data":"Footwork","floor":28,"key":"SMITH"}],"neow_cost":"NONE","seed_source_timestamp":0,"circlet_count":0,"master_deck":["AscendersBane","Defend_G","Defend_G","Defend_G","Defend_G","Defend_G","Strike_G","Strike_G","Strike_G","Strike_G","Survivor","Neutralize","Predator","Backflip","Caltrops","Caltrops+1","Crippling Poison","Terror","Footwork+1","Bouncing Flask","Leg Sweep","Dagger Spray+1","Caltrops","Well Laid Plans","Distraction+1","Glass Knife","Finesse","Escape Plan","Jack Of All Trades"],"special_seed":0,"relics":["Velvet Choker","Vajra","Prayer Wheel","Lantern","Anchor","Eternal Feather","PrismaticShard","Bottled Flame"],"potions_floor_usage":[20,22],"damage_taken":[{"damage":5.0,"enemies":"Cultist","floor":1.0,"turns":6.0},{"damage":4.0,"enemies":"2 Louse","floor":2.0,"turns":3.0},{"damage":2.0,"enemies":"Jaw Worm","floor":5.0,"turns":3.0},{"damage":30.0,"enemies":"Gremlin Nob","floor":7.0,"turns":4.0},{"damage":5.0,"enemies":"Gremlin Gang","floor":10.0,"turns":4.0},{"damage":6.0,"enemies":"Lagavulin","floor":11.0,"turns":7.0},{"damage":0.0,"enemies":"Lots of Slimes","floor":12.0,"turns":3.0},{"damage":0.0,"enemies":"Exordium Thugs","floor":14.0,"turns":5.0},{"damage":20.0,"enemies":"Slime Boss","floor":16.0,"turns":9.0},{"damage":0.0,"enemies":"3 Byrds","floor":18.0,"turns":3.0},{"damage":8.0,"enemies":"Spheric Guardian","floor":19.0,"turns":5.0},{"damage":11,"enemies":"Colosseum Slavers","floor":20,"turns":5},{"damage":22,"enemies":"Shelled Parasite and Fungi","floor":22,"turns":4},{"damage":4,"enemies":"Chosen and Byrds","floor":24,"turns":5},{"damage":38,"enemies":"Cultist and Chosen","floor":29,"turns":5},{"damage":23,"enemies":"Sentry and Sphere","floor":30,"turns":5}],"seed_played":"652076657547474505","potions_obtained":[{"floor":1.0,"key":"FearPotion"},{"floor":7.0,"key":"FearPotion"},{"floor":11.0,"key":"EntropicBrew"},{"floor":16.0,"key":"AttackPotion"},{"floor":18.0,"key":"AttackPotion"}],"is_trial":false,"path_per_floor":["M","M","$","?","M","R","E","R","T","M","E","M","$","M","R","B",null,"M","M","?","?","M","R","M","$","T","$","R","M","M"],"character_chosen":"THE_SILENT","items_purchased":["Caltrops","PrismaticShard","Glass Knife","Finesse"],"campfire_rested":2,"item_purchase_floors":[3,25,27,27],"current_hp_per_floor":[54,50,50,50,48,48,18,37,37,32,26,26,26,26,26,6,51,51,43,32,32,10,44,40,40,40,40,55,17,0],"gold":28,"neow_bonus":"BOSS_RELIC","is_prod":false,"is_daily":false,"chose_seed":false,"campfire_upgraded":3,"win_rate":0,"timestamp":1555944383,"path_taken":["M","M","$","?","M","R","E","R","T","M","E","?","$","M","R","BOSS","M","M","?","?","M","R","M","$","T","$","R","M","?"],"build_version":"2019-04-21","purchased_purges":2,"victory":false,"max_hp_per_floor":[66,66,66,66,66,66,66,66,66,66,66,66,66,66,66,66,66,66,66,66,66,66,66,66,66,66,66,66,66,66],"card_choices":[{"not_picked":["Flechettes","Bane"],"picked":"Predator","floor":1.0},{"not_picked":["Quick Slash","Blade Dance"],"picked":"Backflip","floor":2.0},{"not_picked":["Deflect","Cloak And Dagger"],"picked":"Caltrops","floor":5.0},{"not_picked":["Storm of Steel","Blur"],"picked":"Crippling Poison","floor":7.0},{"not_picked":["Backflip","Flying Knee"],"picked":"Terror","floor":10.0},{"not_picked":["Dodge and Roll","Blade Dance"],"picked":"Footwork","floor":10.0},{"not_picked":["Noxious Fumes","Escape Plan"],"picked":"Bouncing Flask","floor":11.0},{"not_picked":["Blur","Reflex"],"picked":"Leg Sweep","floor":12.0},{"not_picked":["Slice","Finisher","Bane"],"picked":"SKIP","floor":12.0},{"not_picked":["Backflip","Sucker Punch"],"picked":"Dagger Spray","floor":14.0},{"not_picked":["Infinite Blades","Noxious Fumes","Tools of the Trade"],"picked":"SKIP","floor":14.0},{"not_picked":["Blade Dance","Slice"],"picked":"Caltrops","floor":18.0},{"not_picked":["Flying Knee+1","Dodge and Roll"],"picked":"Well Laid Plans","floor":18.0},{"not_picked":["Dagger Throw","All Out Attack","Sucker Punch"],"picked":"SKIP","floor":19.0},{"not_picked":["Slice","Acrobatics","Poisoned Stab"],"picked":"SKIP","floor":19.0},{"not_picked":["Dodge and Roll","Dagger Throw"],"picked":"Distraction+1","floor":22},{"not_picked":["Concentrate","Slice","All Out Attack"],"picked":"SKIP","floor":22},{"not_picked":["Slice","Prepared","Terror+1"],"picked":"SKIP","floor":24},{"not_picked":["Doppelganger","Deadly Poison","Deflect"],"picked":"SKIP","floor":24},{"not_picked":["Underhanded Strike","Heavy Blade"],"picked":"Escape Plan","floor":29},{"not_picked":["Genetic Algorithm","Slice"],"picked":"Jack Of All Trades","floor":29}],"player_experience":1360645,"relics_obtained":[{"floor":7.0,"key":"Prayer Wheel"},{"floor":9.0,"key":"Lantern"},{"floor":11.0,"key":"Anchor"},{"floor":26,"key":"Bottled Flame"}],"event_choices":[{"damage_healed":0.0,"max_hp_gain":0.0,"max_hp_loss":0.0,"gold_gain":0.0,"event_name":"WeMeetAgain","player_choice":"Gave Potion","floor":4.0,"gold_loss":0.0,"damage_taken":0.0,"relics_obtained":["Vajra"]},{"damage_healed":0,"gold_gain":0,"player_choice":"Fight","damage_taken":0,"max_hp_gain":0,"max_hp_loss":0,"event_name":"Colosseum","floor":20,"gold_loss":0},{"damage_healed":0,"gold_gain":0,"player_choice":"Fled From Nobs","damage_taken":0,"max_hp_gain":0,"max_hp_loss":0,"event_name":"Colosseum","floor":20,"gold_loss":0},{"damage_healed":0,"gold_gain":275,"player_choice":"Desecrate","damage_taken":0,"max_hp_gain":0,"max_hp_loss":0,"event_name":"Golden Shrine","floor":21,"gold_loss":0,"cards_obtained":["Regret"]}],"is_beta":true,"boss_relics":[{"not_picked":["Tiny House","Coffee Dripper"],"picked":"Eternal Feather"}],"items_purged_floors":[13,25],"is_endless":false,"potions_floor_spawned":[1,7,11,16,18,20],"killed_by":"Sentry and Sphere","ascension_level":20}