{"gold_per_floor":[14,14,28,2,14,14,41,54,78,103,103,120,120,145,145,249,249,261,39,39,39,55,55],"floor_reached":23,"playtime":930,"items_purged":[],"score":230,"play_id":"b2a2dda1-edeb-407b-ba0e-6311f6a2e09b","local_time":"20190323221703","is_ascension_mode":true,"campfire_choices":[{"floor":6,"key":"DIG"},{"floor":11,"key":"DIG"},{"floor":13,"key":"REST"},{"floor":15,"key":"DIG"}],"neow_cost":"NO_GOLD","seed_source_timestamp":912336810434468,"circlet_count":0,"master_deck":["Strike_B","Strike_B","Strike_B","Defend_B","Defend_B","Defend_B","Defend_B","Zap","Dualcast","Rebound","Reinforced Body","Streamline","Gash","Tempest","Capacitor","Beam Cell","Auto Shields","Turbo","Electrodynamics+1","Machine Learning+1","Reinforced Body+1","Loop+1","Defragment+1"],"relics":["Cracked Core","Shovel","PreservedInsect","Omamori","Frozen Egg 2","Kunai","Oddly Smooth Stone","Orichalcum","Black Star","Blood Vial","Girya"],"potions_floor_usage":[7,16,23,23],"damage_taken":[{"damage":0,"enemies":"Small Slimes","floor":1,"turns":3},{"damage":6,"enemies":"Cultist","floor":3,"turns":3},{"damage":0,"enemies":"2 Louse","floor":5,"turns":1},{"damage":19,"enemies":"Lagavulin","floor":7,"turns":5},{"damage":10,"enemies":"Looter","floor":8,"turns":3},{"damage":24,"enemies":"3 Sentries","floor":10,"turns":5},{"damage":1,"enemies":"2 Fungi Beasts","floor":12,"turns":3},{"damage":7,"enemies":"Lagavulin","floor":14,"turns":5},{"damage":14,"enemies":"Hexaghost","floor":16,"turns":9},{"damage":40,"enemies":"3 Byrds","floor":18,"turns":4},{"damage":23,"enemies":"Shell Parasite","floor":22,"turns":7},{"damage":33,"enemies":"Slavers","floor":23,"turns":2}],"seed_played":"731120716063727610","potions_obtained":[{"floor":5,"key":"Strength Potion"},{"floor":8,"key":"Dexterity Potion"},{"floor":10,"key":"Ancient Potion"},{"floor":22,"key":"Regen Potion"}],"is_trial":false,"path_per_floor":["M","?","M","$","M","R","E","M","T","E","R","M","R","E","R","B",null,"M","$","?","?","M","E"],"character_chosen":"DEFECT","items_purchased":["Gash","Loop+1","Blood Vial"],"campfire_rested":1,"item_purchase_floors":[4,19,19],"current_hp_per_floor":[75,75,69,69,69,69,50,40,40,16,16,15,37,30,30,16,75,35,35,35,35,14,0],"gold":55,"neow_bonus":"ONE_RARE_RELIC","is_prod":false,"is_daily":false,"chose_seed":false,"campfire_upgraded":0,"win_rate":0,"timestamp":1553404623,"path_taken":["M","?","M","$","M","R","E","M","T","E","R","?","R","E","R","BOSS","M","?","?","?","M","E"],"build_version":"2019-01-23","purchased_purges":0,"victory":false,"max_hp_per_floor":[75,75,75,75,75,75,75,75,75,75,75,75,75,75,75,75,75,75,75,75,75,75,75],"card_choices":[{"not_picked":["Skim","Redo"],"picked":"Rebound","floor":1},{"not_picked":["Double Energy","Stack"],"picked":"Streamline","floor":3},{"not_picked":["Chaos","Hologram"],"picked":"Tempest","floor":5},{"not_picked":["Conserve Battery","Compile Driver"],"picked":"Capacitor","floor":7},{"not_picked":["Rebound","Stack"],"picked":"Beam Cell","floor":8},{"not_picked":["Reboot","Redo"],"picked":"Auto Shields","floor":10},{"not_picked":["Hologram","Streamline"],"picked":"Turbo","floor":12},{"not_picked":["Reprogram","Ball Lightning"],"picked":"Electrodynamics+1","floor":14},{"not_picked":["Amplify","Meteor Strike"],"picked":"Machine Learning+1","floor":16},{"not_picked":["Turbo","Redo"],"picked":"Reinforced Body+1","floor":18},{"not_picked":["Doom and Gloom","Ball Lightning"],"picked":"Defragment+1","floor":22}],"player_experience":404024,"relics_obtained":[{"floor":6,"key":"PreservedInsect"},{"floor":7,"key":"Omamori"},{"floor":10,"key":"Frozen Egg 2"},{"floor":11,"key":"Kunai"},{"floor":14,"key":"Oddly Smooth Stone"},{"floor":15,"key":"Orichalcum"}],"event_choices":[{"damage_healed":0,"gold_gain":0,"cards_transformed":["Strike_B"],"player_choice":"Transformed","damage_taken":0,"max_hp_gain":0,"max_hp_loss":0,"event_name":"Transmorgrifier","floor":2,"gold_loss":0,"cards_obtained":["Reinforced Body"]},{"damage_healed":0,"gold_gain":0,"player_choice":"Ignored","damage_taken":0,"max_hp_gain":0,"max_hp_loss":0,"event_name":"Beggar","floor":20,"gold_loss":0},{"damage_healed":0,"gold_gain":0,"player_choice":"Opened","damage_taken":0,"relics_obtained":["Girya"],"max_hp_gain":0,"max_hp_loss":0,"event_name":"The Mausoleum","floor":21,"gold_loss":0,"cards_obtained":["Writhe"]}],"is_beta":false,"boss_relics":[{"not_picked":["Runic Dome","Fusion Hammer"],"picked":"Black Star"}],"items_purged_floors":[],"is_endless":false,"potions_floor_spawned":[5,8,10,22],"killed_by":"Slavers","ascension_level":2}