{"gold_per_floor":[20,20,39,39,55,55,80,80,80,80,80,30,40,72,72,170,170,189,289,289,303,330,330,358,388,400,425,437,474,498,530,542,651,663,694,716,275,275,375,406,406,4,4,17,36,36,36,49,49,49],"floor_reached":51,"playtime":4172,"items_purged":[],"score":1004,"play_id":"17132fe8-c039-4d03-981f-3ca7cea8a355","local_time":"20190119152549","is_ascension_mode":true,"campfire_choices":[{"floor":6.0,"key":"REST"},{"data":"Body Slam","floor":8.0,"key":"SMITH"},{"data":"Spot Weakness","floor":10.0,"key":"SMITH"},{"floor":15.0,"key":"REST"},{"floor":23.0,"key":"REST"},{"floor":28.0,"key":"REST"},{"data":"True Grit","floor":32.0,"key":"SMITH"},{"data":"Berserk","floor":41.0,"key":"SMITH"},{"data":"Mind Blast","floor":47.0,"key":"SMITH"},{"data":"Uppercut","floor":49,"key":"SMITH"}],"neow_cost":"NO_GOLD","seed_source_timestamp":0,"circlet_count":0,"master_deck":["Strike_R","Strike_R+1","Defend_R","Defend_R+1","Defend_R","Defend_R","Bash","Sword Boomerang+1","Body Slam+1","True Grit+1","Spot Weakness+1","Flex+1","Inflame","Ghostly Armor+1","Iron Wave","Berserk+1","Heavy Blade","Uppercut+1","Sword Boomerang+1","Rage+1","Spot Weakness+1","Uppercut+1","Inflame","Immolate","Ghostly Armor+1","Entrench+1","Spot Weakness+1","Reaper","Intimidate+1","Sentinel+1","Clash+1","Whirlwind+1","Heavy Blade+1","Armaments+1","Limit Break+1","Inflame+1","Metallicize+1","Mind Blast+1","Secret Technique+1","Dramatic Entrance"],"special_seed":0,"relics":["Burning Blood","Prayer Wheel","Meat on the Bone","Strawberry","Omamori","Toxic Egg 2","Eternal Feather","Champion Belt","Shuriken","Blood Vial","Oddly Smooth Stone","MawBank","Centennial Puzzle","Art of War","Astrolabe","Happy Flower","Strange Spoon","FossilizedHelix","Anchor","Lantern","War Paint"],"potions_floor_usage":[50,50,50],"damage_taken":[{"damage":16.0,"enemies":"Jaw Worm","floor":1.0,"turns":6.0},{"damage":2.0,"enemies":"Small Slimes","floor":3.0,"turns":4.0},{"damage":7.0,"enemies":"2 Louse","floor":5.0,"turns":4.0},{"damage":4.0,"enemies":"Lagavulin","floor":7.0,"turns":6.0},{"damage":7.0,"enemies":"Red Slaver","floor":13.0,"turns":2.0},{"damage":23.0,"enemies":"Gremlin Nob","floor":14.0,"turns":4.0},{"damage":45.0,"enemies":"Hexaghost","floor":16.0,"turns":7.0},{"damage":33.0,"enemies":"Spheric Guardian","floor":18.0,"turns":5.0},{"damage":18.0,"enemies":"Colosseum Slavers","floor":19.0,"turns":3.0},{"damage":39.0,"enemies":"Colosseum Nobs","floor":19.0,"turns":7.0},{"damage":25.0,"enemies":"Shell Parasite","floor":21.0,"turns":5.0},{"damage":54.0,"enemies":"Slavers","floor":24.0,"turns":6.0},{"damage":25.0,"enemies":"Chosen and Byrds","floor":25.0,"turns":6.0},{"damage":17.0,"enemies":"3 Cultists","floor":27.0,"turns":4.0},{"damage":0.0,"enemies":"Gremlin Leader","floor":29.0,"turns":6.0},{"damage":7.0,"enemies":"Snake Plant","floor":30.0,"turns":4.0},{"damage":27.0,"enemies":"Snecko","floor":31.0,"turns":6.0},{"damage":69.0,"enemies":"Collector","floor":33.0,"turns":8.0},{"damage":48.0,"enemies":"3 Shapes","floor":35.0,"turns":8.0},{"damage":16.0,"enemies":"Orb Walker","floor":36.0,"turns":4.0},{"damage":0.0,"enemies":"Mind Bloom Boss Battle","floor":39.0,"turns":5.0},{"damage":56.0,"enemies":"Giant Head","floor":40.0,"turns":7.0},{"damage":6.0,"enemies":"Transient","floor":44.0,"turns":5.0},{"damage":10.0,"enemies":"4 Shapes","floor":45.0,"turns":4.0},{"damage":0,"enemies":"Maw","floor":48,"turns":5},{"damage":107,"enemies":"Awakened One","floor":50,"turns":8}],"seed_played":"-6881757705570628305","potions_obtained":[{"floor":1.0,"key":"Dexterity Potion"},{"floor":5.0,"key":"Block Potion"},{"floor":7.0,"key":"BloodPotion"},{"floor":14.0,"key":"Strength Potion"},{"floor":18.0,"key":"AttackPotion"},{"floor":21.0,"key":"FearPotion"},{"floor":24.0,"key":"Regen Potion"},{"floor":25.0,"key":"GamblersBrew"},{"floor":30.0,"key":"PowerPotion"},{"floor":36.0,"key":"Fire Potion"},{"floor":44.0,"key":"Block Potion"},{"floor":45.0,"key":"EssenceOfSteel"}],"is_trial":false,"path_per_floor":["M","?","M","?","M","R","E","R","T","R","?","$","M","E","R","B",null,"M","?","?","M","T","R","E","M","T","M","R","E","M","M","R","B",null,"M","M","$","?","?","E","R","$","T","M","M","?","R","M","R","B",null],"character_chosen":"IRONCLAD","items_purchased":["FearPotion","Happy Flower","Fire Potion","Explosive Potion","Strange Spoon","Limit Break+1","Lantern","Block Potion","SteroidPotion"],"campfire_rested":4,"item_purchase_floors":[12,37,37,37,37,42,42,42,42],"current_hp_per_floor":[62,46,50,38,49,73,82,82,82,82,82,82,81,64,87,60,80,53,40,40,35,35,73,39,49,49,52,87,87,86,66,84,35,74,61,65,65,87,87,66,84,84,84,86,83,73,87,87,87,34],"gold":49,"neow_bonus":"ONE_RARE_RELIC","is_prod":false,"is_daily":false,"chose_seed":false,"campfire_upgraded":6,"win_rate":0,"timestamp":1547907949,"path_taken":["M","?","M","?","M","R","E","R","T","R","?","$","M","E","R","BOSS","M","?","?","M","?","R","E","M","T","M","R","E","M","M","R","BOSS","M","M","$","?","?","E","R","$","T","?","M","?","R","M","R","BOSS"],"build_version":"2019-01-17v2","purchased_purges":0,"victory":true,"max_hp_per_floor":[80,80,80,80,80,80,87,87,87,87,87,87,87,87,87,87,87,87,87,87,87,87,87,87,87,87,87,87,87,87,87,87,87,87,87,87,87,87,87,87,87,87,87,87,87,87,87,87,87,87],"card_choices":[{"not_picked":["Intimidate","Cleave"],"picked":"Sword Boomerang","floor":1.0},{"not_picked":["Burning Pact","Sentinel","Twin Strike"],"picked":"SKIP","floor":1.0},{"not_picked":["True Grit","Anger"],"picked":"Body Slam","floor":3.0},{"not_picked":["Warcry","Reckless Charge","Wild Strike"],"picked":"SKIP","floor":3.0},{"not_picked":["Twin Strike","Berserk"],"picked":"True Grit","floor":5.0},{"not_picked":["Armaments","Blood for Blood"],"picked":"Spot Weakness","floor":5.0},{"not_picked":["Headbutt","Dropkick"],"picked":"Flex","floor":7.0},{"not_picked":["Twin Strike","Clash"],"picked":"Inflame","floor":13.0},{"not_picked":["Armaments","Disarm"],"picked":"Ghostly Armor","floor":13.0},{"not_picked":["Havoc","Ghostly Armor"],"picked":"Iron Wave","floor":14.0},{"not_picked":["Fiend Fire","Dark Embrace"],"picked":"Berserk","floor":16.0},{"not_picked":["Shrug It Off+1","Iron Wave"],"picked":"Heavy Blade","floor":18.0},{"not_picked":["Headbutt+1","Sever Soul","Burning Pact+1"],"picked":"SKIP","floor":18.0},{"not_picked":["Thunderclap+1","Iron Wave"],"picked":"Uppercut","floor":19.0},{"not_picked":["Shockwave+1","Clash+1"],"picked":"Sword Boomerang+1","floor":21.0},{"not_picked":["Warcry+1","Sword Boomerang+1"],"picked":"Rage+1","floor":21.0},{"not_picked":["Headbutt","Warcry+1","Carnage"],"picked":"SKIP","floor":24.0},{"not_picked":["Dropkick","Rupture"],"picked":"Spot Weakness+1","floor":25.0},{"not_picked":["Clothesline","Whirlwind"],"picked":"Uppercut+1","floor":25.0},{"not_picked":["Sentinel+1","Wild Strike"],"picked":"Inflame","floor":27.0},{"not_picked":["Clash","Second Wind+1","True Grit+1"],"picked":"SKIP","floor":27.0},{"not_picked":["Blood for Blood","Rage+1"],"picked":"Immolate","floor":29.0},{"not_picked":["Rampage+1","Clothesline"],"picked":"Ghostly Armor+1","floor":30.0},{"not_picked":["Rampage+1","Anger+1"],"picked":"Entrench+1","floor":30.0},{"not_picked":["Headbutt","Clash"],"picked":"Spot Weakness+1","floor":31.0},{"not_picked":["Twin Strike","Disarm+1","Wild Strike"],"picked":"SKIP","floor":31.0},{"not_picked":["Barricade","Dark Embrace"],"picked":"Reaper","floor":33.0},{"not_picked":["Twin Strike","Anger+1"],"picked":"Whirlwind+1","floor":35.0},{"not_picked":["Iron Wave+1","Burning Pact+1","Cleave+1"],"picked":"SKIP","floor":35.0},{"not_picked":["Rampage","Second Wind+1","Flex+1"],"picked":"SKIP","floor":36.0},{"not_picked":["Warcry+1","Sword Boomerang","Twin Strike"],"picked":"SKIP","floor":36.0},{"not_picked":["Body Slam","True Grit+1"],"picked":"Heavy Blade+1","floor":39.0},{"not_picked":["Sever Soul","Body Slam"],"picked":"Armaments+1","floor":40.0},{"not_picked":["Anger","Clothesline"],"picked":"Inflame+1","floor":44.0},{"not_picked":["Thunderclap","Hemokinesis+1","Clothesline"],"picked":"SKIP","floor":44.0},{"not_picked":["Juggernaut","Rampage"],"picked":"Metallicize+1","floor":45.0},{"not_picked":["Cleave+1","Havoc+1","Iron Wave"],"picked":"SKIP","floor":45.0},{"not_picked":["Enlightenment+1","HandOfGreed"],"picked":"Mind Blast","floor":46.0},{"not_picked":["Madness+1","Jack Of All Trades+1"],"picked":"Secret Technique+1","floor":46.0},{"not_picked":["Thinking Ahead+1","Jack Of All Trades+1"],"picked":"Dramatic Entrance","floor":46.0},{"not_picked":["Cleave+1","Dual Wield+1","Warcry+1"],"picked":"SKIP","floor":48},{"not_picked":["Iron Wave+1","Flex+1","Wild Strike+1"],"picked":"SKIP","floor":48}],"player_experience":331498,"relics_obtained":[{"floor":7.0,"key":"Strawberry"},{"floor":9.0,"key":"Omamori"},{"floor":14.0,"key":"Toxic Egg 2"},{"floor":19.0,"key":"Champion Belt"},{"floor":19.0,"key":"Shuriken"},{"floor":22.0,"key":"Oddly Smooth Stone"},{"floor":24.0,"key":"MawBank"},{"floor":26.0,"key":"Centennial Puzzle"},{"floor":29.0,"key":"Art of War"},{"floor":39.0,"key":"FossilizedHelix"},{"floor":40.0,"key":"Anchor"},{"floor":43.0,"key":"War Paint"}],"event_choices":[{"damage_healed":0.0,"max_hp_gain":0.0,"max_hp_loss":0.0,"gold_gain":0.0,"event_name":"Shining Light","player_choice":"Entered Light","floor":2.0,"gold_loss":0.0,"damage_taken":16.0,"cards_upgraded":["Strike_R","Defend_R"]},{"damage_healed":0.0,"max_hp_gain":0.0,"max_hp_loss":0.0,"gold_gain":0.0,"event_name":"Scrap Ooze","player_choice":"Success","floor":4.0,"gold_loss":0.0,"damage_taken":12.0,"relics_obtained":["Meat on the Bone"]},{"damage_healed":0.0,"max_hp_gain":0.0,"max_hp_loss":0.0,"gold_gain":0.0,"event_name":"Upgrade Shrine","player_choice":"Upgraded","floor":11.0,"gold_loss":0.0,"damage_taken":0.0,"cards_upgraded":["Sword Boomerang"]},{"damage_healed":0.0,"max_hp_gain":0.0,"max_hp_loss":0.0,"gold_gain":0.0,"event_name":"Colosseum","player_choice":"Fight","floor":19.0,"gold_loss":0.0,"damage_taken":0.0},{"damage_healed":0.0,"max_hp_gain":0.0,"max_hp_loss":0.0,"gold_gain":0.0,"event_name":"Colosseum","player_choice":"Fought Nobs","floor":19.0,"gold_loss":0.0,"damage_taken":0.0},{"damage_healed":0.0,"max_hp_gain":0.0,"max_hp_loss":0.0,"gold_gain":0.0,"event_name":"The Mausoleum","player_choice":"Opened","floor":20.0,"gold_loss":0.0,"damage_taken":0.0,"relics_obtained":["Blood Vial"]},{"damage_healed":22.0,"max_hp_gain":0.0,"max_hp_loss":0.0,"gold_gain":0.0,"event_name":"Winding Halls","player_choice":"Writhe","floor":38.0,"gold_loss":0.0,"damage_taken":0.0,"cards_obtained":["Writhe"]},{"damage_healed":0.0,"max_hp_gain":0.0,"max_hp_loss":0.0,"gold_gain":0.0,"event_name":"MindBloom","player_choice":"Fight","floor":39.0,"gold_loss":0.0,"damage_taken":0.0},{"damage_healed":0.0,"max_hp_gain":0.0,"max_hp_loss":0.0,"gold_gain":0.0,"event_name":"SensoryStone","player_choice":"Memory 3","floor":46.0,"gold_loss":0.0,"damage_taken":10.0}],"is_beta":false,"boss_relics":[{"not_picked":["Runic Dome","Lizard Tail"],"picked":"Eternal Feather"},{"not_picked":["Tiny House","Orrery"],"picked":"Astrolabe"}],"items_purged_floors":[],"is_endless":false,"potions_floor_spawned":[1,5,7,14,18,21,24,25,30,36,44,45],"ascension_level":7}