{"gold_per_floor":[115,135,135,151,3,3,37,37,86,36,51,51,126,143,143,240,240,252,264,264,77,92,92,107,107,107,125,145,162,162,181,181,181],"floor_reached":33,"playtime":1459,"items_purged":["Strike_G","Doubt"],"score":289,"play_id":"6ea03e67-0a48-4d0f-8598-c65187407f69","local_time":"20190508153147","is_ascension_mode":true,"campfire_choices":[{"data":"Dramatic Entrance","floor":6,"key":"SMITH"},{"data":"Backstab","floor":8,"key":"SMITH"},{"data":"Backflip","floor":12,"key":"SMITH"},{"data":"Accuracy","floor":15,"key":"SMITH"},{"floor":23,"key":"REST"},{"floor":30,"key":"REST"},{"floor":32,"key":"REST"}],"neow_cost":"NONE","seed_source_timestamp":71685531492000,"circlet_count":0,"master_deck":["Defend_G","Defend_G","Defend_G","Defend_G","Defend_G","Strike_G","Strike_G","Survivor","Neutralize","Dramatic Entrance+1","Backstab+1","Acrobatics","Blade Dance","Sucker Punch","Infinite Blades","Backflip+1","Deflect","Accuracy+1","Die Die Die","Clumsy","Injury","Backflip+1","Tactician+1","Accuracy","Cloak And Dagger+1","Outmaneuver+1","Noxious Fumes","Bane","Backflip+1","Poisoned Stab","Catalyst+1"],"relics":["Ring of the Snake","Boot","Orichalcum","Calling Bell","Calipers","Toxic Egg 2","Lantern","MutagenicStrength","Blue Candle"],"potions_floor_usage":[7,27,31,31,33],"damage_taken":[{"damage":0,"enemies":"Jaw Worm","floor":1,"turns":4},{"damage":0,"enemies":"Cultist","floor":2,"turns":4},{"damage":0,"enemies":"2 Louse","floor":4,"turns":1},{"damage":11,"enemies":"3 Sentries","floor":7,"turns":7},{"damage":1,"enemies":"Looter","floor":11,"turns":3},{"damage":0,"enemies":"Blue Slaver","floor":14,"turns":2},{"damage":32,"enemies":"The Guardian","floor":16,"turns":11},{"damage":6,"enemies":"Spheric Guardian","floor":18,"turns":3},{"damage":17,"enemies":"2 Thieves","floor":19,"turns":4},{"damage":14,"enemies":"Cultist and Chosen","floor":22,"turns":5},{"damage":24,"enemies":"Snecko","floor":24,"turns":7},{"damage":17,"enemies":"3 Cultists","floor":27,"turns":6},{"damage":4,"enemies":"Centurion and Healer","floor":28,"turns":8},{"damage":8,"enemies":"Cultist and Chosen","floor":29,"turns":5},{"damage":11,"enemies":"Shelled Parasite and Fungi","floor":31,"turns":4},{"damage":37,"enemies":"Collector","floor":33,"turns":5}],"seed_played":"6669879233136384064","potions_obtained":[{"floor":1,"key":"Poison Potion"},{"floor":24,"key":"AttackPotion"},{"floor":27,"key":"Energy Potion"},{"floor":28,"key":"LiquidBronze"},{"floor":29,"key":"SpeedPotion"}],"is_trial":false,"path_per_floor":["M","M","?","M","$","R","E","R","T","?","M","R","?","M","R","B",null,"M","M","?","$","M","R","M","?","T","M","M","M","R","M","R","B"],"character_chosen":"THE_SILENT","items_purchased":["Infinite Blades","Accuracy","Cloak And Dagger+1"],"campfire_rested":3,"item_purchase_floors":[5,21,21],"current_hp_per_floor":[70,70,70,70,70,70,59,59,59,59,58,58,47,47,47,15,70,64,47,47,47,33,54,30,30,30,13,9,1,22,11,32,0],"gold":181,"neow_bonus":"RANDOM_COLORLESS","is_prod":false,"is_daily":false,"chose_seed":false,"campfire_upgraded":4,"win_rate":0,"timestamp":1557347507,"path_taken":["M","M","?","?","$","R","E","R","T","?","M","R","?","M","R","BOSS","M","M","?","$","M","R","M","?","T","M","M","M","R","M","R","BOSS"],"build_version":"2019-01-23","purchased_purges":2,"victory":false,"max_hp_per_floor":[70,70,70,70,70,70,70,70,70,70,70,70,70,70,70,70,70,70,70,70,70,70,70,70,70,70,70,70,70,70,70,70,70],"card_choices":[{"not_picked":["Heel Hook","Escape Plan"],"picked":"Backstab","floor":1},{"not_picked":["Masterful Stab","Dagger Throw"],"picked":"Acrobatics","floor":2},{"not_picked":["Prepared","All Out Attack"],"picked":"Sucker Punch","floor":4},{"not_picked":["Escape Plan","Bane"],"picked":"Backflip","floor":7},{"not_picked":["Masterful Stab","Expertise"],"picked":"Deflect","floor":11},{"not_picked":["Sucker Punch","Underhanded Strike"],"picked":"Accuracy","floor":14},{"not_picked":["Bullet Time","A Thousand Cuts"],"picked":"Die Die Die","floor":16},{"not_picked":["Slice","Dodge and Roll+1"],"picked":"Backflip+1","floor":18},{"not_picked":["Bane","Bouncing Flask+1"],"picked":"Tactician+1","floor":19},{"not_picked":["Acrobatics+1","Predator"],"picked":"Outmaneuver+1","floor":22},{"not_picked":["Cloak And Dagger+1","Deadly Poison+1"],"picked":"Noxious Fumes","floor":24},{"not_picked":["Acrobatics+1","Endless Agony"],"picked":"Bane","floor":27},{"not_picked":["Deadly Poison+1","Dodge and Roll+1"],"picked":"Backflip+1","floor":28},{"not_picked":["Dodge and Roll+1","Night Terror+1"],"picked":"Poisoned Stab","floor":29},{"not_picked":["Slice+1","Dagger Throw"],"picked":"Catalyst+1","floor":31}],"player_experience":235194,"relics_obtained":[{"floor":7,"key":"Boot"},{"floor":9,"key":"Orichalcum"},{"floor":17,"key":"Calipers"},{"floor":17,"key":"Toxic Egg 2"},{"floor":17,"key":"Lantern"},{"floor":26,"key":"Blue Candle"}],"event_choices":[{"damage_healed":0,"gold_gain":0,"cards_transformed":["Strike_G"],"player_choice":"Transformed","damage_taken":0,"max_hp_gain":0,"max_hp_loss":0,"event_name":"Transmorgrifier","floor":3,"gold_loss":0,"cards_obtained":["Blade Dance"]},{"cards_removed":["Strike_G"],"damage_healed":0,"gold_gain":0,"player_choice":"Card Removal","damage_taken":0,"max_hp_gain":0,"max_hp_loss":0,"event_name":"The Cleric","floor":10,"gold_loss":50},{"damage_healed":0,"gold_gain":75,"player_choice":"Gather Gold","damage_taken":11,"max_hp_gain":0,"max_hp_loss":0,"event_name":"World of Goop","floor":13,"gold_loss":0},{"damage_healed":0,"gold_gain":0,"player_choice":"Ignored","damage_taken":0,"max_hp_gain":0,"max_hp_loss":0,"event_name":"Ghosts","floor":20,"gold_loss":0},{"damage_healed":0,"gold_gain":0,"player_choice":"Inject Mutagens","damage_taken":0,"relics_obtained":["MutagenicStrength"],"max_hp_gain":0,"max_hp_loss":0,"event_name":"Drug Dealer","floor":25,"gold_loss":0}],"is_beta":false,"boss_relics":[{"not_picked":["HoveringKite","Busted Crown"],"picked":"Calling Bell"}],"items_purged_floors":[5,21],"is_endless":false,"potions_floor_spawned":[1,24,27,28,29],"killed_by":"Collector","ascension_level":3}