{"gold_per_floor":[110,110,125,125,145,173,173,198,221,221,236,236,236,305,305,400,400,417,417,436,214,214,214,248,266,342,342,357,357,12,46,46,150,150,165,265,265,65,82,115,115,145,145,145,19,19,47,47,47,47],"floor_reached":51,"playtime":4608,"items_purged":[],"score":875,"play_id":"e3d157b1-7c96-4df6-a483-01c72cdac202","local_time":"20190101142346","is_ascension_mode":false,"campfire_choices":[{"floor":10,"key":"REST"},{"floor":12,"key":"REST"},{"floor":15,"key":"REST"},{"floor":23,"key":"REST"},{"floor":29,"key":"REST"},{"floor":32,"key":"REST"},{"floor":41,"key":"REST"},{"floor":44,"key":"REST"},{"floor":46,"key":"REST"},{"floor":49,"key":"REST"}],"neow_cost":"PERCENT_DAMAGE","seed_source_timestamp":339676302705174,"circlet_count":0,"master_deck":["Zap","Dualcast","Undo","Ball Lightning","Steam","Double Energy","Glacier","FTL","Redo","Stack","Static Discharge","Regret","Chaos","Sunder","Tempest","White Noise","Doom and Gloom","Leap","Thunder Strike","Sweeping Beam+1","FTL","Hologram+1","Barrage+1","Self Repair","Auto Shields","Defragment","Turbo","Turbo","Flash of Steel","Panacea","Swift Strike+1","Mind Blast","Chill","Conserve Battery+1","Go for the Eyes+1","Auto Shields+1","Beam Cell","Seek","Buffer","Rainbow","Steam Power","Seek","Stack","Force Field","Reboot","Lockon","Static Discharge+1","Melter+1","Chaos+1","Turbo+1","Creative AI","Genetic Algorithm+1","Sunder+1","Reinforced Body+1","Turbo+1","BootSequence+1","Fusion+1","Writhe","Glacier+1"],"relics":["Cracked Core","Prayer Wheel","Pen Nib","Dream Catcher","Art of War","Orichalcum","Inserter","Dodecahedron","DataDisk","Bronze Scales","Turnip","Meat on the Bone","Membership Card","Whetstone","Boot","FossilizedHelix","Pandora\u0027s Box","Ice Cream","Blood Vial","Toxic Egg 2","Bag of Marbles","Shuriken","Strawberry","Bottled Flame","Torii"],"potions_floor_usage":[24,28,31,33,42,47],"damage_taken":[{"damage":1,"enemies":"2 Louse","floor":1,"turns":2},{"damage":1,"enemies":"Cultist","floor":3,"turns":3},{"damage":2,"enemies":"Small Slimes","floor":5,"turns":4},{"damage":17,"enemies":"3 Sentries","floor":6,"turns":7},{"damage":26,"enemies":"Lagavulin","floor":8,"turns":6},{"damage":12,"enemies":"Exordium Thugs","floor":11,"turns":4},{"damage":46,"enemies":"Hexaghost","floor":16,"turns":11},{"damage":7,"enemies":"3 Byrds","floor":18,"turns":5},{"damage":15,"enemies":"Shell Parasite","floor":20,"turns":6},{"damage":16,"enemies":"Gremlin Leader","floor":24,"turns":4},{"damage":15,"enemies":"Snake Plant","floor":25,"turns":4},{"damage":15,"enemies":"Shelled Parasite and Fungi","floor":28,"turns":4},{"damage":18,"enemies":"Slavers","floor":31,"turns":5},{"damage":54,"enemies":"Automaton","floor":33,"turns":9},{"damage":10,"enemies":"3 Darklings","floor":35,"turns":5},{"damage":0,"enemies":"Mind Bloom Boss Battle","floor":36,"turns":6},{"damage":6,"enemies":"3 Shapes","floor":39,"turns":4},{"damage":62,"enemies":"Reptomancer","floor":40,"turns":5},{"damage":44,"enemies":"Giant Head","floor":42,"turns":9},{"damage":40,"enemies":"Reptomancer","floor":47,"turns":6},{"damage":69,"enemies":"Donu and Deca","floor":50,"turns":8}],"seed_played":"-5509357743304090126","potions_obtained":[{"floor":1,"key":"PowerPotion"},{"floor":3,"key":"PowerPotion"},{"floor":11,"key":"SpeedPotion"},{"floor":16,"key":"PowerPotion"},{"floor":20,"key":"Ancient Potion"},{"floor":24,"key":"PowerPotion"},{"floor":25,"key":"Energy Potion"},{"floor":28,"key":"GamblersBrew"},{"floor":35,"key":"Block Potion"},{"floor":40,"key":"Ancient Potion"},{"floor":47,"key":"Dexterity Potion"}],"is_trial":false,"path_per_floor":["M","?","M","$","M","E","?","E","T","R","M","R","$","?","R","B",null,"M","?","M","$","T","R","E","M","T","?","M","R","$","E","R","B",null,"M","?","?","$","M","E","R","E","T","R","$","R","E","?","R","B",null],"character_chosen":"DEFECT","items_purchased":["DataDisk","Self Repair","Membership Card","Whetstone","Boot","Blood Vial","Toxic Egg 2","Bottled Flame"],"campfire_rested":10,"item_purchase_floors":[21,21,30,30,30,38,38,45],"current_hp_per_floor":[53,53,52,52,50,33,33,7,7,29,17,39,39,39,61,15,75,68,68,53,53,53,75,66,58,58,23,20,42,42,43,65,23,75,72,72,72,72,68,27,49,19,26,50,50,74,48,69,82,32],"gold":47,"neow_bonus":"ONE_RARE_RELIC","is_prod":false,"is_daily":false,"chose_seed":false,"campfire_upgraded":0,"win_rate":0,"timestamp":1546381426,"path_taken":["M","?","M","?","M","E","?","E","T","R","M","R","$","?","R","BOSS","M","?","M","$","?","R","E","M","T","?","?","R","$","E","R","BOSS","M","?","?","?","?","E","R","E","T","R","$","R","E","?","R","BOSS"],"build_version":"2018-12-20","purchased_purges":0,"victory":true,"max_hp_per_floor":[75,75,75,75,75,75,75,75,75,75,75,75,75,75,75,75,75,75,75,75,75,75,75,75,75,75,75,75,75,75,75,75,75,75,75,75,75,75,75,75,75,75,82,82,82,82,82,82,82,82],"card_choices":[{"not_picked":["Blizzard","Hologram"],"picked":"Undo","floor":1},{"not_picked":["Force Field","Steam"],"picked":"Ball Lightning","floor":1},{"not_picked":["Undo","Go for the Eyes"],"picked":"Glacier","floor":3},{"not_picked":["Skim","Chill"],"picked":"FTL","floor":3},{"not_picked":["Gash","Ball Lightning"],"picked":"Redo","floor":5},{"not_picked":["Chill","Skim"],"picked":"Stack","floor":5},{"not_picked":["Leap","Compile Driver"],"picked":"Static Discharge","floor":6},{"not_picked":["Rebound","Biased Cognition"],"picked":"Chaos","floor":8},{"not_picked":["Hologram","Leap"],"picked":"Sunder","floor":10},{"not_picked":["Chill","Blizzard"],"picked":"Tempest","floor":11},{"not_picked":["Tempest","Coolheaded"],"picked":"White Noise","floor":11},{"not_picked":["Cold Snap","Ball Lightning"],"picked":"Doom and Gloom","floor":12},{"not_picked":["Streamline","Loop"],"picked":"Leap","floor":15},{"not_picked":["Echo Form","Core Surge"],"picked":"Thunder Strike","floor":16},{"not_picked":["Leap+1","Go for the Eyes"],"picked":"Sweeping Beam","floor":18},{"not_picked":["Barrage","Leap+1"],"picked":"FTL","floor":18},{"not_picked":["Storm","Streamline"],"picked":"Hologram+1","floor":20},{"not_picked":["Streamline","Sweeping Beam"],"picked":"Barrage+1","floor":20},{"not_picked":["Heatsinks","Rip and Tear"],"picked":"Auto Shields","floor":23},{"not_picked":["Chill","Ball Lightning"],"picked":"Defragment","floor":24},{"not_picked":["Static Discharge","FTL"],"picked":"Turbo","floor":25},{"not_picked":["Auto Shields+1","Sweeping Beam"],"picked":"Turbo","floor":25},{"not_picked":["Genetic Algorithm","Leap+1"],"picked":"Chill","floor":28},{"not_picked":["Reprogram+1","Compile Driver"],"picked":"Conserve Battery+1","floor":28},{"not_picked":["Core Surge","Blizzard+1"],"picked":"Go for the Eyes+1","floor":29},{"not_picked":["Turbo","Rebound"],"picked":"Auto Shields+1","floor":31},{"not_picked":["Scrape","Turbo"],"picked":"Beam Cell","floor":32},{"not_picked":["Thunder Strike","Biased Cognition"],"picked":"Seek","floor":33},{"not_picked":["Reprogram","Capacitor+1"],"picked":"Static Discharge+1","floor":35},{"not_picked":["Streamline","Rebound"],"picked":"Melter+1","floor":35},{"not_picked":["Reprogram","Sunder"],"picked":"Chaos+1","floor":36},{"not_picked":["Steam+1","Leap+1"],"picked":"Turbo+1","floor":39},{"not_picked":["Barrage+1","Sweeping Beam+1"],"picked":"Creative AI","floor":39},{"not_picked":["Tempest+1","Streamline"],"picked":"Genetic Algorithm+1","floor":40},{"not_picked":["Leap+1","Beam Cell+1"],"picked":"Sunder+1","floor":41},{"not_picked":["Loop","Hologram+1"],"picked":"Reinforced Body+1","floor":42},{"not_picked":["Coolheaded+1","Compile Driver+1"],"picked":"Turbo+1","floor":44},{"not_picked":["Sweeping Beam+1","Doom and Gloom"],"picked":"BootSequence+1","floor":46},{"not_picked":["Hologram+1","Creative AI"],"picked":"Fusion+1","floor":47},{"not_picked":["Reprogram+1","Compile Driver+1"],"picked":"Glacier+1","floor":49}],"player_experience":211101,"relics_obtained":[{"floor":6,"key":"Pen Nib"},{"floor":8,"key":"Art of War"},{"floor":9,"key":"Orichalcum"},{"floor":22,"key":"Bronze Scales"},{"floor":24,"key":"Turnip"},{"floor":26,"key":"Meat on the Bone"},{"floor":31,"key":"FossilizedHelix"},{"floor":36,"key":"Ice Cream"},{"floor":40,"key":"Bag of Marbles"},{"floor":42,"key":"Shuriken"},{"floor":43,"key":"Strawberry"},{"floor":47,"key":"Torii"}],"event_choices":[{"damage_healed":0,"gold_gain":0,"player_choice":"2 cards matched","damage_taken":0,"max_hp_gain":0,"max_hp_loss":0,"event_name":"Match and Keep!","floor":2,"gold_loss":0,"cards_obtained":["Steam","Double Energy"]},{"damage_healed":0,"gold_gain":0,"player_choice":"Box","damage_taken":0,"relics_obtained":["Dream Catcher"],"max_hp_gain":0,"max_hp_loss":0,"event_name":"Big Fish","floor":7,"gold_loss":0,"cards_obtained":["Regret"]},{"damage_healed":0,"gold_gain":69,"player_choice":"Gained Gold","damage_taken":0,"max_hp_gain":0,"max_hp_loss":0,"event_name":"Golden Wing","floor":14,"gold_loss":0},{"damage_healed":0,"gold_gain":0,"player_choice":"Gave Potion","damage_taken":0,"relics_obtained":["Dodecahedron"],"max_hp_gain":0,"max_hp_loss":0,"event_name":"WeMeetAgain","floor":19,"gold_loss":0},{"damage_healed":0,"gold_gain":0,"player_choice":"CARD CARD CARD CARD ","damage_taken":35,"max_hp_gain":0,"max_hp_loss":0,"event_name":"Knowing Skull","floor":27,"potions_obtained":[],"gold_loss":0,"cards_obtained":["Flash of Steel","Panacea","Swift Strike","Mind Blast"]},{"damage_healed":0,"gold_gain":0,"player_choice":"Fight","damage_taken":0,"max_hp_gain":0,"max_hp_loss":0,"event_name":"MindBloom","floor":36,"gold_loss":0},{"damage_healed":0,"gold_gain":0,"player_choice":"Ignored","damage_taken":0,"max_hp_gain":0,"max_hp_loss":0,"event_name":"Tomb of Lord Red Mask","floor":37,"gold_loss":0},{"damage_healed":21,"gold_gain":0,"player_choice":"Writhe","damage_taken":0,"max_hp_gain":0,"max_hp_loss":0,"event_name":"Winding Halls","floor":48,"gold_loss":0,"cards_obtained":["Writhe"]}],"is_beta":false,"boss_relics":[{"not_picked":["Eternal Feather","White Beast Statue"],"picked":"Inserter"},{"not_picked":["Astrolabe","Runic Pyramid"],"picked":"Pandora\u0027s Box"}],"items_purged_floors":[],"is_endless":false,"potions_floor_spawned":[1,3,11,16,20,24,25,28,35,40,47],"ascension_level":0}