{"gold_per_floor":[118,132,149,125,50,78,78,94,121,121,156,175,140,175,175,305,305,325,12,37,56,56,56],"floor_reached":23,"playtime":1424,"items_purged":["Strike_B"],"score":253,"play_id":"727b0a41-721c-4a0d-ae3a-d7aef4c3bf19","local_time":"20190403221946","is_ascension_mode":true,"campfire_choices":[{"floor":7,"key":"REST"},{"floor":15,"key":"REST"}],"neow_cost":"NONE","seed_source_timestamp":1672522307486600,"circlet_count":0,"master_deck":["Strike_B","Strike_B","Strike_B","Defend_B","Defend_B","Defend_B","Defend_B","Zap","Dualcast","Leap","White Noise","Leap","Go for the Eyes","White Noise","Electrodynamics","Rebound","Thunder Strike","Undo","Leap"],"relics":["Fusion Hammer","PreservedInsect","Juzu Bracelet","Bloody Idol","Bronze Scales","Ornamental Fan","Philosopher\u0027s Stone","Calipers"],"potions_floor_usage":[6,11,21,23,23,23],"damage_taken":[{"damage":1,"enemies":"Cultist","floor":1,"turns":3},{"damage":0,"enemies":"2 Louse","floor":2,"turns":2},{"damage":0,"enemies":"Jaw Worm","floor":3,"turns":2},{"damage":61,"enemies":"Gremlin Nob","floor":6,"turns":7},{"damage":3,"enemies":"Blue Slaver","floor":8,"turns":5},{"damage":10,"enemies":"3 Sentries","floor":11,"turns":7},{"damage":0,"enemies":"2 Fungi Beasts","floor":12,"turns":3},{"damage":9,"enemies":"Gremlin Nob","floor":14,"turns":3},{"damage":26,"enemies":"Slime Boss","floor":16,"turns":7},{"damage":24,"enemies":"3 Byrds","floor":18,"turns":3},{"damage":10,"enemies":"Shell Parasite","floor":20,"turns":5},{"damage":23,"enemies":"3 Cultists","floor":21,"turns":5},{"damage":13,"enemies":"Gremlin Leader","floor":23,"turns":2}],"seed_played":"8996424757788515709","potions_obtained":[{"floor":2,"key":"GamblersBrew"},{"floor":6,"key":"Fire Potion"},{"floor":11,"key":"EssenceOfSteel"},{"floor":12,"key":"Dexterity Potion"},{"floor":20,"key":"Weak Potion"},{"floor":21,"key":"Dexterity Potion"}],"is_trial":false,"path_per_floor":["M","M","M","$","$","E","R","M","T","?","E","M","?","E","R","B",null,"M","$","M","M","?","E"],"character_chosen":"DEFECT","items_purchased":["Leap","Calipers"],"campfire_rested":2,"item_purchase_floors":[4,19],"current_hp_per_floor":[74,74,74,74,74,13,35,32,32,32,22,22,39,30,50,24,69,45,45,35,12,12,0],"gold":56,"neow_bonus":"BOSS_RELIC","is_prod":false,"is_daily":false,"chose_seed":false,"campfire_upgraded":0,"win_rate":0,"timestamp":1554344386,"path_taken":["M","M","M","?","$","E","R","M","T","?","E","M","?","E","R","BOSS","M","$","M","M","?","E"],"build_version":"2019-01-23","purchased_purges":1,"victory":false,"max_hp_per_floor":[75,75,75,75,75,75,75,75,75,69,69,69,69,69,69,69,69,69,69,69,69,69,69],"card_choices":[{"not_picked":["Redo","Force Field"],"picked":"Leap","floor":1},{"not_picked":["Recycle","Barrage"],"picked":"White Noise","floor":2},{"not_picked":["Aggregate","Redo","Heatsinks"],"picked":"SKIP","floor":3},{"not_picked":["BootSequence","Rip and Tear"],"picked":"Go for the Eyes","floor":6},{"not_picked":["Aggregate","Beam Cell"],"picked":"White Noise","floor":8},{"not_picked":["Heatsinks","Turbo"],"picked":"Electrodynamics","floor":11},{"not_picked":["Compile Driver","Force Field","Stack"],"picked":"SKIP","floor":12},{"not_picked":["Reprogram","Beam Cell"],"picked":"Rebound","floor":14},{"not_picked":["Meteor Strike","Seek"],"picked":"Thunder Strike","floor":16},{"not_picked":["Go for the Eyes","Gash"],"picked":"Undo","floor":18},{"not_picked":["Loop+1","Turbo"],"picked":"Leap","floor":20},{"not_picked":["Coolheaded","Redo","Fusion+1"],"picked":"SKIP","floor":21}],"player_experience":260413,"relics_obtained":[{"floor":6,"key":"PreservedInsect"},{"floor":9,"key":"Juzu Bracelet"},{"floor":11,"key":"Bronze Scales"},{"floor":14,"key":"Ornamental Fan"}],"event_choices":[{"damage_healed":0,"gold_gain":0,"player_choice":"Lose Max HP","damage_taken":0,"relics_obtained":["Golden Idol"],"max_hp_gain":0,"max_hp_loss":6,"event_name":"Golden Idol","floor":10,"gold_loss":0},{"damage_healed":17,"gold_gain":0,"player_choice":"Healed","damage_taken":0,"max_hp_gain":0,"max_hp_loss":0,"event_name":"The Cleric","floor":13,"gold_loss":35},{"damage_healed":0,"gold_gain":0,"player_choice":"Gave Idol","damage_taken":0,"relics_obtained":["Bloody Idol"],"max_hp_gain":0,"max_hp_loss":0,"event_name":"Forgotten Altar","floor":22,"relics_lost":["Golden Idol"],"gold_loss":0}],"is_beta":false,"boss_relics":[{"not_picked":["Black Star","Inserter"],"picked":"Philosopher\u0027s Stone"}],"items_purged_floors":[5],"is_endless":false,"potions_floor_spawned":[2,6,11,12,20,21],"killed_by":"Gremlin Leader","ascension_level":4}