{"path_per_floor":["M","M","M","M","M","R","M","?","T","M","M","E","?","M","R","B",null,"M","$","?","?","?"],"character_chosen":"DEFECT","items_purchased":["Gash","Shuriken"],"gold_per_floor":[18,35,54,69,88,88,102,177,177,191,209,243,243,262,262,363,363,383,19,19,19,19,19],"floor_reached":23,"campfire_rested":1,"playtime":897,"item_purchase_floors":[19,19],"current_hp_per_floor":[69,61,57,45,31,31,25,14,14,10,10,7,7,7,29,6,75,75,75,61,61,45,0],"items_purged":["Strike_B"],"gold":19,"score":234,"play_id":"3f611cec-4745-483d-9802-ba469d3e49a5","local_time":"20180610214618","is_prod":false,"is_daily":false,"chose_seed":false,"is_ascension_mode":true,"campfire_upgraded":1,"win_rate":0,"timestamp":1528638378,"campfire_choices":[{"data":"Coolheaded","floor":6,"key":"SMITH"},{"floor":15,"key":"REST"}],"path_taken":["M","?","M","M","M","R","M","?","T","?","M","E","?","M","R","BOSS","M","$","?","?","?","E"],"build_version":"2018-06-07v3","seed_source_timestamp":275124321007473,"purchased_purges":1,"victory":false,"master_deck":["Defend_B","Defend_B","Zap","Dualcast","Go for the Eyes","Fission","Coolheaded+1","Steam","Scrape","Gash","Compile Driver","Coolheaded","Conserve Battery","Steam","White Noise","Defragment+1","Capacitor+1","Reinforced Body+1","Static Discharge+1","Glacier","Gash","Injury","Necronomicurse"],"max_hp_per_floor":[75,75,75,75,75,75,75,75,75,75,75,75,75,75,75,75,75,75,75,80,80,80,80],"relics":["Cracked Core","Smiling Mask","Bronze Scales","Astrolabe","Shuriken","Necronomicon"],"card_choices":[{"not_picked":["Streamline","Ball Lightning"],"picked":"Coolheaded","floor":1},{"not_picked":["Turbo","Go for the Eyes"],"picked":"Steam","floor":2},{"not_picked":["Rip and Tear","Reprogram"],"picked":"Scrape","floor":3},{"not_picked":["Sweeping Beam","Storm"],"picked":"Gash","floor":4},{"not_picked":["Hello World","Leap"],"picked":"Compile Driver","floor":5},{"not_picked":["Ball Lightning","Amplify"],"picked":"Coolheaded","floor":7},{"not_picked":["Compile Driver","Cold Snap"],"picked":"Conserve Battery","floor":10},{"not_picked":["Recycle","Streamline"],"picked":"Steam","floor":11},{"not_picked":["Steam","Turbo"],"picked":"White Noise","floor":12},{"not_picked":["Redo","Heatsinks"],"picked":"Defragment","floor":14},{"not_picked":["Redo","Leap"],"picked":"Glacier","floor":18}],"player_experience":247288,"potions_floor_usage":[5,5,5,12,12,16,18],"damage_taken":[{"damage":6,"enemies":"Cultist","floor":1,"turns":3},{"damage":8,"enemies":"Small Slimes","floor":2,"turns":3},{"damage":4,"enemies":"Jaw Worm","floor":3,"turns":4},{"damage":12,"enemies":"3 Louse","floor":4,"turns":3},{"damage":14,"enemies":"Red Slaver","floor":5,"turns":2},{"damage":6,"enemies":"2 Fungi Beasts","floor":7,"turns":3},{"damage":4,"enemies":"Blue Slaver","floor":10,"turns":4},{"damage":0,"enemies":"Looter","floor":11,"turns":3},{"damage":15,"enemies":"Gremlin Nob","floor":12,"turns":4},{"damage":0,"enemies":"2 Fungi Beasts","floor":14,"turns":2},{"damage":23,"enemies":"Slime Boss","floor":16,"turns":9},{"damage":0,"enemies":"3 Byrds","floor":18,"turns":3},{"damage":48,"enemies":"Gremlin Leader","floor":23,"turns":4}],"relics_obtained":[{"floor":9,"key":"Smiling Mask"},{"floor":12,"key":"Bronze Scales"},{"floor":22,"key":"Necronomicon"}],"event_choices":[{"event_name":"World of Goop","player_choice":"Gather Gold","floor":8,"damage_taken":0},{"event_name":"Golden Idol","player_choice":"Ignored","floor":13,"damage_taken":0},{"event_name":"Forgotten Altar","player_choice":"Shed Blood","floor":20,"damage_taken":0},{"event_name":"Accursed Blacksmith","player_choice":"Forge","floor":21,"damage_taken":0},{"event_name":"Cursed Tome","player_choice":"Obtained Book","floor":22,"damage_taken":0}],"boss_relics":[{"not_picked":["Orrery","Lizard Tail"],"picked":"Astrolabe"}],"items_purged_floors":[19],"potions_floor_spawned":[4,7,10,11,16],"seed_played":"1567232362561328302","killed_by":"Gremlin Leader","ascension_level":4,"potions_obtained":[{"floor":4,"key":"EntropicBrew"},{"floor":7,"key":"Fire Potion"},{"floor":10,"key":"SteroidPotion"},{"floor":11,"key":"Regen Potion"},{"floor":16,"key":"Weak Potion"}],"is_trial":false}