{"gold_per_floor":[115,130,145,145,145,176,199,218,218,218,239,272,290,305,305,428,428,453,476,391,414,414,414,457,476,476,519,556,568,596,643,655,667],"floor_reached":33,"playtime":2056,"items_purged":[],"score":413,"play_id":"36c0bca6-c177-4ec1-9a00-89835e746207","local_time":"20190226180308","is_ascension_mode":true,"campfire_choices":[{"data":"1","floor":10,"key":"LIFT"},{"data":"2","floor":15,"key":"LIFT"},{"data":"3","floor":23,"key":"LIFT"},{"data":"Heavy Blade","floor":29,"key":"SMITH"},{"data":"Corruption","floor":32,"key":"SMITH"}],"neow_cost":"NONE","seed_source_timestamp":523054200831700,"circlet_count":0,"master_deck":["Strike_R+1","Strike_R+1","Strike_R+1","Defend_R+1","Defend_R+1","Defend_R+1","Defend_R+1","Bash","Twin Strike","Heavy Blade+1","Twin Strike","Iron Wave","Corruption+1","Impervious","Impervious","Twin Strike","Shrug It Off","Reaper","Flex","Twin Strike+1","Heavy Blade","Shockwave","Twin Strike+1","Normality","Anger","Clothesline+1","Whirlwind","Flame Barrier+1"],"relics":["Burning Blood","Golden Idol","Pen Nib","Girya","Ornamental Fan","Cursed Key","Torii","Juzu Bracelet","Mercury Hourglass","MawBank","Dream Catcher"],"potions_floor_usage":[16,16,33],"damage_taken":[{"damage":0,"enemies":"Small Slimes","floor":1,"turns":4},{"damage":0,"enemies":"Cultist","floor":2,"turns":2},{"damage":4,"enemies":"Jaw Worm","floor":3,"turns":3},{"damage":35,"enemies":"3 Sentries","floor":6,"turns":10},{"damage":5,"enemies":"2 Fungi Beasts","floor":7,"turns":4},{"damage":6,"enemies":"Blue Slaver","floor":8,"turns":5},{"damage":0,"enemies":"Exordium Wildlife","floor":11,"turns":2},{"damage":8,"enemies":"Gremlin Nob","floor":12,"turns":3},{"damage":2,"enemies":"Large Slime","floor":13,"turns":4},{"damage":1,"enemies":"Looter","floor":14,"turns":3},{"damage":10,"enemies":"Slime Boss","floor":16,"turns":10},{"damage":14,"enemies":"2 Thieves","floor":18,"turns":4},{"damage":1,"enemies":"Shell Parasite","floor":19,"turns":5},{"damage":11,"enemies":"Centurion and Healer","floor":21,"turns":4},{"damage":8,"enemies":"Slavers","floor":24,"turns":6},{"damage":1,"enemies":"Cultist and Chosen","floor":25,"turns":3},{"damage":11,"enemies":"Gremlin Leader","floor":27,"turns":4},{"damage":0,"enemies":"Chosen and Byrds","floor":28,"turns":3},{"damage":30,"enemies":"Shelled Parasite and Fungi","floor":30,"turns":4},{"damage":8,"enemies":"Slavers","floor":31,"turns":3},{"damage":78,"enemies":"Collector","floor":33,"turns":6}],"seed_played":"-2065160357224135393","potions_obtained":[{"floor":1,"key":"Ancient Potion"},{"floor":7,"key":"AttackPotion"},{"floor":8,"key":"FearPotion"},{"floor":16,"key":"Dexterity Potion"},{"floor":19,"key":"Strength Potion"},{"floor":27,"key":"PowerPotion"}],"is_trial":false,"path_per_floor":["M","M","M","?","?","E","M","M","T","R","M","E","M","M","R","B",null,"M","M","?","M","?","R","E","M","T","E","M","R","M","E","R","B"],"character_chosen":"IRONCLAD","items_purchased":[],"campfire_rested":0,"item_purchase_floors":[],"current_hp_per_floor":[80,80,80,60,60,31,32,32,32,32,38,36,40,45,45,41,80,78,80,80,80,80,80,80,80,80,75,80,80,56,68,68,0],"gold":667,"neow_bonus":"REMOVE_CARD","is_prod":false,"is_daily":false,"chose_seed":false,"campfire_upgraded":2,"win_rate":0,"timestamp":1551222188,"path_taken":["M","M","M","?","?","E","M","M","T","R","M","E","M","?","R","BOSS","M","M","?","M","?","R","E","M","T","E","M","R","M","E","R","BOSS"],"build_version":"2019-01-23","purchased_purges":0,"victory":false,"max_hp_per_floor":[80,80,80,80,80,80,80,80,80,80,80,80,80,80,80,80,80,80,80,80,80,80,80,80,80,80,80,80,80,80,80,80,80],"card_choices":[{"not_picked":["Evolve","Clash"],"picked":"Twin Strike","floor":1},{"not_picked":["Seeing Red","Combust"],"picked":"Heavy Blade","floor":2},{"not_picked":["Body Slam","Feel No Pain"],"picked":"Twin Strike","floor":3},{"not_picked":["Rupture","Power Through","Rage"],"picked":"SKIP","floor":6},{"not_picked":["Clash","Whirlwind"],"picked":"Iron Wave","floor":7},{"not_picked":["Rupture","Metallicize"],"picked":"Corruption","floor":8},{"not_picked":["Warcry","Body Slam"],"picked":"Impervious","floor":11},{"not_picked":["Blood for Blood","Thunderclap"],"picked":"Impervious","floor":12},{"not_picked":["Wild Strike","True Grit"],"picked":"Twin Strike","floor":13},{"not_picked":["Flex","Pommel Strike"],"picked":"Shrug It Off","floor":14},{"not_picked":["Limit Break","Impervious"],"picked":"Reaper","floor":16},{"not_picked":["Twin Strike","Thunderclap+1"],"picked":"Flex","floor":18},{"not_picked":["Pommel Strike","Seeing Red+1"],"picked":"Twin Strike+1","floor":19},{"not_picked":["Combust","Battle Trance+1"],"picked":"Heavy Blade","floor":21},{"not_picked":["Cleave","Headbutt+1"],"picked":"Shockwave","floor":24},{"not_picked":["Cleave","Corruption+1"],"picked":"Twin Strike+1","floor":25},{"not_picked":["Wild Strike","Entrench"],"picked":"Anger","floor":27},{"not_picked":["Blood for Blood","Hemokinesis+1"],"picked":"Clothesline+1","floor":28},{"not_picked":["Clash","Fiend Fire"],"picked":"Whirlwind","floor":30},{"not_picked":["Thunderclap","Feel No Pain+1"],"picked":"Flame Barrier+1","floor":31}],"player_experience":202404,"relics_obtained":[{"floor":6,"key":"Pen Nib"},{"floor":9,"key":"Girya"},{"floor":12,"key":"Ornamental Fan"},{"floor":24,"key":"Juzu Bracelet"},{"floor":26,"key":"Mercury Hourglass"},{"floor":27,"key":"MawBank"},{"floor":31,"key":"Dream Catcher"}],"event_choices":[{"damage_healed":0,"gold_gain":0,"player_choice":"Take Damage","damage_taken":20,"relics_obtained":["Golden Idol"],"max_hp_gain":0,"max_hp_loss":0,"event_name":"Golden Idol","floor":4,"gold_loss":0},{"cards_removed":["Strike_R"],"damage_healed":0,"gold_gain":0,"player_choice":"Purged","damage_taken":0,"max_hp_gain":0,"max_hp_loss":0,"event_name":"Purifier","floor":5,"gold_loss":0},{"damage_healed":0,"gold_gain":0,"player_choice":"Obtained Relic","damage_taken":0,"relics_obtained":["Torii"],"max_hp_gain":0,"max_hp_loss":0,"event_name":"Addict","floor":20,"gold_loss":85},{"damage_healed":0,"gold_gain":0,"player_choice":"Simplicity","damage_taken":0,"max_hp_gain":0,"max_hp_loss":0,"event_name":"Back to Basics","floor":22,"gold_loss":0,"cards_upgraded":["Strike_R","Strike_R","Strike_R","Defend_R","Defend_R","Defend_R","Defend_R"]}],"is_beta":false,"boss_relics":[{"not_picked":["Velvet Choker","Eternal Feather"],"picked":"Cursed Key"}],"items_purged_floors":[],"is_endless":false,"potions_floor_spawned":[1,7,8,16,19,25,27,31],"killed_by":"Collector","ascension_level":4}