{"path_per_floor":["M","M","$","?","M","E","$","R","T","R","?","E","M","?","R","B",null,"M","$","M","M","$","E","R","E","T","R","M","?","M","M","R","B",null,"M","?","$","M","M","R","M","R","T","E","$","M","?","M","R","B"],"character_chosen":"DEFECT","items_purchased":["Go for the Eyes","Madness","Madness","Defragment","FocusPotion"],"gold_per_floor":[119,137,62,62,79,109,9,9,33,33,33,64,79,79,79,178,208,227,80,96,110,17,43,43,70,118,118,128,128,142,157,157,259,259,273,273,20,36,48,48,66,66,113,148,0,10,10,21,21,21],"floor_reached":51,"campfire_rested":3,"playtime":2907,"item_purchase_floors":[19,22,37,45,45],"current_hp_per_floor":[68,68,68,68,61,28,28,28,28,50,50,43,45,45,45,47,80,77,77,76,58,58,49,49,28,28,28,6,6,8,4,28,17,80,78,78,78,74,46,46,48,48,48,42,42,44,34,19,43,8],"items_purged":["Clumsy","Strike_B","Strike_B","Strike_B"],"gold":21,"score":886,"play_id":"6bf4e96f-4035-458f-9114-8797b7874c2a","local_time":"20180607234244","is_prod":false,"is_daily":false,"chose_seed":false,"is_ascension_mode":true,"campfire_upgraded":6,"win_rate":0,"timestamp":1528386164,"campfire_choices":[{"data":"Zap","floor":8,"key":"SMITH"},{"floor":10,"key":"REST"},{"data":"Defragment","floor":15,"key":"SMITH"},{"data":"Hologram","floor":24,"key":"SMITH"},{"data":"Redo","floor":27,"key":"SMITH"},{"floor":32,"key":"REST"},{"data":"Scrape","floor":40,"key":"SMITH"},{"data":"Coolheaded","floor":42,"key":"SMITH"},{"floor":49,"key":"REST"}],"path_taken":["M","M","$","?","M","E","$","R","T","R","?","E","?","?","R","BOSS","M","$","M","?","?","E","R","E","T","R","M","?","M","?","R","BOSS","M","?","$","?","M","R","M","R","T","E","?","M","?","M","R","BOSS"],"build_version":"2018-05-31","seed_source_timestamp":20865863900120,"purchased_purges":4,"victory":true,"master_deck":["Defend_B","Defend_B","Defend_B","Defend_B","Zap+1","Dualcast+1","All For One+1","Conserve Battery","Skim+1","Steam+1","Beam Cell","Coolheaded+1","Stack","Defragment+1","Machine Learning","Compile Driver","Hologram+1","Go for the Eyes","Gash","Madness","Redo+1","Coolheaded+1","Scrape+1","Seek","Sweeping Beam+1","Madness","Compile Driver+1","Gash+1","Chaos+1","Defragment","Madness","Madness"],"max_hp_per_floor":[75,75,75,75,75,75,75,75,75,75,75,75,75,75,75,75,80,80,80,80,80,80,80,80,80,80,80,80,80,80,80,80,80,80,80,80,80,80,80,80,80,80,80,80,80,80,80,80,80,80],"relics":["Cracked Core","Blood Vial","Vajra","Darkstone Periapt","Tiny House","Dead Branch","Letter Opener","War Paint","Potion Belt","Lizard Tail","Ancient Tea Set","Boot"],"card_choices":[{"not_picked":["Reboot","Fission"],"picked":"All For One","floor":0},{"not_picked":["Cold Snap","Steam"],"picked":"Conserve Battery","floor":1},{"not_picked":["Barrage","Chaos"],"picked":"Skim","floor":2},{"not_picked":["Barrage","Hologram"],"picked":"Beam Cell","floor":5},{"not_picked":["Hologram","Sweeping Beam"],"picked":"Coolheaded","floor":6},{"not_picked":["Self Repair","Turbo","Auto Shields"],"picked":"SKIP","floor":12},{"not_picked":["Conserve Battery","Sunder"],"picked":"Defragment","floor":13},{"not_picked":["Fission","Multi-Cast"],"picked":"Machine Learning","floor":16},{"not_picked":["Ball Lightning","Barrage"],"picked":"Compile Driver","floor":17},{"not_picked":["Glacier","Conserve Battery+1"],"picked":"Hologram","floor":18},{"not_picked":["Storm","Cold Snap"],"picked":"Gash","floor":20},{"not_picked":["Stack","Double Energy+1","Turbo"],"picked":"SKIP","floor":21},{"not_picked":["Compile Driver","Capacitor"],"picked":"Redo","floor":23},{"not_picked":["Thunder Strike","Go for the Eyes","Cold Snap"],"picked":"SKIP","floor":25},{"not_picked":["Force Field","Steam"],"picked":"Coolheaded+1","floor":28},{"not_picked":["Cold Snap","Go for the Eyes","Turbo+1"],"picked":"SKIP","floor":30},{"not_picked":["Fusion","Chaos"],"picked":"Scrape","floor":31},{"not_picked":["Thunder Strike","Meteor Strike"],"picked":"Seek","floor":33},{"not_picked":["Self Repair","Fusion+1"],"picked":"Sweeping Beam+1","floor":35},{"not_picked":["Consume","Steam","Force Field+1"],"picked":"SKIP","floor":38},{"not_picked":["Stack+1","Streamline+1"],"picked":"Compile Driver+1","floor":39},{"not_picked":["Turbo+1","Double Energy"],"picked":"Gash+1","floor":41},{"not_picked":["Blizzard","Turbo+1"],"picked":"Chaos+1","floor":44},{"not_picked":["Buffer","Coolheaded+1","Doom and Gloom+1"],"picked":"SKIP","floor":46},{"not_picked":["Conserve Battery","Hologram","Undo"],"picked":"SKIP","floor":48}],"player_experience":237780,"potions_floor_usage":[6,12,16,16,23,25,30,39,39,44,48,50,50],"damage_taken":[{"damage":7,"enemies":"Jaw Worm","floor":1,"turns":3},{"damage":0,"enemies":"Cultist","floor":2,"turns":4},{"damage":7,"enemies":"Small Slimes","floor":5,"turns":3},{"damage":33,"enemies":"Gremlin Nob","floor":6,"turns":5},{"damage":9,"enemies":"3 Sentries","floor":12,"turns":5},{"damage":0,"enemies":"Blue Slaver","floor":13,"turns":4},{"damage":0,"enemies":"Slime Boss","floor":16,"turns":7},{"damage":3,"enemies":"Chosen","floor":18,"turns":6},{"damage":3,"enemies":"Shell Parasite","floor":20,"turns":6},{"damage":20,"enemies":"Snake Plant","floor":21,"turns":5},{"damage":11,"enemies":"Gremlin Leader","floor":23,"turns":6},{"damage":23,"enemies":"Slavers","floor":25,"turns":5},{"damage":24,"enemies":"Sentry and Sphere","floor":28,"turns":4},{"damage":0,"enemies":"Centurion and Healer","floor":30,"turns":2},{"damage":6,"enemies":"Snake Plant","floor":31,"turns":3},{"damage":13,"enemies":"Automaton","floor":33,"turns":8},{"damage":2,"enemies":"3 Shapes","floor":35,"turns":4},{"damage":6,"enemies":"Orb Walker","floor":38,"turns":2},{"damage":30,"enemies":"4 Shapes","floor":39,"turns":5},{"damage":0,"enemies":"Sphere and 2 Shapes","floor":41,"turns":3},{"damage":8,"enemies":"Giant Head","floor":44,"turns":5},{"damage":0,"enemies":"Maw","floor":46,"turns":7},{"damage":17,"enemies":"4 Shapes","floor":48,"turns":4},{"damage":47,"enemies":"Awakened One","floor":50,"turns":8}],"relics_obtained":[{"floor":6,"key":"Blood Vial"},{"floor":9,"key":"Vajra"},{"floor":12,"key":"Darkstone Periapt"},{"floor":23,"key":"Dead Branch"},{"floor":25,"key":"Letter Opener"},{"floor":26,"key":"War Paint"},{"floor":43,"key":"Ancient Tea Set"},{"floor":44,"key":"Boot"}],"event_choices":[{"event_name":"Match and Keep!","player_choice":"1 cards matched","floor":4,"damage_taken":0},{"event_name":"Transmorgrifier","player_choice":"Transform","floor":11,"damage_taken":0},{"event_name":"Upgrade Shrine","player_choice":"Upgraded","floor":14,"damage_taken":0},{"event_name":"The Mausoleum","player_choice":"Yes","floor":29,"damage_taken":0},{"event_name":"The Lab","player_choice":"Got Potions","floor":36,"damage_taken":0},{"event_name":"Winding Halls","player_choice":"Embrace Madness","floor":47,"damage_taken":0}],"boss_relics":[{"not_picked":["Ectoplasm","Runic Pyramid"],"picked":"Tiny House"},{"not_picked":["Orrery","Calling Bell"],"picked":"Lizard Tail"}],"items_purged_floors":[3,7,19,37],"potions_floor_spawned":[2,6,12,13,20,21,28,33,46,48],"seed_played":"6218333730067893651","ascension_level":3,"potions_obtained":[{"floor":2,"key":"Ancient Potion"},{"floor":6,"key":"Fire Potion"},{"floor":12,"key":"GamblersBrew"},{"floor":13,"key":"SteroidPotion"},{"floor":17,"key":"SneckoOil"},{"floor":20,"key":"Ancient Potion"},{"floor":21,"key":"Dexterity Potion"},{"floor":28,"key":"AttackPotion"},{"floor":33,"key":"FocusPotion"},{"floor":36,"key":"FairyPotion"},{"floor":36,"key":"SkillPotion"},{"floor":36,"key":"Dexterity Potion"},{"floor":46,"key":"Block Potion"},{"floor":48,"key":"Poison Potion"}],"is_trial":false}