{"gold_per_floor":[364,382,21,39,59,90,110,110,159,159,170,199,199,216,216,216],"floor_reached":16,"playtime":589,"items_purged":["Strike_R"],"score":114,"play_id":"046bca71-cfb6-43e7-842f-344cd748cd52","local_time":"20190325143429","is_ascension_mode":false,"campfire_choices":[{"floor":15,"key":"RECALL"}],"neow_cost":"TEN_PERCENT_HP_LOSS","seed_source_timestamp":134878874610300,"circlet_count":0,"master_deck":["Strike_R","Strike_R","Strike_R","Strike_R","Defend_R","Defend_R","Defend_R","Defend_R","Bash","Clash","Disarm","Disarm","Uppercut","Parasite","Blood for Blood","Wild Strike","Immolate"],"special_seed":0,"relics":["Burning Blood","Membership Card","Dream Catcher","Pocketwatch","Bottled Flame"],"potions_floor_usage":[6,12,16],"damage_taken":[{"damage":1.0,"enemies":"Cultist","floor":1.0,"turns":3.0},{"damage":8.0,"enemies":"Jaw Worm","floor":2.0,"turns":3.0},{"damage":0,"enemies":"2 Louse","floor":4,"turns":2},{"damage":13,"enemies":"Looter","floor":5,"turns":4},{"damage":44,"enemies":"3 Sentries","floor":6,"turns":7},{"damage":20,"enemies":"Gremlin Gang","floor":7,"turns":5},{"damage":11,"enemies":"Red Slaver","floor":11,"turns":6},{"damage":24,"enemies":"Gremlin Nob","floor":12,"turns":5},{"damage":9,"enemies":"Blue Slaver","floor":14,"turns":4},{"damage":37,"enemies":"Slime Boss","floor":16,"turns":6}],"seed_played":"-4770695058549390217","potions_obtained":[{"floor":2.0,"key":"SteroidPotion"},{"floor":5,"key":"PowerPotion"},{"floor":12,"key":"Energy Potion"}],"is_trial":false,"path_per_floor":["M","M","$","M","M","E","M","?","T","?","M","E","?","M","R","B"],"character_chosen":"IRONCLAD","items_purchased":["Membership Card","Disarm","Dream Catcher"],"campfire_rested":0,"item_purchase_floors":[3,3,3],"current_hp_per_floor":[72,70,70,72,65,27,13,31,31,31,26,8,32,29,29,0],"gold":216,"neow_bonus":"TWO_FIFTY_GOLD","is_prod":false,"is_daily":false,"chose_seed":false,"campfire_upgraded":0,"win_rate":0,"timestamp":1553495669,"path_taken":["M","M","$","M","M","E","M","?","T","?","M","E","?","M","R","BOSS"],"build_version":"2019-01-23","purchased_purges":1,"victory":false,"max_hp_per_floor":[72,72,72,72,72,72,72,72,72,72,72,72,72,72,72,72],"card_choices":[{"not_picked":["Rage","Thunderclap"],"picked":"Clash","floor":1.0},{"not_picked":["Cleave","Iron Wave","Wild Strike"],"picked":"SKIP","floor":2.0},{"not_picked":["Heavy Blade","Exhume"],"picked":"Disarm","floor":4},{"not_picked":["Anger","Entrench","Shrug It Off"],"picked":"SKIP","floor":5},{"not_picked":["Heavy Blade","Clothesline"],"picked":"Uppercut","floor":6},{"not_picked":["Pommel Strike","Feel No Pain","Thunderclap"],"picked":"SKIP","floor":7},{"not_picked":["Thunderclap","Searing Blow"],"picked":"Blood for Blood","floor":11},{"not_picked":["Cleave","Sword Boomerang"],"picked":"Wild Strike","floor":12},{"not_picked":["True Grit","Dual Wield"],"picked":"Immolate","floor":14}],"player_experience":424022,"relics_obtained":[{"floor":6,"key":"Pocketwatch"},{"floor":12,"key":"Bottled Flame"}],"event_choices":[{"damage_healed":18,"gold_gain":0,"player_choice":"Healed and dodged fight","damage_taken":0,"max_hp_gain":0,"max_hp_loss":0,"event_name":"Mushrooms","floor":8,"gold_loss":0,"cards_obtained":["Parasite"]},{"damage_healed":0,"gold_gain":0,"player_choice":"Ignored","damage_taken":0,"max_hp_gain":0,"max_hp_loss":0,"event_name":"Liars Game","floor":10,"gold_loss":0},{"damage_healed":24,"gold_gain":0,"player_choice":"Banana","damage_taken":0,"max_hp_gain":0,"max_hp_loss":0,"event_name":"Big Fish","floor":13,"gold_loss":0}],"is_beta":false,"boss_relics":[],"items_purged_floors":[3],"is_endless":false,"potions_floor_spawned":[2,5,12],"killed_by":"Slime Boss","ascension_level":0}