{"path_per_floor":["M","$","M","M","M","R","?","E","T","M","M","E","$","?","R","B",null,"M","$","M","?","?","R"],"character_chosen":"DEFECT","items_purchased":[],"gold_per_floor":[112,37,56,66,77,77,27,57,57,72,82,108,8,8,8,108,108,122,122,141,141,141,141,141],"floor_reached":24,"campfire_rested":0,"playtime":1515,"item_purchase_floors":[],"current_hp_per_floor":[73,73,73,70,70,70,70,42,42,20,20,34,34,34,34,13,89,89,89,84,84,84,84,0],"items_purged":["Pain","Turbo"],"gold":141,"score":243,"play_id":"405a2e73-6e3c-4910-82b1-9eb33a596b18","local_time":"20180606104121","is_prod":false,"is_daily":false,"chose_seed":false,"is_ascension_mode":true,"campfire_upgraded":3,"win_rate":0,"timestamp":1528252881,"campfire_choices":[{"data":"Coolheaded","floor":6,"key":"SMITH"},{"data":"Blizzard","floor":15,"key":"SMITH"},{"data":"Fission","floor":23,"key":"SMITH"}],"path_taken":["M","$","M","?","M","R","?","E","T","M","M","E","$","?","R","BOSS","M","$","M","?","?","R","E"],"build_version":"2018-05-31","seed_source_timestamp":221113507175586,"purchased_purges":2,"victory":false,"master_deck":["Defend_B","Defend_B","Dualcast","Heatsinks","Coolheaded+1","Conserve Battery","Blizzard+1","Coolheaded","Glacier","Gash","Melter","Fission+1","Melter+1","Rip and Tear+1"],"max_hp_per_floor":[75,75,75,75,75,75,75,75,75,75,75,89,89,89,89,89,89,89,89,89,89,89,89,89],"relics":["Cracked Core","Dream Catcher","Kunai","Mango","Astrolabe"],"card_choices":[{"not_picked":["Redo","Hologram"],"picked":"Conserve Battery","floor":1},{"not_picked":["Melter","Self Repair"],"picked":"Turbo","floor":3},{"not_picked":["Scrape","Lockon"],"picked":"Blizzard","floor":4},{"not_picked":["Genetic Algorithm","Doom and Gloom","Ball Lightning"],"picked":"SKIP","floor":5},{"not_picked":["Beam Cell","Fusion"],"picked":"Coolheaded","floor":8},{"not_picked":["Reinforced Body","Cold Snap"],"picked":"Glacier","floor":10},{"not_picked":["BootSequence","Rebound"],"picked":"Gash","floor":11},{"not_picked":["Steam","Lockon"],"picked":"Melter","floor":12},{"not_picked":["All For One","Meteor Strike"],"picked":"Fission","floor":16},{"not_picked":["Sweeping Beam+1","Leap","Compile Driver"],"picked":"SKIP","floor":18},{"not_picked":["Scrape","Auto Shields+1","Reinforced Body"],"picked":"SKIP","floor":20}],"player_experience":226508,"potions_floor_usage":[8,12,16,16,20],"damage_taken":[{"damage":2,"enemies":"Cultist","floor":1,"turns":3},{"damage":0,"enemies":"2 Louse","floor":3,"turns":3},{"damage":3,"enemies":"Small Slimes","floor":4,"turns":3},{"damage":0,"enemies":"3 Louse","floor":5,"turns":5},{"damage":28,"enemies":"Lagavulin","floor":8,"turns":7},{"damage":22,"enemies":"Exordium Wildlife","floor":10,"turns":7},{"damage":0,"enemies":"2 Fungi Beasts","floor":11,"turns":5},{"damage":0,"enemies":"3 Sentries","floor":12,"turns":9},{"damage":21,"enemies":"Slime Boss","floor":16,"turns":14},{"damage":0,"enemies":"Spheric Guardian","floor":18,"turns":3},{"damage":5,"enemies":"3 Byrds","floor":20,"turns":6},{"damage":90,"enemies":"Gremlin Leader","floor":24,"turns":10}],"relics_obtained":[{"floor":8,"key":"Dream Catcher"},{"floor":9,"key":"Kunai"},{"floor":12,"key":"Mango"}],"event_choices":[{"event_name":"The Cleric","player_choice":"Card Removal","floor":7,"damage_taken":0},{"event_name":"Living Wall","player_choice":"Forget","floor":14,"damage_taken":0},{"event_name":"Back to Basics","player_choice":"Elegance","floor":21,"damage_taken":0},{"event_name":"Vampires","player_choice":"Ignored","floor":22,"damage_taken":0}],"boss_relics":[{"not_picked":["Runic Pyramid","Black Star"],"picked":"Astrolabe"}],"items_purged_floors":[2,13],"potions_floor_spawned":[1,4,5,10,18],"seed_played":"6093391334886300178","killed_by":"Gremlin Leader","ascension_level":1,"potions_obtained":[{"floor":1,"key":"SpeedPotion"},{"floor":4,"key":"SpeedPotion"},{"floor":5,"key":"Energy Potion"},{"floor":10,"key":"SteroidPotion"},{"floor":18,"key":"PowerPotion"}],"is_trial":false}