{"gold_per_floor":[114,39,39,54,54,54,69,69,94,109,109,109,128,147,147,272,272,291,216,235,254,273,273,311,311,336,336,336,336,355,355,355,455,455,470,141,156,171,171,171,186,58,133,133,133,133,148,163,163,163],"floor_reached":50,"playtime":2146,"items_purged":["Venomology"],"score":479,"play_id":"451bb23b-15d1-4bab-9dfb-f129a7f04710","local_time":"20180802080553","daily_mods":["Brewmaster","Binary","Terminal"],"is_ascension_mode":false,"campfire_choices":[{"data":"Hologram","floor":11,"key":"SMITH"},{"data":"Cold Snap","floor":15,"key":"SMITH"},{"floor":23,"key":"REST"},{"data":"Rainbow","floor":25,"key":"SMITH"},{"data":"Beam Cell","floor":32,"key":"SMITH"},{"data":"Seek","floor":40,"key":"SMITH"},{"data":"Barrage","floor":46,"key":"SMITH"},{"data":"Double Energy","floor":49,"key":"SMITH"}],"neow_cost":"","seed_source_timestamp":0,"circlet_count":0,"master_deck":["Strike_B+1","Strike_B+1","Strike_B+1","Defend_B+1","Defend_B+1","Defend_B+1","Defend_B+1","Zap","Dualcast","Venomology","Venomology","Self Repair","Double Energy+1","Cold Snap+1","Hologram+1","Rainbow+1","Static Discharge+1","Conserve Battery+1","Blizzard+1","Turbo","Fission","Beam Cell+1","Seek+1","Streamline+1","Tempest","Impatience","Sweeping Beam+1","Skim","Electrodynamics+1","Barrage+1","Defragment+1","Mayhem+1","Mayhem+1","Steam+1","Reinforced Body+1"],"special_seed":17745,"relics":["Cracked Core","White Beast Statue","Frozen Egg 2","Turnip","Potion Belt","Bloody Idol","Nuclear Battery","DataDisk","Pen Nib","Symbiotic Virus","Inserter","Strawberry","Dodecahedron"],"potions_floor_usage":[4,7,13,13,14,14,16,16,16,16,16,16,18,18,20,20,21,21,21,22,22,22,24,24,24,30,30,30,30,30,33,33,33,33,33,35,37,38,38,41,41,41,41,47,47,50,50,50],"damage_taken":[{"damage":0,"enemies":"Jaw Worm","floor":1,"turns":5},{"damage":1,"enemies":"Small Slimes","floor":4,"turns":4},{"damage":1,"enemies":"Cultist","floor":7,"turns":3},{"damage":0,"enemies":"Blue Slaver","floor":10,"turns":3},{"damage":0,"enemies":"Exordium Wildlife","floor":13,"turns":4},{"damage":0,"enemies":"3 Louse","floor":14,"turns":2},{"damage":28,"enemies":"Hexaghost","floor":16,"turns":11},{"damage":6,"enemies":"Chosen","floor":18,"turns":5},{"damage":0,"enemies":"3 Byrds","floor":20,"turns":5},{"damage":39,"enemies":"3 Cultists","floor":21,"turns":6},{"damage":4,"enemies":"Snecko","floor":22,"turns":5},{"damage":20,"enemies":"Book of Stabbing","floor":24,"turns":5},{"damage":2,"enemies":"Slaver and Parasite","floor":30,"turns":8},{"damage":43,"enemies":"Collector","floor":33,"turns":9},{"damage":4,"enemies":"Orb Walker","floor":35,"turns":4},{"damage":13,"enemies":"3 Darklings","floor":37,"turns":5},{"damage":1,"enemies":"Flame Bruiser 2 Orb","floor":38,"turns":6},{"damage":30,"enemies":"Sphere and 2 Shapes","floor":41,"turns":5},{"damage":0,"enemies":"3 Darklings","floor":47,"turns":4},{"damage":0,"enemies":"Flame Bruiser 2 Orb","floor":48,"turns":3},{"damage":43,"enemies":"Time Eater","floor":50,"turns":4}],"seed_played":"-7677364722762969759","potions_obtained":[{"floor":4,"key":"Explosive Potion"},{"floor":14,"key":"SpeedPotion"},{"floor":16,"key":"PowerPotion"},{"floor":18,"key":"Dexterity Potion"},{"floor":21,"key":"Explosive Potion"},{"floor":24,"key":"AttackPotion"},{"floor":30,"key":"Regen Potion"},{"floor":33,"key":"Weak Potion"},{"floor":35,"key":"Weak Potion"},{"floor":41,"key":"EssenceOfSteel"},{"floor":47,"key":"Fire Potion"}],"is_trial":false,"path_per_floor":["M","$","?","M","?","?","M","$","T","M","R","?","M","M","R","B",null,"M","?","M","M","M","R","E","R","T","?","T","?","M","?","R","B",null,"M","$","M","M","?","R","M","$","T","?","?","R","M","M","R"],"character_chosen":"DEFECT","items_purchased":["Strawberry","Tempest","Impatience","Defragment+1","Block Potion"],"campfire_rested":1,"item_purchase_floors":[36,36,36,42,42],"current_hp_per_floor":[73,72,69,70,56,56,55,55,55,62,62,47,54,60,59,38,57,56,55,54,22,25,40,27,27,27,27,27,42,44,43,42,26,40,39,45,44,43,42,41,28,28,33,33,33,33,34,33,32,0],"gold":163,"neow_bonus":"","is_prod":false,"is_daily":true,"chose_seed":false,"campfire_upgraded":7,"win_rate":0,"timestamp":1533211553,"path_taken":["M","$","?","M","?","?","?","$","T","M","R","?","M","M","R","BOSS","M","?","M","M","M","R","E","R","T","?","?","?","M","?","R","BOSS","M","$","M","M","?","R","M","$","T","?","?","R","M","M","R","BOSS"],"build_version":"2018-08-01","purchased_purges":1,"victory":false,"max_hp_per_floor":[73,72,71,70,69,68,67,66,65,64,63,62,61,60,59,58,57,56,55,54,53,52,51,50,49,48,47,46,45,44,43,42,41,40,39,45,44,43,42,41,40,39,38,37,36,35,34,33,32,32],"card_choices":[{"not_picked":["White Noise"],"picked":"Self Repair","floor":1},{"not_picked":["Self Repair+1"],"picked":"Double Energy","floor":4},{"not_picked":["Redo"],"picked":"Cold Snap","floor":7},{"not_picked":["Scrape"],"picked":"Hologram","floor":10},{"not_picked":["Ball Lightning","Rebound"],"picked":"SKIP","floor":13},{"not_picked":["Reprogram","Recycle"],"picked":"SKIP","floor":14},{"not_picked":["Meteor Strike"],"picked":"Rainbow","floor":16},{"not_picked":["Turbo"],"picked":"Static Discharge+1","floor":18},{"not_picked":["Sweeping Beam"],"picked":"Conserve Battery+1","floor":20},{"not_picked":["Steam"],"picked":"Blizzard+1","floor":21},{"not_picked":["Scrape+1"],"picked":"Turbo","floor":22},{"not_picked":["Force Field"],"picked":"Fission","floor":24},{"not_picked":["Doom and Gloom"],"picked":"Beam Cell","floor":30},{"not_picked":["Multi-Cast"],"picked":"Seek","floor":33},{"not_picked":["Cold Snap"],"picked":"Streamline+1","floor":35},{"not_picked":["Ball Lightning"],"picked":"Sweeping Beam+1","floor":37},{"not_picked":["Ball Lightning+1"],"picked":"Skim","floor":38},{"not_picked":["Turbo"],"picked":"Barrage","floor":41},{"not_picked":["Swift Strike"],"picked":"Mayhem+1","floor":44},{"not_picked":["Skim+1"],"picked":"Steam+1","floor":47},{"not_picked":["Compile Driver"],"picked":"Reinforced Body+1","floor":48}],"player_experience":179898,"relics_obtained":[{"floor":9,"key":"Potion Belt"},{"floor":24,"key":"DataDisk"},{"floor":26,"key":"Pen Nib"},{"floor":28,"key":"Symbiotic Virus"},{"floor":43,"key":"Dodecahedron"}],"event_choices":[{"event_name":"Scrap Ooze","player_choice":"success","floor":3,"damage_taken":3},{"event_name":"Shining Light","player_choice":"Entered Light","floor":5,"damage_taken":0},{"event_name":"WeMeetAgain","player_choice":"Card","floor":6,"damage_taken":0},{"event_name":"Golden Idol","player_choice":"Take Damage","floor":12,"damage_taken":0},{"event_name":"Beggar","player_choice":"Gave Gold","floor":19,"damage_taken":0},{"event_name":"Back to Basics","player_choice":"Simplicity","floor":27,"damage_taken":0},{"event_name":"The Library","player_choice":"Heal","floor":29,"damage_taken":0},{"event_name":"Forgotten Altar","player_choice":"Gave Idol","floor":31,"damage_taken":0},{"event_name":"Transmorgrifier","player_choice":"Transform","floor":39,"damage_taken":0},{"event_name":"SensoryStone","player_choice":"Memory 1","floor":44,"damage_taken":0},{"event_name":"Duplicator","player_choice":"One dupe","floor":45,"damage_taken":0}],"is_beta":true,"boss_relics":[{"not_picked":["Philosopher\u0027s Stone","Empty Cage"],"picked":"Nuclear Battery"},{"not_picked":["Fusion Hammer","Runic Pyramid"],"picked":"Inserter"}],"items_purged_floors":[2],"is_endless":false,"potions_floor_spawned":[1,4,7,10,13,14,16,18,20,21,22,24,30,33,35,37,38,41,47,48],"killed_by":"Time Eater","ascension_level":0}