{"gold_per_floor":[114,128,128,128,15,15,48,76,142,174,196,220,248,289,301,313],"floor_reached":16,"playtime":499,"items_purged":[],"score":229,"play_id":"13ba6c35-7e10-4a8c-a86a-c826699a9aea","local_time":"20190506230701","is_ascension_mode":true,"campfire_choices":[{"data":"Neutralize","floor":6,"key":"SMITH"},{"floor":15,"key":"REST"}],"neow_cost":"NONE","seed_source_timestamp":104240973421245,"circlet_count":0,"master_deck":["AscendersBane","Defend_G","Defend_G","Defend_G","Defend_G","Defend_G","Strike_G","Strike_G","Strike_G","Strike_G","Strike_G","Survivor","Neutralize+1","Dagger Throw","Heel Hook","Flash of Steel","Bane","Underhanded Strike","Footwork","Burst","Dash","Riddle With Holes","Caltrops","Escape Plan"],"relics":["Ring of the Snake","NeowsBlessing","MawBank","Bag of Marbles","Art of War"],"potions_floor_usage":[14,14],"damage_taken":[{"damage":0,"enemies":"2 Louse","floor":1,"turns":1},{"damage":0,"enemies":"Jaw Worm","floor":2,"turns":1},{"damage":0,"enemies":"Gremlin Nob","floor":7,"turns":1},{"damage":1,"enemies":"Cultist","floor":8,"turns":3},{"damage":0,"enemies":"Blue Slaver","floor":10,"turns":4},{"damage":6,"enemies":"2 Fungi Beasts","floor":11,"turns":3},{"damage":1,"enemies":"3 Louse","floor":12,"turns":4},{"damage":38,"enemies":"Gremlin Gang","floor":13,"turns":5},{"damage":14,"enemies":"3 Sentries","floor":14,"turns":8},{"damage":0,"enemies":"The Guardian","floor":16,"turns":2}],"seed_played":"-8076475566085528060","potions_obtained":[{"floor":2,"key":"SpeedPotion"},{"floor":4,"key":"GamblersBrew"},{"floor":4,"key":"Fire Potion"},{"floor":8,"key":"PowerPotion"}],"is_trial":false,"path_per_floor":["M","M","?","?","$","R","E","M","T","M","M","M","M","E","R","B"],"character_chosen":"THE_SILENT","items_purchased":["Flash of Steel","Bane"],"campfire_rested":1,"item_purchase_floors":[5,5],"current_hp_per_floor":[63,63,63,63,63,63,63,62,62,62,56,55,17,3,24,24],"gold":313,"neow_bonus":"THREE_ENEMY_KILL","is_prod":false,"is_daily":false,"chose_seed":false,"campfire_upgraded":1,"win_rate":0,"timestamp":1557209221,"path_taken":["M","M","?","?","$","R","E","M","T","?","M","M","M","E","R","BOSS"],"build_version":"2019-01-23","purchased_purges":0,"victory":false,"max_hp_per_floor":[70,70,70,70,70,70,70,70,70,70,70,70,70,70,70,70],"card_choices":[{"not_picked":["Caltrops","Prepared"],"picked":"Dagger Throw","floor":1},{"not_picked":["Blade Dance","Escape Plan"],"picked":"Heel Hook","floor":2},{"not_picked":["Dagger Spray","PiercingWail"],"picked":"Underhanded Strike","floor":7},{"not_picked":["Heel Hook","All Out Attack"],"picked":"Footwork","floor":8},{"not_picked":["Outmaneuver","Cloak And Dagger"],"picked":"Burst","floor":10},{"not_picked":["Setup","Dagger Throw"],"picked":"Dash","floor":11},{"not_picked":["Accuracy","Underhanded Strike"],"picked":"Riddle With Holes","floor":12},{"not_picked":["Dagger Throw","Escape Plan"],"picked":"Caltrops","floor":13},{"not_picked":["Prepared","Blade Dance"],"picked":"Escape Plan","floor":14}],"player_experience":604563,"relics_obtained":[{"floor":7,"key":"MawBank"},{"floor":9,"key":"Bag of Marbles"},{"floor":14,"key":"Art of War"}],"event_choices":[{"damage_healed":0,"gold_gain":0,"player_choice":"Leave","damage_taken":0,"max_hp_gain":0,"max_hp_loss":0,"event_name":"The Cleric","floor":3,"gold_loss":0},{"damage_healed":0,"gold_gain":0,"player_choice":"Got Potions","damage_taken":0,"max_hp_gain":0,"max_hp_loss":0,"event_name":"Lab","floor":4,"gold_loss":0}],"is_beta":false,"boss_relics":[],"items_purged_floors":[],"is_endless":false,"potions_floor_spawned":[2,8,12,13],"killed_by":"The Guardian","ascension_level":13}