{"gold_per_floor":[110,110,35,50,0,0,0,0,0,14,14,33,33,65,65,65],"floor_reached":16,"playtime":890,"items_purged":["Defend_B"],"score":108,"play_id":"ce39beab-3368-4910-8be4-6dca3303721f","local_time":"20180716053046","is_ascension_mode":true,"campfire_choices":[{"data":"Loop","floor":6,"key":"SMITH"},{"data":"Zap","floor":8,"key":"SMITH"},{"floor":15,"key":"REST"}],"neow_cost":"NONE","seed_source_timestamp":367341875553700,"circlet_count":0,"master_deck":["Strike_B","Strike_B","Defend_B","Defend_B+1","Zap+1","Dualcast+1","Loop+1","BootSequence","Coolheaded"],"relics":["Nuclear Battery","War Paint","Bird Faced Urn"],"potions_floor_usage":[16],"damage_taken":[{"damage":7,"enemies":"Small Slimes","floor":1,"turns":4},{"damage":0,"enemies":"Cultist","floor":4,"turns":4},{"damage":12,"enemies":"Jaw Worm","floor":10,"turns":4},{"damage":27,"enemies":"Gremlin Gang","floor":12,"turns":5},{"damage":22,"enemies":"3 Sentries","floor":14,"turns":8},{"damage":49,"enemies":"Hexaghost","floor":16,"turns":14}],"seed_played":"-3747007076171910819","potions_obtained":[{"floor":1,"key":"Weak Potion"}],"is_trial":false,"path_per_floor":["M","?","$","M","?","R","?","R","T","M","?","M","$","E","R"],"character_chosen":"DEFECT","items_purchased":[],"campfire_rested":1,"item_purchase_floors":[],"current_hp_per_floor":[68,68,68,68,68,68,61,61,61,49,74,47,47,25,47,0],"gold":65,"neow_bonus":"BOSS_RELIC","is_prod":false,"is_daily":false,"chose_seed":false,"campfire_upgraded":2,"win_rate":0,"timestamp":1531711846,"path_taken":["M","?","$","?","?","R","?","R","T","?","?","M","$","E","R","BOSS"],"build_version":"2018-07-12","purchased_purges":1,"victory":false,"max_hp_per_floor":[75,75,75,75,75,75,75,75,75,75,75,75,75,75,75,75],"card_choices":[{"not_picked":["Reprogram","Force Field"],"picked":"Loop","floor":1},{"not_picked":["Ball Lightning","Steam Power","Sunder"],"picked":"SKIP","floor":4},{"not_picked":["Auto Shields","Beam Cell"],"picked":"BootSequence","floor":10},{"not_picked":["Redo","Skim"],"picked":"Coolheaded","floor":12},{"not_picked":["Genetic Algorithm","Rebound","Barrage"],"picked":"SKIP","floor":14}],"player_experience":299867,"relics_obtained":[{"floor":9,"key":"War Paint"},{"floor":14,"key":"Bird Faced Urn"}],"event_choices":[{"event_name":"Purifier","player_choice":"One Purge","floor":2,"damage_taken":0},{"event_name":"The Cleric","player_choice":"Card Removal","floor":5,"damage_taken":0},{"event_name":"Golden Wing","player_choice":"Card Removal","floor":7,"damage_taken":0},{"event_name":"Big Fish","player_choice":"Banana","floor":11,"damage_taken":0}],"boss_relics":[],"items_purged_floors":[3],"is_endless":false,"potions_floor_spawned":[1],"killed_by":"Hexaghost","ascension_level":2}