{"gold_per_floor":[112,125,125,125,125,125,140,140,167,198,71,71,71,71,71,167,217,229,229,229,247,171,196,196,196,196,196,196,206,206,206,206,305,305,323,323,1322,1334,595,595,595],"floor_reached":41,"playtime":2166,"items_purged":["Regret","Normality"],"score":646,"play_id":"9e4cf4fd-e492-4330-a827-466c4e424c3b","local_time":"20190123161807","is_ascension_mode":true,"campfire_choices":[{"floor":6,"key":"REST"},{"floor":8,"key":"REST"},{"floor":12,"key":"REST"},{"data":"Inflame","floor":15,"key":"SMITH"},{"floor":24,"key":"REST"},{"floor":27,"key":"REST"},{"data":"Shame","floor":30,"key":"PURGE"},{"floor":32,"key":"REST"},{"data":"Normality","floor":40,"key":"PURGE"}],"neow_cost":"PERCENT_DAMAGE","seed_source_timestamp":55788663463935,"circlet_count":0,"master_deck":["Strike_R","Strike_R","Strike_R","Strike_R","Strike_R+1","Defend_R+1","Defend_R","Defend_R+1","Defend_R","Bash","Cleave","True Grit+1","Inflame+1","Warcry","Demon Form","Disarm","Intimidate","Shrug It Off","Armaments","Limit Break","RitualDagger","Metallicize","Reaper","Iron Wave","Warcry","Enlightenment"],"relics":["Burning Blood","Charon\u0027s Ashes","Ancient Tea Set","Mummified Hand","Pen Nib","Orichalcum","Tiny House","MutagenicStrength","Peace Pipe","Shuriken","Calipers","Sozu","StoneCalendar","Ornamental Fan"],"potions_floor_usage":[16,18,21,23,31,31,31,31,33,33],"damage_taken":[{"damage":12,"enemies":"Small Slimes","floor":1,"turns":4},{"damage":8,"enemies":"Jaw Worm","floor":2,"turns":4},{"damage":0,"enemies":"Cultist","floor":7,"turns":2},{"damage":47,"enemies":"Lagavulin","floor":10,"turns":8},{"damage":10,"enemies":"Slime Boss","floor":16,"turns":7},{"damage":21,"enemies":"Spheric Guardian","floor":18,"turns":4},{"damage":5,"enemies":"Shell Parasite","floor":21,"turns":4},{"damage":42,"enemies":"Slavers","floor":23,"turns":9},{"damage":27,"enemies":"Sentry and Sphere","floor":29,"turns":4},{"damage":0,"enemies":"Snake Plant","floor":31,"turns":1},{"damage":23,"enemies":"Champ","floor":33,"turns":9},{"damage":6,"enemies":"3 Shapes","floor":35,"turns":5},{"damage":10,"enemies":"Orb Walker","floor":38,"turns":3},{"damage":109,"enemies":"Giant Head","floor":41,"turns":8}],"seed_played":"-233343412159998514","potions_obtained":[{"floor":1,"key":"BloodPotion"},{"floor":16,"key":"Energy Potion"},{"floor":17,"key":"PowerPotion"},{"floor":18,"key":"SteroidPotion"},{"floor":23,"key":"EntropicBrew"}],"is_trial":false,"path_per_floor":["M","M","?","?","T","R","M","R","T","E","$","R","?","?","R","B",null,"M","?","?","M","$","E","R","?","T","R","?","M","R","M","R","B",null,"M","?","?","M","$","R","E"],"character_chosen":"IRONCLAD","items_purchased":["FearPotion","LiquidBronze","StoneCalendar","Ornamental Fan","Enlightenment"],"campfire_rested":6,"item_purchase_floors":[11,22,39,39,39],"current_hp_per_floor":[45,43,27,27,27,51,57,80,80,39,39,63,63,63,63,59,80,65,65,65,66,66,30,55,55,55,80,74,53,53,67,85,68,81,85,85,85,85,85,85,0],"gold":595,"neow_bonus":"ONE_RARE_RELIC","is_prod":false,"is_daily":false,"chose_seed":false,"campfire_upgraded":1,"win_rate":0,"timestamp":1548256687,"path_taken":["M","M","?","?","?","R","?","R","T","E","$","R","?","?","R","BOSS","M","?","?","M","$","E","R","?","T","R","?","M","R","?","R","BOSS","M","?","?","M","$","R","E"],"build_version":"2019-01-17v2","purchased_purges":2,"victory":false,"max_hp_per_floor":[80,80,80,80,80,80,80,80,80,80,80,80,80,80,80,80,85,85,85,85,85,85,85,85,85,85,85,85,85,85,85,85,85,85,85,85,85,85,85,85,85],"card_choices":[{"not_picked":["Entrench","Anger"],"picked":"Cleave","floor":1},{"not_picked":["Wild Strike","Cleave"],"picked":"True Grit","floor":2},{"not_picked":["Headbutt","Disarm"],"picked":"Inflame","floor":7},{"not_picked":["Twin Strike","Iron Wave"],"picked":"Warcry","floor":10},{"not_picked":["Juggernaut","Impervious"],"picked":"Demon Form","floor":16},{"not_picked":["Armaments","Corruption"],"picked":"Disarm","floor":17},{"not_picked":["Anger","Dropkick"],"picked":"Intimidate","floor":18},{"not_picked":["Shockwave","Anger+1"],"picked":"Shrug It Off","floor":21},{"not_picked":["Evolve","Thunderclap"],"picked":"Armaments","floor":23},{"not_picked":["Iron Wave","Clothesline"],"picked":"Metallicize","floor":29},{"not_picked":["Demon Form","Berserk"],"picked":"Reaper","floor":33},{"not_picked":["Armaments","Pommel Strike+1"],"picked":"Iron Wave","floor":35},{"not_picked":["Pommel Strike+1","Headbutt+1"],"picked":"Warcry","floor":38}],"player_experience":358536,"relics_obtained":[{"floor":5,"key":"Mummified Hand"},{"floor":9,"key":"Pen Nib"},{"floor":10,"key":"Orichalcum"},{"floor":23,"key":"Shuriken"},{"floor":26,"key":"Calipers"}],"event_choices":[{"damage_healed":0,"gold_gain":0,"player_choice":"Entered Light","damage_taken":16,"max_hp_gain":0,"max_hp_loss":0,"event_name":"Shining Light","floor":3,"gold_loss":0,"cards_upgraded":["Strike_R","Defend_R"]},{"damage_healed":0,"gold_gain":0,"player_choice":"Box","damage_taken":0,"relics_obtained":["Ancient Tea Set"],"max_hp_gain":0,"max_hp_loss":0,"event_name":"Big Fish","floor":4,"gold_loss":0,"cards_obtained":["Regret"]},{"damage_healed":0,"gold_gain":0,"player_choice":"Grow","damage_taken":0,"max_hp_gain":0,"max_hp_loss":0,"event_name":"Living Wall","floor":13,"gold_loss":0,"cards_upgraded":["True Grit"]},{"damage_healed":0,"gold_gain":0,"player_choice":"Ignored","damage_taken":0,"max_hp_gain":0,"max_hp_loss":0,"event_name":"Purifier","floor":14,"gold_loss":0},{"damage_healed":0,"gold_gain":0,"player_choice":"Inject Mutagens","damage_taken":0,"relics_obtained":["MutagenicStrength"],"max_hp_gain":0,"max_hp_loss":0,"event_name":"Drug Dealer","floor":19,"gold_loss":0},{"damage_healed":0,"gold_gain":0,"player_choice":"Stole Relic","damage_taken":0,"relics_obtained":["Peace Pipe"],"max_hp_gain":0,"max_hp_loss":0,"event_name":"Addict","floor":20,"gold_loss":0,"cards_obtained":["Shame"]},{"damage_healed":0,"gold_gain":0,"player_choice":"Read","damage_taken":0,"max_hp_gain":0,"max_hp_loss":0,"event_name":"The Library","floor":25,"gold_loss":0,"cards_obtained":["Limit Break"]},{"damage_healed":0,"gold_gain":0,"player_choice":"Joined the Cult","damage_taken":6,"max_hp_gain":0,"max_hp_loss":0,"event_name":"Nest","floor":28,"gold_loss":0,"cards_obtained":["RitualDagger"]},{"damage_healed":0,"gold_gain":0,"player_choice":"Ignored","damage_taken":0,"max_hp_gain":0,"max_hp_loss":0,"event_name":"Tomb of Lord Red Mask","floor":36,"gold_loss":0},{"damage_healed":0,"gold_gain":999,"player_choice":"Gold","damage_taken":0,"max_hp_gain":0,"max_hp_loss":0,"event_name":"MindBloom","floor":37,"gold_loss":0,"cards_obtained":["Normality","Normality"]}],"is_beta":false,"boss_relics":[{"not_picked":["Runic Dome","Pandora\u0027s Box"],"picked":"Tiny House"},{"not_picked":["Black Blood","Astrolabe"],"picked":"Sozu"}],"items_purged_floors":[11,39],"is_endless":false,"potions_floor_spawned":[1,16,18,23,31],"killed_by":"Giant Head","ascension_level":9}