{"gold_per_floor":[118,118,43,43,43,77,77,111,163,206,224,224,44,44,44,44],"floor_reached":16,"playtime":278,"items_purged":["Injury"],"score":332,"play_id":"2bce05b5-0222-4581-a72f-9c06f9a621f3","local_time":"20190317191429","is_ascension_mode":true,"campfire_choices":[{"data":"Cold Snap","floor":7,"key":"SMITH"},{"data":"Sunder","floor":15,"key":"SMITH"}],"neow_cost":"NONE","seed_source_timestamp":437339925857533,"circlet_count":0,"master_deck":["AscendersBane","Strike_B","Strike_B","Strike_B","Strike_B","Defend_B","Defend_B","Defend_B","Defend_B","Zap+1","Dualcast","Reinforced Body","Cold Snap+1","Coolheaded","Genetic Algorithm","Sunder+1","Creative AI"],"relics":["Cracked Core","NeowsBlessing","Golden Idol","Blood Vial","Oddly Smooth Stone","Potion Belt","Bottled Lightning"],"potions_floor_usage":[10,10,14,16],"damage_taken":[{"damage":0,"enemies":"Small Slimes","floor":1,"turns":1},{"damage":0,"enemies":"Gremlin Nob","floor":6,"turns":1},{"damage":0,"enemies":"Lagavulin","floor":8,"turns":1},{"damage":33,"enemies":"Gremlin Nob","floor":10,"turns":4},{"damage":0,"enemies":"2 Louse","floor":11,"turns":3},{"damage":0,"enemies":"Jaw Worm","floor":14,"turns":1},{"damage":42,"enemies":"Hexaghost","floor":16,"turns":9}],"seed_played":"8495203752864518881","potions_obtained":[{"floor":1,"key":"Strength Potion"},{"floor":8,"key":"Fire Potion"},{"floor":10,"key":"SkillPotion"},{"floor":11,"key":"SmokeBomb"}],"is_trial":false,"path_per_floor":["M","?","$","?","?","E","R","E","T","E","M","?","$","M","R","B"],"character_chosen":"DEFECT","items_purchased":["Creative AI"],"campfire_rested":0,"item_purchase_floors":[13],"current_hp_per_floor":[64,64,64,64,64,64,64,66,66,35,37,37,37,39,39,0],"gold":44,"neow_bonus":"THREE_ENEMY_KILL","is_prod":false,"is_daily":false,"chose_seed":false,"campfire_upgraded":2,"win_rate":0,"timestamp":1552864469,"path_taken":["M","?","$","?","?","E","R","E","T","E","M","?","$","M","R","BOSS"],"build_version":"2019-01-23","purchased_purges":1,"victory":false,"max_hp_per_floor":[71,71,71,71,71,71,71,71,71,71,71,71,71,71,71,71],"card_choices":[{"not_picked":["Blizzard","Fusion"],"picked":"Reinforced Body","floor":1},{"not_picked":["Barrage","Go for the Eyes"],"picked":"Cold Snap","floor":6},{"not_picked":["Storm","Leap"],"picked":"Coolheaded","floor":8},{"not_picked":["BootSequence","Fusion"],"picked":"Genetic Algorithm","floor":10},{"not_picked":["Leap","Barrage"],"picked":"Sunder","floor":11}],"player_experience":873233,"relics_obtained":[{"floor":6,"key":"Blood Vial"},{"floor":8,"key":"Oddly Smooth Stone"},{"floor":9,"key":"Potion Belt"},{"floor":10,"key":"Bottled Lightning"}],"event_choices":[{"damage_healed":0,"gold_gain":0,"player_choice":"Take Wound","damage_taken":0,"relics_obtained":["Golden Idol"],"max_hp_gain":0,"max_hp_loss":0,"event_name":"Golden Idol","floor":2,"gold_loss":0,"cards_obtained":["Injury"]},{"damage_healed":0,"gold_gain":0,"player_choice":"Grow","damage_taken":0,"max_hp_gain":0,"max_hp_loss":0,"event_name":"Living Wall","floor":4,"gold_loss":0,"cards_upgraded":["Zap"]},{"damage_healed":0,"gold_gain":0,"player_choice":"Fled","damage_taken":0,"max_hp_gain":0,"max_hp_loss":0,"event_name":"Scrap Ooze","floor":5,"gold_loss":0},{"damage_healed":0,"gold_gain":0,"player_choice":"Ignored","damage_taken":0,"max_hp_gain":0,"max_hp_loss":0,"event_name":"Shining Light","floor":12,"gold_loss":0}],"is_beta":false,"boss_relics":[],"items_purged_floors":[3],"is_endless":false,"potions_floor_spawned":[1,8,10,11,14],"killed_by":"Hexaghost","ascension_level":20}