{"gold_per_floor":[115,115,135,145,155,183,183,183,183,183,78,107,126,4,4,107,107,120,139,154,154],"floor_reached":21,"playtime":1116,"items_purged":[],"score":191,"play_id":"4ac86140-72e1-472c-9f88-11145d3d35d7","local_time":"20190221173114","is_ascension_mode":false,"campfire_choices":[{"floor":10.0,"key":"REST"},{"floor":15.0,"key":"REST"}],"neow_cost":"NONE","seed_source_timestamp":0,"circlet_count":0,"master_deck":["Strike_B","Strike_B","Strike_B","Strike_B","Defend_B","Defend_B","Defend_B","Defend_B","Zap+1","Dualcast","Seek+1","Go for the Eyes","Barrage","Barrage","Turbo+1","Echo Form","Loop","Glacier","Capacitor","Streamline","Defragment","Ball Lightning","Machine Learning","Turbo+1","Coolheaded+1","Reinforced Body"],"special_seed":0,"relics":["Cracked Core","Sundial","Gremlin Horn","Mummified Hand","Black Star"],"potions_floor_usage":[18],"damage_taken":[{"damage":1.0,"enemies":"Jaw Worm","floor":1.0,"turns":3.0},{"damage":1.0,"enemies":"Cultist","floor":3.0,"turns":3.0},{"damage":0.0,"enemies":"2 Louse","floor":4.0,"turns":2.0},{"damage":21.0,"enemies":"Exordium Thugs","floor":5.0,"turns":4.0},{"damage":43.0,"enemies":"Gremlin Nob","floor":6.0,"turns":5.0},{"damage":31.0,"enemies":"Lagavulin","floor":12.0,"turns":6.0},{"damage":0.0,"enemies":"Looter","floor":13.0,"turns":4.0},{"damage":26,"enemies":"The Guardian","floor":16,"turns":12},{"damage":25,"enemies":"2 Thieves","floor":18,"turns":3},{"damage":15,"enemies":"Chosen","floor":19,"turns":5},{"damage":32,"enemies":"Snake Plant","floor":20,"turns":5},{"damage":5,"enemies":"Cultist and Chosen","floor":21,"turns":1}],"seed_played":"-5144500397624629640","potions_obtained":[{"floor":4.0,"key":"Dexterity Potion"},{"floor":6.0,"key":"FearPotion"},{"floor":13.0,"key":"Explosive Potion"},{"floor":19,"key":"Dexterity Potion"}],"is_trial":false,"path_per_floor":["M","?","M","M","M","E","?","?","T","R","$","E","M","$","R","B",null,"M","M","M","M"],"character_chosen":"DEFECT","items_purchased":["Loop","Glacier","Defragment","Ball Lightning"],"campfire_rested":2,"item_purchase_floors":[11,11,14,14],"current_hp_per_floor":[74,74,73,73,52,9,34,19,19,41,41,10,10,10,32,6,75,50,35,3,0],"gold":154,"neow_bonus":"ONE_RANDOM_RARE_CARD","is_prod":false,"is_daily":false,"chose_seed":false,"campfire_upgraded":0,"win_rate":0.0,"timestamp":1550791874,"path_taken":["M","?","M","M","M","E","?","?","T","R","?","E","?","$","R","BOSS","M","M","M","?"],"build_version":"2019-01-23","purchased_purges":0,"victory":false,"max_hp_per_floor":[75,75,75,75,75,75,75,75,75,75,75,75,75,75,75,75,75,75,75,75,75],"card_choices":[{"not_picked":["Cold Snap","Compile Driver"],"picked":"Go for the Eyes","floor":1.0},{"not_picked":["Beam Cell","Go for the Eyes"],"picked":"Barrage","floor":3.0},{"not_picked":["Hologram","Coolheaded"],"picked":"Barrage","floor":4.0},{"not_picked":["Heatsinks","Tempest"],"picked":"Turbo","floor":5.0},{"not_picked":["Streamline","Seek"],"picked":"Echo Form","floor":6.0},{"not_picked":["Ball Lightning","Sweeping Beam"],"picked":"Capacitor","floor":12.0},{"not_picked":["Beam Cell","Gash"],"picked":"Streamline","floor":13.0},{"not_picked":["Multi-Cast","Biased Cognition"],"picked":"Machine Learning","floor":16},{"not_picked":["Scrape","BootSequence"],"picked":"Turbo+1","floor":18},{"not_picked":["Tempest","Genetic Algorithm"],"picked":"Coolheaded+1","floor":19},{"not_picked":["Tempest","Turbo"],"picked":"Reinforced Body","floor":20}],"player_experience":50290,"relics_obtained":[{"floor":6.0,"key":"Sundial"},{"floor":9.0,"key":"Gremlin Horn"},{"floor":12.0,"key":"Mummified Hand"}],"event_choices":[{"damage_healed":0.0,"max_hp_gain":0.0,"max_hp_loss":0.0,"gold_gain":0.0,"event_name":"Living Wall","player_choice":"Grow","floor":2.0,"gold_loss":0.0,"damage_taken":0.0,"cards_upgraded":["Seek"]},{"damage_healed":25.0,"max_hp_gain":0.0,"max_hp_loss":0.0,"gold_gain":0.0,"event_name":"Big Fish","player_choice":"Banana","floor":7.0,"gold_loss":0.0,"damage_taken":0.0},{"damage_healed":0.0,"max_hp_gain":0.0,"max_hp_loss":0.0,"gold_gain":0.0,"event_name":"Shining Light","player_choice":"Entered Light","floor":8.0,"gold_loss":0.0,"damage_taken":15.0,"cards_upgraded":["Zap","Turbo"]}],"is_beta":false,"boss_relics":[{"not_picked":["Coffee Dripper","Sozu"],"picked":"Black Star"}],"items_purged_floors":[],"is_endless":false,"potions_floor_spawned":[4,6,13,16,19],"killed_by":"Cultist and Chosen","ascension_level":0}