{"gold_per_floor":[115,190,45,55,55,55,117,117,117,27,56,66,46,58,58,58],"floor_reached":16,"playtime":1067,"items_purged":[],"score":108,"play_id":"5d7f5e96-fc8a-4a88-9373-9f3e14d8a683","local_time":"20190502073412","is_ascension_mode":false,"campfire_choices":[{"floor":6,"key":"REST"},{"floor":8,"key":"REST"},{"floor":15,"key":"REST"}],"neow_cost":"NONE","seed_source_timestamp":560918538604000,"circlet_count":0,"master_deck":["Defend_G","Defend_G","Defend_G","Defend_G","Defend_G","Strike_G","Strike_G+1","Strike_G+1","Strike_G","Strike_G","Survivor","Neutralize","A Thousand Cuts","Sucker Punch","Poisoned Stab","Endless Agony","Quick Slash","Leg Sweep","Discovery","Night Terror","Acrobatics","Expertise","Venomology"],"relics":["Ring of the Snake","Dream Catcher","Tiny Chest","Gremlin Horn","Regal Pillow"],"potions_floor_usage":[7,14,16,16,16,16,16,16],"damage_taken":[{"damage":0,"enemies":"Jaw Worm","floor":1,"turns":5},{"damage":6,"enemies":"2 Louse","floor":4,"turns":3},{"damage":6,"enemies":"Gremlin Nob","floor":7,"turns":4},{"damage":32,"enemies":"Lagavulin","floor":11,"turns":7},{"damage":0,"enemies":"Small Slimes","floor":12,"turns":2},{"damage":5,"enemies":"Red Slaver","floor":14,"turns":3},{"damage":71,"enemies":"The Guardian","floor":16,"turns":19}],"seed_played":"-9183109410980339244","potions_obtained":[{"floor":4,"key":"Block Potion"},{"floor":7,"key":"GamblersBrew"},{"floor":12,"key":"Ancient Potion"},{"floor":13,"key":"EntropicBrew"}],"is_trial":false,"path_per_floor":["M","?","$","M","?","R","E","R","T","$","E","M","?","M","R","B"],"character_chosen":"THE_SILENT","items_purchased":["Dream Catcher","Discovery"],"campfire_rested":3,"item_purchase_floors":[3,10],"current_hp_per_floor":[70,59,59,53,39,60,54,70,70,70,38,38,38,33,69,0],"gold":58,"neow_bonus":"ONE_RANDOM_RARE_CARD","is_prod":false,"is_daily":false,"chose_seed":false,"campfire_upgraded":0,"win_rate":0.0,"timestamp":1556796852,"path_taken":["M","?","$","M","?","R","E","R","T","$","E","M","?","?","R","BOSS"],"build_version":"2019-01-23","purchased_purges":0,"victory":false,"max_hp_per_floor":[70,70,70,70,70,70,70,70,70,70,70,70,70,70,70,70],"card_choices":[{"not_picked":["Dodge and Roll","Dagger Throw"],"picked":"Sucker Punch","floor":1},{"not_picked":["Prepared","Deflect"],"picked":"Poisoned Stab","floor":4},{"not_picked":["Flying Knee","Dagger Spray"],"picked":"Endless Agony","floor":6},{"not_picked":["Sucker Punch","Cloak And Dagger"],"picked":"Quick Slash","floor":7},{"not_picked":["Dodge and Roll","Expertise"],"picked":"Leg Sweep","floor":8},{"not_picked":["Eviscerate","Slice"],"picked":"Night Terror","floor":11},{"not_picked":["Prepared","Slice"],"picked":"Acrobatics","floor":12},{"not_picked":["Deflect","Blade Dance"],"picked":"Expertise","floor":14},{"not_picked":["Heel Hook","Deflect"],"picked":"Venomology","floor":15}],"player_experience":54714,"relics_obtained":[{"floor":7,"key":"Tiny Chest"},{"floor":9,"key":"Gremlin Horn"},{"floor":11,"key":"Regal Pillow"}],"event_choices":[{"damage_healed":0,"gold_gain":75,"player_choice":"Gather Gold","damage_taken":11,"max_hp_gain":0,"max_hp_loss":0,"event_name":"World of Goop","floor":2,"gold_loss":0},{"damage_healed":0,"gold_gain":0,"player_choice":"Entered Light","damage_taken":14,"max_hp_gain":0,"max_hp_loss":0,"event_name":"Shining Light","floor":5,"gold_loss":0,"cards_upgraded":["Strike_G","Strike_G"]},{"damage_healed":0,"gold_gain":0,"player_choice":"Bought 1 Potion","damage_taken":0,"max_hp_gain":0,"max_hp_loss":0,"event_name":"The Woman in Blue","floor":13,"gold_loss":0}],"is_beta":false,"boss_relics":[],"items_purged_floors":[],"is_endless":false,"potions_floor_spawned":[4,7,12],"killed_by":"The Guardian","ascension_level":0}