{"gold_per_floor":[119,145,36,36,46,78,88,98,98,98,117,130,130,165,177,292,304,327,355,367,0,11,11,21,36,104,121,74,74,74,105,105,105],"floor_reached":33,"playtime":2543,"items_purged":[],"score":279,"play_id":"cfd8977b-cac3-41b4-9d5c-3e22f9cf0560","local_time":"20190429081338","is_ascension_mode":false,"campfire_choices":[{"data":"Footwork","floor":10.0,"key":"SMITH"},{"floor":13.0,"key":"REST"},{"data":"Unload","floor":15.0,"key":"SMITH"},{"floor":23,"key":"REST"},{"floor":30,"key":"REST"},{"floor":32,"key":"REST"}],"neow_cost":"NONE","seed_source_timestamp":0,"circlet_count":0,"master_deck":["Defend_G","Defend_G","Defend_G","Defend_G","Defend_G","Strike_G","Strike_G","Strike_G","Strike_G","Strike_G","Survivor","Neutralize","Poisoned Stab","Footwork+1","Terror","Neutralize","Unload+1","Bane","Crippling Poison","Backstab","Finisher","Dagger Throw","Dagger Spray","Deadly Poison","After Image","Prepared","Predator","Envenom","Dodge and Roll+1","Catalyst+1","Venomology+1","Deadly Poison+1","Quick Slash","PiercingWail+1"],"special_seed":0,"relics":["WristBlade","Bag of Preparation","PreservedInsect","Kunai","MawBank","HoveringKite","Toxic Egg 2","Shuriken","Calipers"],"potions_floor_usage":[16,24,27,27,31],"damage_taken":[{"damage":0.0,"enemies":"Cultist","floor":1.0,"turns":4.0},{"damage":0.0,"enemies":"Jaw Worm","floor":5.0,"turns":3.0},{"damage":20.0,"enemies":"Gremlin Nob","floor":6.0,"turns":4.0},{"damage":0.0,"enemies":"2 Louse","floor":7.0,"turns":2.0},{"damage":0.0,"enemies":"Looter","floor":8.0,"turns":1.0},{"damage":0.0,"enemies":"3 Louse","floor":11.0,"turns":1.0},{"damage":6.0,"enemies":"Exordium Thugs","floor":12.0,"turns":4.0},{"damage":3.0,"enemies":"3 Sentries","floor":14.0,"turns":3.0},{"damage":38,"enemies":"Slime Boss","floor":16,"turns":9},{"damage":11,"enemies":"Shell Parasite","floor":18,"turns":5},{"damage":0,"enemies":"Chosen","floor":19,"turns":4},{"damage":23,"enemies":"Snecko","floor":22,"turns":5},{"damage":9,"enemies":"Centurion and Healer","floor":24,"turns":12},{"damage":15,"enemies":"Chosen and Byrds","floor":25,"turns":6},{"damage":18,"enemies":"Sentry and Sphere","floor":27,"turns":7},{"damage":27,"enemies":"Slavers","floor":31,"turns":5},{"damage":36,"enemies":"Collector","floor":33,"turns":5}],"seed_played":"-4048703735334204207","potions_obtained":[{"floor":6.0,"key":"SkillPotion"},{"floor":8.0,"key":"GamblersBrew"},{"floor":14.0,"key":"Explosive Potion"},{"floor":18,"key":"SneckoOil"},{"floor":24,"key":"Explosive Potion"},{"floor":25,"key":"LiquidBronze"}],"is_trial":false,"path_per_floor":["M","T","$","?","M","E","M","M","T","R","M","M","R","E","R","B",null,"M","M","?","$","M","R","M","M","T","M","$","?","R","E","R","B"],"character_chosen":"THE_SILENT","items_purchased":["Footwork","Terror","Envenom","Toxic Egg 2","Quick Slash"],"campfire_rested":4,"item_purchase_floors":[3,3,21,21,28],"current_hp_per_floor":[70,70,70,70,70,50,50,50,50,50,50,44,65,62,62,24,70,59,59,59,59,36,57,48,33,33,15,15,15,36,9,30,0],"gold":105,"neow_bonus":"BOSS_RELIC","is_prod":false,"is_daily":false,"chose_seed":false,"campfire_upgraded":2,"win_rate":0.0,"timestamp":1556540018,"path_taken":["M","?","$","?","M","E","M","M","T","R","M","M","R","E","R","BOSS","M","?","?","$","M","R","M","M","T","M","$","?","R","E","R","BOSS"],"build_version":"2019-01-23","purchased_purges":0,"victory":false,"max_hp_per_floor":[70,70,70,70,70,70,70,70,70,70,70,70,70,70,70,70,70,70,70,70,70,70,70,70,70,70,70,70,70,70,70,70,70],"card_choices":[{"not_picked":["Backflip","Flechettes"],"picked":"Poisoned Stab","floor":1.0},{"not_picked":["Dagger Spray","Acrobatics"],"picked":"Bane","floor":5.0},{"not_picked":["Slice","Reflex"],"picked":"Crippling Poison","floor":6.0},{"not_picked":["Cloak And Dagger","Eviscerate"],"picked":"Backstab","floor":7.0},{"not_picked":["Acrobatics","Cloak And Dagger"],"picked":"Finisher","floor":8.0},{"not_picked":["Acrobatics","Blade Dance"],"picked":"Dagger Throw","floor":11.0},{"not_picked":["Slice","Quick Slash"],"picked":"Dagger Spray","floor":12.0},{"not_picked":["Well Laid Plans","Blade Dance"],"picked":"Deadly Poison","floor":14.0},{"not_picked":["Tools of the Trade","Adrenaline"],"picked":"After Image","floor":16},{"not_picked":["Bane","Quick Slash"],"picked":"Prepared","floor":18},{"not_picked":["Flechettes","Infinite Blades"],"picked":"Predator","floor":19},{"not_picked":["Quick Slash","Escape Plan+1"],"picked":"Dodge and Roll+1","floor":22},{"not_picked":["Blade Dance+1","Slice"],"picked":"Catalyst+1","floor":24},{"not_picked":["Predator","Outmaneuver+1"],"picked":"Venomology+1","floor":25},{"not_picked":["Choke","Infinite Blades"],"picked":"Deadly Poison+1","floor":27},{"not_picked":["Deadly Poison+1","All Out Attack"],"picked":"PiercingWail+1","floor":31}],"player_experience":17292,"relics_obtained":[{"floor":2.0,"key":"Bag of Preparation"},{"floor":6.0,"key":"PreservedInsect"},{"floor":9.0,"key":"Kunai"},{"floor":14.0,"key":"MawBank"},{"floor":26,"key":"Shuriken"},{"floor":31,"key":"Calipers"}],"event_choices":[{"damage_healed":0.0,"max_hp_gain":0.0,"max_hp_loss":0.0,"gold_gain":0.0,"event_name":"Match and Keep!","player_choice":"2 cards matched","floor":4.0,"gold_loss":0.0,"damage_taken":0.0,"cards_obtained":["Neutralize","Unload"]},{"damage_healed":0,"gold_gain":0,"player_choice":"Ignored","damage_taken":0,"max_hp_gain":0,"max_hp_loss":0,"event_name":"Ghosts","floor":20,"gold_loss":0},{"damage_healed":0,"gold_gain":0,"player_choice":"Ignored","damage_taken":0,"max_hp_gain":0,"max_hp_loss":0,"event_name":"Beggar","floor":29,"gold_loss":0}],"is_beta":false,"boss_relics":[{"not_picked":["Philosopher\u0027s Stone","Ectoplasm"],"picked":"HoveringKite"}],"items_purged_floors":[],"is_endless":false,"potions_floor_spawned":[6,8,14,18,24,25],"killed_by":"Collector","ascension_level":0}