{"gold_per_floor":[113,113,113,137,151,151,182,182,182,217,237,281,281,55,55,180,180,196,209,209,209,9,44,44,44,70,82,119,131],"floor_reached":29,"playtime":1172,"items_purged":[],"score":367,"play_id":"312f8ba0-45be-4d6e-b1c1-9673d599d390","local_time":"20190323001516","is_ascension_mode":true,"campfire_choices":[{"data":"Zap","floor":6,"key":"SMITH"},{"data":"Dualcast","floor":8,"key":"SMITH"},{"floor":15,"key":"REST"},{"data":"Defragment","floor":24,"key":"SMITH"}],"neow_cost":"NONE","seed_source_timestamp":832786430997331,"circlet_count":0,"master_deck":["Zap+1","Dualcast+1","Doom and Gloom","Injury","Reinforced Body+1","FTL","Redo","Streamline","Defragment+1","Conserve Battery","Lockon","Thunder Strike","Electrodynamics","Turbo","Force Field","Auto Shields","Scrape","Stack","Blizzard","Sweeping Beam","Capacitor","Rip and Tear+1","Genetic Algorithm","RitualDagger","Thinking Ahead+1","Shame","Writhe","Madness+1"],"relics":["Cracked Core","NeowsBlessing","Golden Idol","Du-Vu Doll","War Paint","Thread and Needle","Regal Pillow","Pandora\u0027s Box","PrismaticShard","Toxic Egg 2","Boot","MawBank","Bronze Scales"],"potions_floor_usage":[10,16,16,19,23,28],"damage_taken":[{"damage":0,"enemies":"Jaw Worm","floor":1,"turns":1},{"damage":0,"enemies":"2 Louse","floor":4,"turns":1},{"damage":0,"enemies":"Cultist","floor":5,"turns":1},{"damage":13,"enemies":"Lagavulin","floor":7,"turns":6},{"damage":28,"enemies":"Gremlin Nob","floor":10,"turns":4},{"damage":3,"enemies":"Looter","floor":11,"turns":2},{"damage":23,"enemies":"Lagavulin","floor":12,"turns":7},{"damage":0,"enemies":"Hexaghost","floor":16,"turns":7},{"damage":8,"enemies":"Shell Parasite","floor":18,"turns":5},{"damage":0,"enemies":"Chosen","floor":19,"turns":3},{"damage":0,"enemies":"Gremlin Leader","floor":23,"turns":6},{"damage":10,"enemies":"Centurion and Healer","floor":28,"turns":3},{"damage":57,"enemies":"Slavers","floor":29,"turns":2}],"seed_played":"-5659686867123725142","potions_obtained":[{"floor":5,"key":"Regen Potion"},{"floor":10,"key":"LiquidBronze"},{"floor":12,"key":"EssenceOfSteel"},{"floor":16,"key":"GamblersBrew"},{"floor":18,"key":"AttackPotion"},{"floor":23,"key":"PowerPotion"},{"floor":28,"key":"Energy Potion"}],"is_trial":false,"path_per_floor":["M","?","?","M","M","R","E","R","T","E","M","E","?","$","R","B",null,"M","M","?","?","$","E","R","?","T","?","M","E"],"character_chosen":"DEFECT","items_purchased":["Regal Pillow","Thunder Strike","PrismaticShard"],"campfire_rested":1,"item_purchase_floors":[14,14,22],"current_hp_per_floor":[75,75,75,75,75,75,62,62,62,46,43,20,5,5,42,42,75,67,67,67,61,61,61,61,61,61,61,51,0],"gold":131,"neow_bonus":"THREE_ENEMY_KILL","is_prod":false,"is_daily":false,"chose_seed":false,"campfire_upgraded":3,"win_rate":0,"timestamp":1553325316,"path_taken":["M","?","?","M","?","R","E","R","T","E","M","E","?","?","R","BOSS","M","M","?","?","?","E","R","?","T","?","M","E"],"build_version":"2019-01-23","purchased_purges":0,"victory":false,"max_hp_per_floor":[75,75,75,75,75,75,75,75,75,75,75,75,75,75,75,75,75,75,75,75,75,75,75,75,75,75,75,75,75],"card_choices":[{"not_picked":["Rebound","Sweeping Beam"],"picked":"Doom and Gloom","floor":1},{"not_picked":["Rebound","Undo"],"picked":"FTL","floor":4},{"not_picked":["Leap","Auto Shields"],"picked":"Redo","floor":5},{"not_picked":["Turbo","Hologram"],"picked":"Streamline","floor":7},{"not_picked":["BootSequence","Conserve Battery"],"picked":"Defragment","floor":10},{"not_picked":["Force Field","Steam"],"picked":"Conserve Battery","floor":11},{"not_picked":["Beam Cell","Go for the Eyes"],"picked":"Lockon","floor":12},{"not_picked":["Rainbow","Biased Cognition"],"picked":"Electrodynamics","floor":16},{"not_picked":["Go for the Eyes","Coolheaded+1"],"picked":"Capacitor","floor":18},{"not_picked":["Stack","Go for the Eyes+1"],"picked":"Rip and Tear+1","floor":19},{"not_picked":["Recycle","Tactician+1"],"picked":"Thinking Ahead","floor":23},{"not_picked":["Perfected Strike","Blizzard"],"picked":"Madness+1","floor":28}],"player_experience":390010,"relics_obtained":[{"floor":7,"key":"Du-Vu Doll"},{"floor":10,"key":"War Paint"},{"floor":12,"key":"Thread and Needle"},{"floor":23,"key":"Toxic Egg 2"},{"floor":26,"key":"MawBank"}],"event_choices":[{"damage_healed":0,"gold_gain":0,"player_choice":"Take Wound","damage_taken":0,"relics_obtained":["Golden Idol"],"max_hp_gain":0,"max_hp_loss":0,"event_name":"Golden Idol","floor":2,"gold_loss":0,"cards_obtained":["Injury"]},{"damage_healed":0,"gold_gain":0,"cards_transformed":["Strike_B"],"player_choice":"Transformed","damage_taken":0,"max_hp_gain":0,"max_hp_loss":0,"event_name":"Transmorgrifier","floor":3,"gold_loss":0,"cards_obtained":["Reinforced Body"]},{"damage_healed":0,"gold_gain":0,"player_choice":"Entered Light","damage_taken":15,"max_hp_gain":0,"max_hp_loss":0,"event_name":"Shining Light","floor":13,"gold_loss":0,"cards_upgraded":["Strike_B","Reinforced Body"]},{"damage_healed":0,"gold_gain":0,"player_choice":"Read","damage_taken":0,"max_hp_gain":0,"max_hp_loss":0,"event_name":"The Library","floor":20,"gold_loss":0,"cards_obtained":["Genetic Algorithm"]},{"damage_healed":0,"gold_gain":0,"player_choice":"Joined the Cult","damage_taken":6,"max_hp_gain":0,"max_hp_loss":0,"event_name":"Nest","floor":21,"gold_loss":0,"cards_obtained":["RitualDagger"]},{"damage_healed":0,"gold_gain":0,"player_choice":"Stole Relic","damage_taken":0,"relics_obtained":["Boot"],"max_hp_gain":0,"max_hp_loss":0,"event_name":"Addict","floor":25,"gold_loss":0,"cards_obtained":["Shame"]},{"damage_healed":0,"gold_gain":0,"player_choice":"Opened","damage_taken":0,"relics_obtained":["Bronze Scales"],"max_hp_gain":0,"max_hp_loss":0,"event_name":"The Mausoleum","floor":27,"gold_loss":0,"cards_obtained":["Writhe"]}],"is_beta":false,"boss_relics":[{"not_picked":["Lizard Tail","Empty Cage"],"picked":"Pandora\u0027s Box"}],"items_purged_floors":[],"is_endless":false,"potions_floor_spawned":[5,10,12,16,18,23,28],"killed_by":"Slavers","ascension_level":2}