{"gold_per_floor":[118,136,136,150,150,189,189,228,228,29,29],"floor_reached":11,"playtime":745,"items_purged":["Injury"],"score":81,"play_id":"4cffa786-c294-434e-8aef-1a6b5672af39","local_time":"20190217131205","is_ascension_mode":false,"campfire_choices":[{"floor":7,"key":"REST"}],"neow_cost":"NONE","seed_source_timestamp":68279894960792,"circlet_count":0,"master_deck":["Strike_B","Strike_B","Strike_B","Strike_B","Defend_B","Defend_B","Defend_B","Defend_B","Zap","Dualcast","Conserve Battery","Sweeping Beam","Meteor Strike","Static Discharge","Tempest","BootSequence","Redo"],"relics":["Cracked Core","Golden Idol","Darkstone Periapt","Bird Faced Urn","StoneCalendar"],"potions_floor_usage":[6],"damage_taken":[{"damage":0,"enemies":"Small Slimes","floor":1,"turns":3},{"damage":5,"enemies":"Jaw Worm","floor":2,"turns":4},{"damage":4,"enemies":"Cultist","floor":4,"turns":4},{"damage":36,"enemies":"Gremlin Nob","floor":6,"turns":5},{"damage":49,"enemies":"Lagavulin","floor":8,"turns":6},{"damage":27,"enemies":"Gremlin Nob","floor":11,"turns":3}],"seed_played":"-2781573677394295659","potions_obtained":[{"floor":2,"key":"Explosive Potion"},{"floor":4,"key":"GamblersBrew"}],"is_trial":false,"path_per_floor":["M","M","?","M","?","E","R","E","T","$","E"],"character_chosen":"DEFECT","items_purchased":["BootSequence","Redo"],"campfire_rested":1,"item_purchase_floors":[10,10],"current_hp_per_floor":[82,77,77,73,73,37,61,12,12,12,0],"gold":29,"neow_bonus":"TEN_PERCENT_HP_BONUS","is_prod":false,"is_daily":false,"chose_seed":false,"campfire_upgraded":0,"win_rate":0.0,"timestamp":1550430725,"path_taken":["M","M","?","M","?","E","R","E","T","$","E"],"build_version":"2019-01-23","purchased_purges":1,"victory":false,"max_hp_per_floor":[82,82,82,82,82,82,82,82,82,82,82],"card_choices":[{"not_picked":["Go for the Eyes","Scrape"],"picked":"Conserve Battery","floor":1},{"not_picked":["Scrape","Streamline"],"picked":"Sweeping Beam","floor":2},{"not_picked":["Coolheaded","Auto Shields"],"picked":"Meteor Strike","floor":4},{"not_picked":["Leap","Tempest"],"picked":"Static Discharge","floor":6},{"not_picked":["Skim","Barrage"],"picked":"Tempest","floor":8}],"player_experience":12177,"relics_obtained":[{"floor":6,"key":"Darkstone Periapt"},{"floor":8,"key":"Bird Faced Urn"},{"floor":9,"key":"StoneCalendar"}],"event_choices":[{"damage_healed":0,"gold_gain":0,"player_choice":"Take Wound","damage_taken":0,"relics_obtained":["Golden Idol"],"max_hp_gain":0,"max_hp_loss":0,"event_name":"Golden Idol","floor":3,"gold_loss":0,"cards_obtained":["Injury"]},{"damage_healed":0,"gold_gain":0,"player_choice":"Ignored","damage_taken":0,"max_hp_gain":0,"max_hp_loss":0,"event_name":"Liars Game","floor":5,"gold_loss":0}],"is_beta":false,"boss_relics":[],"items_purged_floors":[10],"is_endless":false,"potions_floor_spawned":[2,4],"killed_by":"Gremlin Nob","ascension_level":0}