{"gold_per_floor":[110,110,124,140,140,171,195,195,195,195,270,270,270,301,301,425,425,446,467,467,491,491],"floor_reached":22,"playtime":1703,"items_purged":[],"score":229,"play_id":"9c1f6650-9265-48ce-b1dd-2100d9ed2654","local_time":"20190410080020","is_ascension_mode":true,"campfire_choices":[{"data":"Zap","floor":8,"key":"SMITH"},{"floor":10,"key":"RECALL"},{"data":"Zap","floor":12,"key":"SMITH"},{"floor":15,"key":"REST"}],"neow_cost":"NONE","seed_source_timestamp":376015472307773,"circlet_count":0,"master_deck":["Strike_B","Strike_B","Strike_B","Strike_B","Defend_B","Defend_B","Defend_B","Defend_B","Zap+1","Dualcast","Streamline","Coolheaded","Zap+1","Conserve Battery","Melter","Seek","Ball Lightning","Stack","Reboot","Leap","Rebound+1","Conserve Battery"],"relics":["Cracked Core","Golden Idol","Omamori","Pear","Gambling Chip","Black Star"],"potions_floor_usage":[],"damage_taken":[{"damage":1,"enemies":"2 Louse","floor":1,"turns":3},{"damage":0,"enemies":"Cultist","floor":3,"turns":4},{"damage":0,"enemies":"Small Slimes","floor":4,"turns":2},{"damage":26,"enemies":"3 Sentries","floor":6,"turns":11},{"damage":0,"enemies":"Looter","floor":7,"turns":3},{"damage":20,"enemies":"Lagavulin","floor":14,"turns":5},{"damage":29,"enemies":"Hexaghost","floor":16,"turns":9},{"damage":21,"enemies":"Chosen","floor":18,"turns":5},{"damage":32,"enemies":"3 Byrds","floor":19,"turns":5},{"damage":26,"enemies":"Cultist and Chosen","floor":21,"turns":7},{"damage":21,"enemies":"Shelled Parasite and Fungi","floor":22,"turns":3}],"seed_played":"8368839443119637439","potions_obtained":[{"floor":1,"key":"FearPotion"},{"floor":3,"key":"Ancient Potion"},{"floor":4,"key":"Swift Potion"},{"floor":7,"key":"GamblersBrew"},{"floor":20,"key":"Fire Potion"}],"is_trial":false,"path_per_floor":["M","?","M","M","?","E","M","R","T","R","?","R","?","E","R","B",null,"M","M","?","M","M"],"character_chosen":"DEFECT","items_purchased":[],"campfire_rested":1,"item_purchase_floors":[],"current_hp_per_floor":[81,81,81,81,61,35,35,35,45,45,34,34,34,14,41,12,92,71,39,39,13,0],"gold":491,"neow_bonus":"TEN_PERCENT_HP_BONUS","is_prod":false,"is_daily":false,"chose_seed":false,"campfire_upgraded":2,"win_rate":0,"timestamp":1554901220,"path_taken":["M","?","?","M","?","E","M","R","T","R","?","R","?","E","R","BOSS","M","M","?","M","M"],"build_version":"2019-01-23","purchased_purges":0,"victory":false,"max_hp_per_floor":[82,82,82,82,82,82,82,82,92,92,92,92,92,92,92,92,92,92,92,92,92,92],"card_choices":[{"not_picked":["Lockon","Consume"],"picked":"Streamline","floor":1},{"not_picked":["Hello World","Glacier"],"picked":"Conserve Battery","floor":3},{"not_picked":["Turbo","Hologram"],"picked":"Melter","floor":4},{"not_picked":["Turbo","Redo"],"picked":"Seek","floor":6},{"not_picked":["Hologram","FTL"],"picked":"Ball Lightning","floor":7},{"not_picked":["Streamline","Thunder Strike"],"picked":"Stack","floor":14},{"not_picked":["Hyperbeam","Seek"],"picked":"Reboot","floor":16},{"not_picked":["Ball Lightning","Compile Driver+1"],"picked":"Leap","floor":18},{"not_picked":["Steam Power","Undo"],"picked":"Rebound+1","floor":19},{"not_picked":["Beam Cell","Steam"],"picked":"Conserve Battery","floor":21}],"player_experience":167438,"relics_obtained":[{"floor":6,"key":"Omamori"},{"floor":9,"key":"Pear"},{"floor":14,"key":"Gambling Chip"}],"event_choices":[{"damage_healed":0,"gold_gain":0,"player_choice":"2 cards matched","damage_taken":0,"max_hp_gain":0,"max_hp_loss":0,"event_name":"Match and Keep!","floor":2,"gold_loss":0,"cards_obtained":["Coolheaded","Zap"]},{"damage_healed":0,"gold_gain":0,"player_choice":"Take Damage","damage_taken":20,"relics_obtained":["Golden Idol"],"max_hp_gain":0,"max_hp_loss":0,"event_name":"Golden Idol","floor":5,"gold_loss":0},{"damage_healed":0,"gold_gain":75,"player_choice":"Gather Gold","damage_taken":11,"max_hp_gain":0,"max_hp_loss":0,"event_name":"World of Goop","floor":11,"gold_loss":0},{"damage_healed":0,"gold_gain":0,"player_choice":"Leave","damage_taken":0,"max_hp_gain":0,"max_hp_loss":0,"event_name":"The Cleric","floor":13,"gold_loss":0},{"damage_healed":0,"gold_gain":0,"player_choice":"Got Potions","damage_taken":0,"max_hp_gain":0,"max_hp_loss":0,"event_name":"Lab","floor":20,"gold_loss":0}],"is_beta":false,"boss_relics":[{"not_picked":["Coffee Dripper","Eternal Feather"],"picked":"Black Star"}],"items_purged_floors":[],"is_endless":false,"potions_floor_spawned":[1,3,4,7,21],"killed_by":"Shelled Parasite and Fungi","ascension_level":1}