{"gold_per_floor":[367,171,171,96,112,112,112,152,202,223,16,56,76,76,76,204,204,222,236,151,164,17,17,30,30,30,30,64,64,64,80,80,80],"floor_reached":33,"playtime":1994,"items_purged":["Injury"],"score":396,"play_id":"b8033ab2-51d7-43c1-af47-b997a9989088","local_time":"20190122215019","is_ascension_mode":true,"campfire_choices":[{"data":"Whirlwind","floor":6,"key":"SMITH"},{"data":"Body Slam","floor":15,"key":"SMITH"},{"data":"Bash","floor":23,"key":"SMITH"},{"floor":25,"key":"REST"},{"data":"Armaments","floor":27,"key":"SMITH"},{"data":"Impervious","floor":30,"key":"SMITH"},{"floor":32,"key":"REST"}],"neow_cost":"PERCENT_DAMAGE","seed_source_timestamp":1114681241734419,"circlet_count":0,"master_deck":["Strike_R","Strike_R","Strike_R","Strike_R","Strike_R","Defend_R","Defend_R","Defend_R","Defend_R","Bash+1","Whirlwind+1","Perfected Strike+1","Body Slam+1","Warcry","Sword Boomerang","Fiend Fire+1","Impervious+1","Armaments+1","Pummel+1","Clothesline+1","Entrench","Twin Strike+1","Clothesline"],"relics":["Burning Blood","Sling","Golden Idol","Torii","Anchor","Medical Kit","Paper Frog","Snecko Eye","Pear","Blood Vial","Sundial","Whetstone"],"potions_floor_usage":[5,5,12,16,16,19,19],"damage_taken":[{"damage":3,"enemies":"2 Louse","floor":1,"turns":3},{"damage":2,"enemies":"Jaw Worm","floor":5,"turns":4},{"damage":15,"enemies":"3 Sentries","floor":8,"turns":4},{"damage":1,"enemies":"Cultist","floor":10,"turns":3},{"damage":18,"enemies":"Gremlin Nob","floor":12,"turns":3},{"damage":0,"enemies":"Exordium Wildlife","floor":13,"turns":2},{"damage":63,"enemies":"Hexaghost","floor":16,"turns":11},{"damage":0,"enemies":"Chosen","floor":18,"turns":3},{"damage":12,"enemies":"2 Thieves","floor":19,"turns":3},{"damage":8,"enemies":"Centurion and Healer","floor":21,"turns":4},{"damage":31,"enemies":"Sentry and Sphere","floor":24,"turns":4},{"damage":2,"enemies":"Book of Stabbing","floor":28,"turns":3},{"damage":33,"enemies":"Snake Plant","floor":31,"turns":4},{"damage":89,"enemies":"Collector","floor":33,"turns":6}],"seed_played":"9022027959912779830","potions_obtained":[{"floor":1,"key":"EntropicBrew"},{"floor":10,"key":"SkillPotion"},{"floor":12,"key":"Strength Potion"},{"floor":18,"key":"SneckoOil"}],"is_trial":false,"path_per_floor":["M","$","?","$","M","R","?","E","T","M","$","E","M","$","R","B",null,"M","M","?","M","$","R","M","R","T","R","E","?","R","M","R","B"],"character_chosen":"IRONCLAD","items_purchased":["Sling","Medical Kit","Blood Vial"],"campfire_rested":2,"item_purchase_floors":[2,11,22],"current_hp_per_floor":[54,54,54,54,58,58,80,71,71,76,76,64,70,70,70,25,66,72,66,76,74,74,74,51,78,78,78,84,84,84,59,86,0],"gold":80,"neow_bonus":"TWO_FIFTY_GOLD","is_prod":false,"is_daily":false,"chose_seed":false,"campfire_upgraded":5,"win_rate":0,"timestamp":1548190219,"path_taken":["M","$","?","$","M","R","?","E","T","M","$","E","M","?","R","BOSS","M","?","?","M","$","R","M","R","T","R","E","?","R","?","R","BOSS"],"build_version":"2019-01-17v2","purchased_purges":1,"victory":false,"max_hp_per_floor":[80,80,80,80,80,80,80,80,80,80,80,80,80,80,80,80,80,80,80,90,90,90,90,90,90,90,90,90,90,90,90,90,90],"card_choices":[{"not_picked":["Intimidate","Anger"],"picked":"Whirlwind","floor":1},{"not_picked":["Havoc","Brutality"],"picked":"Perfected Strike","floor":5},{"not_picked":["Double Tap","True Grit"],"picked":"Body Slam","floor":8},{"not_picked":["Flex","Searing Blow"],"picked":"Warcry","floor":10},{"not_picked":["Thunderclap","Second Wind"],"picked":"Sword Boomerang","floor":12},{"not_picked":["Fire Breathing","Cleave"],"picked":"Fiend Fire","floor":13},{"not_picked":["Immolate","Barricade"],"picked":"Impervious","floor":16},{"not_picked":["Cleave","Twin Strike"],"picked":"Armaments","floor":18},{"not_picked":["Rage","True Grit"],"picked":"Pummel+1","floor":19},{"not_picked":["Pommel Strike","True Grit"],"picked":"Clothesline+1","floor":21},{"not_picked":["Headbutt","Disarm"],"picked":"Entrench","floor":24},{"not_picked":["Headbutt+1","Carnage"],"picked":"Twin Strike+1","floor":28},{"not_picked":["Iron Wave+1","Whirlwind+1"],"picked":"Clothesline","floor":31}],"player_experience":355802,"relics_obtained":[{"floor":8,"key":"Torii"},{"floor":9,"key":"Anchor"},{"floor":12,"key":"Paper Frog"},{"floor":26,"key":"Sundial"},{"floor":28,"key":"Whetstone"}],"event_choices":[{"damage_healed":0,"gold_gain":0,"player_choice":"Take Wound","damage_taken":0,"relics_obtained":["Golden Idol"],"max_hp_gain":0,"max_hp_loss":0,"event_name":"Golden Idol","floor":3,"gold_loss":0,"cards_obtained":["Injury"]},{"damage_healed":26,"gold_gain":0,"player_choice":"Banana","damage_taken":0,"max_hp_gain":0,"max_hp_loss":0,"event_name":"Big Fish","floor":7,"gold_loss":0},{"damage_healed":0,"gold_gain":0,"player_choice":"Obtained Relic","damage_taken":0,"relics_obtained":["Pear"],"max_hp_gain":0,"max_hp_loss":0,"event_name":"Addict","floor":20,"gold_loss":85},{"damage_healed":0,"gold_gain":0,"player_choice":"0 cards matched","damage_taken":0,"max_hp_gain":0,"max_hp_loss":0,"event_name":"Match and Keep!","floor":29,"gold_loss":0,"cards_obtained":[]}],"is_beta":false,"boss_relics":[{"not_picked":["Tiny House","Orrery"],"picked":"Snecko Eye"}],"items_purged_floors":[4],"is_endless":false,"potions_floor_spawned":[1,10,12,18],"killed_by":"Collector","ascension_level":9}