{"gold_per_floor":[367,377,377,387,464,464,480,496,552,247,258,274,300,325,325,426,426,426,426,426,426,426,426,426,426,426,426,351,351,351,50,50,50,50,50,50,50,50,50,50,0,0,0,0,0,0,0,0,0,0],"floor_reached":51,"playtime":4478,"items_purged":["Pain"],"score":1015,"play_id":"45a44c16-bb37-4697-8e9d-93769c4fd28b","local_time":"20190508210239","is_ascension_mode":true,"campfire_choices":[{"floor":6.0,"key":"REST"},{"floor":15.0,"key":"REST"},{"floor":23.0,"key":"REST"},{"floor":25.0,"key":"REST"},{"floor":32.0,"key":"REST"},{"floor":40,"key":"REST"},{"floor":42,"key":"REST"},{"data":"Chill","floor":44,"key":"SMITH"},{"floor":47,"key":"REST"},{"data":"Stack","floor":49,"key":"SMITH"}],"neow_cost":"PERCENT_DAMAGE","seed_source_timestamp":295250037268700,"circlet_count":0,"master_deck":["AscendersBane","Defend_B","Defend_B","Zap","Dualcast","Conserve Battery","Streamline","Genetic Algorithm","Coolheaded","Stack+1","Steam","Sweeping Beam","Sunder","Streamline","Core Surge","Defragment","Bite","Bite","Bite","Bite","Bite","Blizzard","Cold Snap","Blizzard+1","Leap+1","Chill+1","Conserve Battery","Meteor Strike","Cold Snap","Madness","Madness","Conserve Battery+1","Sunder+1"],"special_seed":0,"relics":["Cracked Core","Juzu Bracelet","Tiny Chest","Mango","Odd Mushroom","Art of War","Ectoplasm","WarpedTongs","Old Coin","Bronze Scales","Ice Cream","Nuclear Battery","Red Mask","Peace Pipe"],"potions_floor_usage":[39,50,50],"damage_taken":[{"damage":0.0,"enemies":"2 Louse","floor":1.0,"turns":2.0},{"damage":2.0,"enemies":"Jaw Worm","floor":2.0,"turns":4.0},{"damage":0.0,"enemies":"Cultist","floor":4.0,"turns":4.0},{"damage":10.0,"enemies":"Blue Slaver","floor":7.0,"turns":4.0},{"damage":0.0,"enemies":"Large Slime","floor":8.0,"turns":5.0},{"damage":13.0,"enemies":"3 Louse","floor":11.0,"turns":4.0},{"damage":12.0,"enemies":"Gremlin Gang","floor":12.0,"turns":3.0},{"damage":5.0,"enemies":"The Mushroom Lair","floor":13.0,"turns":5.0},{"damage":11.0,"enemies":"3 Sentries","floor":14.0,"turns":3.0},{"damage":34.0,"enemies":"Slime Boss","floor":16.0,"turns":11.0},{"damage":0.0,"enemies":"Spheric Guardian","floor":18.0,"turns":3.0},{"damage":17.0,"enemies":"3 Byrds","floor":20.0,"turns":5.0},{"damage":24.0,"enemies":"Snecko","floor":21.0,"turns":4.0},{"damage":54.0,"enemies":"Slavers","floor":24.0,"turns":11.0},{"damage":36.0,"enemies":"Centurion and Healer","floor":27.0,"turns":15.0},{"damage":10.0,"enemies":"Cultist and Chosen","floor":29.0,"turns":8.0},{"damage":24.0,"enemies":"3 Cultists","floor":30.0,"turns":5.0},{"damage":89.0,"enemies":"Automaton","floor":33.0,"turns":14.0},{"damage":33.0,"enemies":"3 Darklings","floor":35.0,"turns":12.0},{"damage":28.0,"enemies":"3 Shapes","floor":38.0,"turns":7.0},{"damage":30,"enemies":"Transient","floor":39,"turns":5},{"damage":17,"enemies":"3 Darklings","floor":48,"turns":11},{"damage":88,"enemies":"Awakened One","floor":50,"turns":20}],"seed_played":"8958160991114948580","potions_obtained":[{"floor":2.0,"key":"AttackPotion"},{"floor":4.0,"key":"Weak Potion"},{"floor":11.0,"key":"PowerPotion"},{"floor":12.0,"key":"SkillPotion"},{"floor":14.0,"key":"EssenceOfSteel"},{"floor":21.0,"key":"Fruit Juice"},{"floor":27.0,"key":"Block Potion"},{"floor":33.0,"key":"SpeedPotion"},{"floor":35.0,"key":"PowerPotion"},{"floor":39,"key":"Fire Potion"},{"floor":48,"key":"PowerPotion"}],"is_trial":false,"path_per_floor":["M","M","?","M","?","R","M","M","T","$","M","M","?","E","R","B",null,"M","?","M","M","?","R","E","R","T","M","$","M","M","$","R","B",null,"M","?","?","M","M","R","?","R","T","R","?","$","R","M","R","B",null],"character_chosen":"DEFECT","items_purchased":["Mango","Ice Cream"],"campfire_rested":8,"item_purchase_floors":[10,31],"current_hp_per_floor":[50,48,30,30,30,52,42,42,42,56,43,31,26,15,41,7,69,69,62,53,42,42,62,29,49,49,53,53,52,38,38,58,3,51,52,44,44,27,6,26,26,46,46,46,46,46,66,67,67,18],"gold":0,"neow_bonus":"TWO_FIFTY_GOLD","is_prod":false,"is_daily":false,"chose_seed":false,"campfire_upgraded":2,"win_rate":0,"timestamp":1557342159,"path_taken":["M","M","?","M","?","R","M","M","T","$","M","M","?","E","R","BOSS","M","?","M","M","?","R","E","R","T","M","$","M","M","$","R","BOSS","M","?","?","M","M","R","?","R","T","R","?","$","R","M","R","BOSS"],"build_version":"2019-01-23","purchased_purges":1,"victory":true,"max_hp_per_floor":[75,75,75,75,75,75,75,75,75,89,89,89,89,89,89,89,89,89,62,62,67,67,67,67,67,67,67,67,67,67,67,67,67,67,67,67,67,67,67,67,67,67,67,67,67,67,67,67,67,67],"card_choices":[{"not_picked":["Redo","Undo"],"picked":"Conserve Battery","floor":1.0},{"not_picked":["Turbo","Scrape"],"picked":"Streamline","floor":2.0},{"not_picked":["Reprogram","Cold Snap"],"picked":"Genetic Algorithm","floor":4.0},{"not_picked":["Gash","Conserve Battery"],"picked":"Coolheaded","floor":7.0},{"not_picked":["Turbo","Beam Cell"],"picked":"Stack","floor":8.0},{"not_picked":["Scrape","Amplify"],"picked":"Steam","floor":11.0},{"not_picked":["Genetic Algorithm","Streamline"],"picked":"Sweeping Beam","floor":12.0},{"not_picked":["Turbo","Leap"],"picked":"Sunder","floor":13.0},{"not_picked":["Sweeping Beam","Steam"],"picked":"Streamline","floor":14.0},{"not_picked":["Buffer","Rainbow"],"picked":"Core Surge","floor":16.0},{"not_picked":["Coolheaded","Sweeping Beam"],"picked":"Defragment","floor":18.0},{"not_picked":["Loop","Beam Cell"],"picked":"Blizzard","floor":20.0},{"not_picked":["Darkness","Barrage"],"picked":"Cold Snap","floor":21.0},{"not_picked":["Beam Cell","All For One"],"picked":"Blizzard+1","floor":24.0},{"not_picked":["Streamline+1","Undo"],"picked":"Leap+1","floor":27.0},{"not_picked":["Conserve Battery","Auto Shields"],"picked":"Chill","floor":29.0},{"not_picked":["Rainbow","Beam Cell"],"picked":"Conserve Battery","floor":30.0},{"not_picked":["Thunder Strike","Hyperbeam"],"picked":"Meteor Strike","floor":33.0},{"not_picked":["Rebound","Recycle"],"picked":"Cold Snap","floor":35.0},{"not_picked":["Turbo","Leap"],"picked":"Conserve Battery+1","floor":38.0},{"not_picked":["Steam Power","Storm"],"picked":"Sunder+1","floor":39},{"not_picked":["Steam Power","Genetic Algorithm","Defragment"],"picked":"SKIP","floor":48}],"player_experience":747104,"relics_obtained":[{"floor":9.0,"key":"Tiny Chest"},{"floor":13.0,"key":"Odd Mushroom"},{"floor":14.0,"key":"Art of War"},{"floor":24.0,"key":"Old Coin"},{"floor":26.0,"key":"Bronze Scales"},{"floor":43,"key":"Peace Pipe"}],"event_choices":[{"damage_healed":0.0,"max_hp_gain":0.0,"max_hp_loss":0.0,"gold_gain":0.0,"event_name":"Scrap Ooze","player_choice":"Success","floor":3.0,"gold_loss":0.0,"damage_taken":18.0,"relics_obtained":["Juzu Bracelet"]},{"damage_healed":0.0,"max_hp_gain":0.0,"max_hp_loss":0.0,"gold_gain":77.0,"event_name":"Golden Wing","player_choice":"Gained Gold","floor":5.0,"gold_loss":0.0,"damage_taken":0.0},{"damage_healed":0.0,"max_hp_gain":0.0,"max_hp_loss":0.0,"gold_gain":0.0,"event_name":"Mushrooms","player_choice":"Fought Mushrooms","floor":13.0,"gold_loss":0.0,"damage_taken":0.0},{"damage_healed":0.0,"max_hp_gain":0.0,"max_hp_loss":27.0,"gold_gain":0.0,"event_name":"Vampires","player_choice":"Became a vampire","floor":19.0,"gold_loss":0.0,"damage_taken":0.0,"cards_obtained":["Bite","Bite","Bite","Bite","Bite"]},{"damage_healed":0.0,"max_hp_gain":0.0,"max_hp_loss":0.0,"gold_gain":0.0,"event_name":"Accursed Blacksmith","player_choice":"Rummage","floor":22.0,"gold_loss":0.0,"damage_taken":0.0,"relics_obtained":["WarpedTongs"],"cards_obtained":["Pain"]},{"damage_healed":0.0,"max_hp_gain":0.0,"max_hp_loss":0.0,"gold_gain":0.0,"event_name":"Winding Halls","player_choice":"Embrace Madness","floor":36.0,"gold_loss":0.0,"damage_taken":8.0,"cards_obtained":["Madness","Madness"]},{"cards_removed":["Defend_B"],"damage_healed":0.0,"max_hp_gain":0.0,"max_hp_loss":0.0,"gold_gain":0.0,"event_name":"Falling","player_choice":"Removed Skill","floor":37.0,"gold_loss":0.0,"damage_taken":0.0},{"damage_healed":0,"gold_gain":0,"player_choice":"Paid","damage_taken":0,"relics_obtained":["Red Mask"],"max_hp_gain":0,"max_hp_loss":0,"event_name":"Tomb of Lord Red Mask","floor":41,"gold_loss":50},{"cards_removed":["Defend_B"],"damage_healed":0,"gold_gain":0,"player_choice":"Purged","damage_taken":0,"max_hp_gain":0,"max_hp_loss":0,"event_name":"Purifier","floor":45,"gold_loss":0}],"is_beta":false,"boss_relics":[{"not_picked":["Tiny House","Calling Bell"],"picked":"Ectoplasm"},{"not_picked":["Empty Cage","Eternal Feather"],"picked":"Nuclear Battery"}],"items_purged_floors":[28],"is_endless":false,"potions_floor_spawned":[2,4,11,12,14,21,27,33,35,39,48],"ascension_level":12}