{"gold_per_floor":[109,109,109,33,33,60,73,106,132,132,200,165,196,37,37,113,113,127,127,52,52,52,52,71,90,90,90,90,119,119,129,129,129],"floor_reached":33,"playtime":872,"items_purged":["Shame"],"score":604,"play_id":"5dd884d6-5e18-4e3c-af49-23fc26407553","local_time":"20190503140710","is_ascension_mode":true,"campfire_choices":[{"data":"Whirlwind","floor":10.0,"key":"SMITH"},{"data":"Bash","floor":15.0,"key":"SMITH"},{"data":"RitualDagger","floor":23.0,"key":"SMITH"},{"floor":27.0,"key":"REST"},{"floor":32.0,"key":"REST"}],"neow_cost":"NONE","seed_source_timestamp":0,"circlet_count":0,"master_deck":["AscendersBane","Strike_R","Strike_R","Strike_R","Defend_R","Defend_R","Bash+1","Clash","Whirlwind+1","Dropkick","Sentinel","Exhume","Bandage Up","Headbutt","Fiend Fire","Combust+1","Power Through+1","Infernal Blade+1","RitualDagger+1","Writhe","Heavy Blade","Demon Form","Barricade","Rupture"],"special_seed":0,"relics":["Burning Blood","NeowsBlessing","Red Skull","Self Forming Clay","Juzu Bracelet","Oddly Smooth Stone","Astrolabe","Bird Faced Urn","Toxic Egg 2","Question Card","Blue Candle","Bottled Flame"],"potions_floor_usage":[],"damage_taken":[{"damage":0.0,"enemies":"2 Louse","floor":1.0,"turns":1.0},{"damage":0.0,"enemies":"Lagavulin","floor":6.0,"turns":1.0},{"damage":0.0,"enemies":"Cultist","floor":7.0,"turns":1.0},{"damage":38.0,"enemies":"3 Sentries","floor":8.0,"turns":6.0},{"damage":22.0,"enemies":"Lagavulin","floor":13.0,"turns":4.0},{"damage":42.0,"enemies":"The Guardian","floor":16.0,"turns":7.0},{"damage":3.0,"enemies":"Chosen","floor":18.0,"turns":4.0},{"damage":21.0,"enemies":"3 Byrds","floor":24.0,"turns":3.0},{"damage":39.0,"enemies":"Centurion and Healer","floor":25.0,"turns":6.0},{"damage":41.0,"enemies":"Slavers","floor":29.0,"turns":3.0},{"damage":27.0,"enemies":"Snake Plant","floor":31.0,"turns":4.0},{"damage":86,"enemies":"Collector","floor":33,"turns":7}],"seed_played":"3057333281140017650","potions_obtained":[{"floor":5.0,"key":"SkillPotion"},{"floor":5.0,"key":"PowerPotion"},{"floor":8.0,"key":"SkillPotion"},{"floor":13.0,"key":"EntropicBrew"},{"floor":16.0,"key":"Strength Potion"},{"floor":18.0,"key":"Fire Potion"},{"floor":25.0,"key":"PowerPotion"},{"floor":29.0,"key":"Regen Potion"}],"is_trial":false,"path_per_floor":["M","?","$","$","?","E","M","E","T","R","?","?","E","$","R","B",null,"M","?","$","?","?","R","M","M","T","R","?","E","T","M","R","B"],"character_chosen":"IRONCLAD","items_purchased":["Whirlwind","Bandage Up","Headbutt"],"campfire_rested":2,"item_purchase_floors":[4,14,14],"current_hp_per_floor":[74,74,74,74,74,75,75,43,43,43,43,61,45,45,45,20,61,68,68,68,62,62,62,53,24,24,46,46,15,15,14,36,0],"gold":129,"neow_bonus":"THREE_ENEMY_KILL","is_prod":false,"is_daily":false,"chose_seed":false,"campfire_upgraded":3,"win_rate":0,"timestamp":1556906830,"path_taken":["M","?","?","$","?","E","M","E","T","R","?","?","E","$","R","BOSS","M","?","$","?","?","R","M","M","T","R","?","E","?","M","R","BOSS"],"build_version":"2019-01-23","purchased_purges":1,"victory":false,"max_hp_per_floor":[75,75,75,75,75,75,75,75,75,75,75,75,75,75,75,75,75,75,75,75,75,75,75,75,75,75,75,75,75,75,75,75,75],"card_choices":[{"not_picked":["Wild Strike","Ghostly Armor"],"picked":"Clash","floor":1.0},{"not_picked":["Twin Strike","Thunderclap"],"picked":"Dropkick","floor":6.0},{"not_picked":["Carnage","Anger"],"picked":"Sentinel","floor":7.0},{"not_picked":["Hemokinesis","Metallicize","Sentinel"],"picked":"SKIP","floor":8.0},{"not_picked":["Disarm","Perfected Strike"],"picked":"Exhume","floor":13.0},{"not_picked":["Brutality","Berserk"],"picked":"Fiend Fire","floor":16.0},{"not_picked":["Anger","Wild Strike","Clash"],"picked":"SKIP","floor":18.0},{"not_picked":["Perfected Strike","Sword Boomerang","Clothesline"],"picked":"SKIP","floor":24.0},{"not_picked":["Body Slam","Cleave"],"picked":"Heavy Blade","floor":25.0},{"not_picked":["Cleave","True Grit+1","Metallicize"],"picked":"Barricade","floor":29.0},{"not_picked":["Searing Blow","Wild Strike","Feel No Pain"],"picked":"Rupture","floor":31.0}],"player_experience":944033,"relics_obtained":[{"floor":6.0,"key":"Red Skull"},{"floor":8.0,"key":"Self Forming Clay"},{"floor":9.0,"key":"Juzu Bracelet"},{"floor":13.0,"key":"Oddly Smooth Stone"},{"floor":26.0,"key":"Question Card"},{"floor":29.0,"key":"Blue Candle"},{"floor":30.0,"key":"Bottled Flame"}],"event_choices":[{"cards_removed":["Defend_R"],"damage_healed":0.0,"max_hp_gain":0.0,"max_hp_loss":0.0,"gold_gain":0.0,"event_name":"Purifier","player_choice":"Purged","floor":2.0,"gold_loss":0.0,"damage_taken":0.0},{"damage_healed":0.0,"max_hp_gain":0.0,"max_hp_loss":0.0,"gold_gain":0.0,"event_name":"Lab","player_choice":"Got Potions","floor":5.0,"gold_loss":0.0,"damage_taken":0.0},{"damage_healed":0.0,"max_hp_gain":0.0,"max_hp_loss":0.0,"gold_gain":68.0,"event_name":"Golden Wing","player_choice":"Gained Gold","floor":11.0,"gold_loss":0.0,"damage_taken":0.0},{"damage_healed":18.0,"max_hp_gain":0.0,"max_hp_loss":0.0,"gold_gain":0.0,"event_name":"The Cleric","player_choice":"Healed","floor":12.0,"gold_loss":35.0,"damage_taken":0.0},{"damage_healed":0.0,"max_hp_gain":0.0,"max_hp_loss":0.0,"gold_gain":0.0,"event_name":"Addict","player_choice":"Stole Relic","floor":19.0,"gold_loss":0.0,"damage_taken":0.0,"relics_obtained":["Bird Faced Urn"],"cards_obtained":["Shame"]},{"damage_healed":0.0,"max_hp_gain":0.0,"max_hp_loss":0.0,"gold_gain":0.0,"event_name":"Nest","player_choice":"Joined the Cult","floor":21.0,"gold_loss":0.0,"damage_taken":6.0,"cards_obtained":["RitualDagger"]},{"damage_healed":0.0,"max_hp_gain":0.0,"max_hp_loss":0.0,"gold_gain":0.0,"event_name":"The Mausoleum","player_choice":"Opened","floor":22.0,"gold_loss":0.0,"damage_taken":0.0,"relics_obtained":["Toxic Egg 2"],"cards_obtained":["Writhe"]},{"damage_healed":0.0,"max_hp_gain":0.0,"max_hp_loss":0.0,"gold_gain":0.0,"event_name":"The Library","player_choice":"Read","floor":28.0,"gold_loss":0.0,"damage_taken":0.0,"cards_obtained":["Demon Form"]}],"is_beta":false,"boss_relics":[{"not_picked":["Orrery","Busted Crown"],"picked":"Astrolabe"}],"items_purged_floors":[20],"is_endless":false,"potions_floor_spawned":[7,8,13,16,18,25,29],"killed_by":"Collector","ascension_level":20}