{"gold_per_floor":[111,125,135,60,71,83,83,83,83,99,99,111,126,140,140,236,236,249,159,159,59,59,59,10,41,41,57,68,84,95,14,14,114,114,126,142,17,0,19,50,50,69,69,69,89,89,99,124,124,124],"floor_reached":50,"playtime":3267,"items_purged":["Strike_G","Defend_G","Writhe"],"score":680,"play_id":"c7d38f23-70d6-4e4b-a07e-8dd1b4ef4638","local_time":"20181117200951","is_ascension_mode":true,"campfire_choices":[{"data":"Eviscerate","floor":11.0,"key":"SMITH"},{"data":"Cloak And Dagger","floor":15.0,"key":"SMITH"},{"data":"Tools of the Trade","floor":23.0,"key":"SMITH"},{"floor":32.0,"key":"REST"},{"floor":41.0,"key":"REST"},{"floor":44.0,"key":"REST"},{"data":"Reflex","floor":49,"key":"SMITH"}],"neow_cost":"NONE","seed_source_timestamp":0,"circlet_count":0,"master_deck":["Defend_G+1","Defend_G","Defend_G","Defend_G","Strike_G","Strike_G","Strike_G","Survivor","Neutralize+1","Adrenaline","Backstab","Cloak And Dagger+1","All Out Attack","Cloak And Dagger+1","Eviscerate+1","Tools of the Trade+1","Dagger Throw","Dagger Throw+1","Acrobatics+1","Reflex+1","Blur","Adrenaline","Shame","Decay","Prepared","Prepared+1","Prepared+1","Eviscerate","Expertise+1","Calculated Gamble+1"],"special_seed":0,"relics":["Ring of the Snake","Tough Bandages","Philosopher\u0027s Stone","Bottled Lightning","Kunai","Calling Bell","Orichalcum","Question Card","Prayer Wheel","Red Mask","Bird Faced Urn","Paper Crane","Spirit Poop","Mummified Hand"],"potions_floor_usage":[50,50,50],"damage_taken":[{"damage":1.0,"enemies":"Small Slimes","floor":1.0,"turns":4.0},{"damage":3.0,"enemies":"Jaw Worm","floor":2.0,"turns":4.0},{"damage":0.0,"enemies":"2 Louse","floor":3.0,"turns":2.0},{"damage":0.0,"enemies":"Blue Slaver","floor":5.0,"turns":3.0},{"damage":0.0,"enemies":"Exordium Wildlife","floor":6.0,"turns":3.0},{"damage":0.0,"enemies":"Gremlin Gang","floor":10.0,"turns":3.0},{"damage":0.0,"enemies":"2 Fungi Beasts","floor":12.0,"turns":1.0},{"damage":0.0,"enemies":"3 Louse","floor":13.0,"turns":2.0},{"damage":0.0,"enemies":"Blue Slaver","floor":14.0,"turns":3.0},{"damage":16.0,"enemies":"Hexaghost","floor":16.0,"turns":11.0},{"damage":0.0,"enemies":"Spheric Guardian","floor":18.0,"turns":3.0},{"damage":36.0,"enemies":"Slavers","floor":25.0,"turns":8.0},{"damage":0.0,"enemies":"Chosen","floor":27.0,"turns":3.0},{"damage":0.0,"enemies":"Sentry and Sphere","floor":28.0,"turns":4.0},{"damage":15.0,"enemies":"Snake Plant","floor":29.0,"turns":4.0},{"damage":2.0,"enemies":"Cultist and Chosen","floor":30.0,"turns":4.0},{"damage":11.0,"enemies":"Champ","floor":33.0,"turns":15.0},{"damage":0.0,"enemies":"Orb Walker","floor":35.0,"turns":3.0},{"damage":12.0,"enemies":"3 Shapes","floor":36.0,"turns":5.0},{"damage":16.0,"enemies":"Maw","floor":39.0,"turns":10.0},{"damage":29.0,"enemies":"Nemesis","floor":40.0,"turns":9.0},{"damage":0.0,"enemies":"Spire Growth","floor":42.0,"turns":3.0},{"damage":2.0,"enemies":"4 Shapes","floor":45.0,"turns":5.0},{"damage":15.0,"enemies":"Maw","floor":47.0,"turns":9.0},{"damage":0.0,"enemies":"Giant Head","floor":48.0,"turns":9.0},{"damage":54,"enemies":"Time Eater","floor":50,"turns":17}],"seed_played":"-7749144648026489296","potions_obtained":[{"floor":2.0,"key":"Poison Potion"},{"floor":5.0,"key":"Dexterity Potion"},{"floor":10.0,"key":"SteroidPotion"},{"floor":13.0,"key":"Block Potion"},{"floor":14.0,"key":"Poison Potion"},{"floor":18.0,"key":"GhostInAJar"},{"floor":25.0,"key":"SkillPotion"},{"floor":30.0,"key":"Fire Potion"},{"floor":33.0,"key":"EssenceOfSteel"},{"floor":36.0,"key":"GamblersBrew"},{"floor":42.0,"key":"Block Potion"},{"floor":45.0,"key":"AttackPotion"},{"floor":47.0,"key":"Fire Potion"},{"floor":48,"key":"Ancient Potion"}],"is_trial":false,"path_per_floor":["M","M","M","$","M","M","?","?","T","M","R","M","M","M","R","B",null,"M","?","?","$","?","R","$","E","T","M","M","M","M","$","R","B",null,"M","M","$","?","M","E","R","M","T","R","M","?","M","E","R","B"],"character_chosen":"THE_SILENT","items_purchased":["Dagger Throw","Blur"],"campfire_rested":3,"item_purchase_floors":[24,31],"current_hp_per_floor":[69,66,66,66,66,66,71,56,56,56,56,56,56,56,56,40,66,66,66,66,66,66,66,66,30,30,30,30,15,13,13,35,24,62,62,50,50,50,34,5,27,29,29,51,51,51,38,40,40,0],"gold":124,"neow_bonus":"ONE_RANDOM_RARE_CARD","is_prod":false,"is_daily":false,"chose_seed":false,"campfire_upgraded":4,"win_rate":0,"timestamp":1542456591,"path_taken":["M","M","M","$","M","M","?","?","T","?","R","?","M","?","R","BOSS","M","?","?","$","?","R","?","E","T","M","?","M","M","?","R","BOSS","M","M","$","?","M","E","R","M","T","R","M","?","M","E","R","BOSS"],"build_version":"2018-11-15","purchased_purges":3,"victory":false,"max_hp_per_floor":[70,70,70,70,70,70,75,75,75,75,75,75,75,75,75,75,75,75,75,75,75,75,75,75,75,75,75,75,75,75,75,75,75,75,75,75,75,75,75,75,75,75,75,75,75,75,75,75,75,75],"card_choices":[{"not_picked":["Acrobatics","Concentrate"],"picked":"Backstab","floor":1.0},{"not_picked":["Slice","Reflex"],"picked":"Cloak And Dagger","floor":2.0},{"not_picked":["Escape Plan","Reflex"],"picked":"All Out Attack","floor":3.0},{"not_picked":["Calculated Gamble","Expertise"],"picked":"Cloak And Dagger","floor":5.0},{"not_picked":["Backflip","Catalyst"],"picked":"Eviscerate","floor":6.0},{"not_picked":["Blade Dance","Dagger Spray","Grand Finale"],"picked":"SKIP","floor":10.0},{"not_picked":["Blade Dance","Distraction","Outmaneuver"],"picked":"SKIP","floor":12.0},{"not_picked":["Blade Dance","Bane","Flying Knee"],"picked":"SKIP","floor":13.0},{"not_picked":["Poisoned Stab","Bane","Concentrate"],"picked":"SKIP","floor":14.0},{"not_picked":["Glass Knife","Burst"],"picked":"Tools of the Trade","floor":16.0},{"not_picked":["Blade Dance","Leg Sweep+1","Heel Hook"],"picked":"SKIP","floor":18.0},{"not_picked":["PiercingWail","Setup"],"picked":"Dagger Throw+1","floor":25.0},{"not_picked":["Calculated Gamble+1","Quick Slash+1"],"picked":"Acrobatics+1","floor":27.0},{"not_picked":["Dagger Throw","Cloak And Dagger","Deadly Poison"],"picked":"SKIP","floor":28.0},{"not_picked":["Acrobatics+1","Endless Agony"],"picked":"Reflex","floor":29.0},{"not_picked":["Infinite Blades","Outmaneuver+1","Bane+1"],"picked":"SKIP","floor":30.0},{"not_picked":["Burst","A Thousand Cuts"],"picked":"Adrenaline","floor":33.0},{"not_picked":["PiercingWail","Dagger Throw+1","Outmaneuver+1"],"picked":"Prepared","floor":35.0},{"not_picked":["Deadly Poison","Underhanded Strike+1","Masterful Stab"],"picked":"Prepared+1","floor":35.0},{"not_picked":["PiercingWail","Masterful Stab","Deflect"],"picked":"Prepared+1","floor":36.0},{"not_picked":["Die Die Die","Dodge and Roll","Backstab+1"],"picked":"Eviscerate","floor":36.0},{"not_picked":["Deflect","Accuracy","Adrenaline"],"picked":"Expertise+1","floor":39.0},{"not_picked":["Outmaneuver+1","PiercingWail","Riddle With Holes+1","Bane"],"picked":"SKIP","floor":39.0},{"not_picked":["Poisoned Stab+1","Acrobatics+1","Slice","Backflip"],"picked":"SKIP","floor":40.0},{"not_picked":["Backstab","Blade Dance","Deadly Poison"],"picked":"Calculated Gamble+1","floor":42.0},{"not_picked":["Catalyst","Cloak And Dagger+1","Deflect","Corpse Explosion"],"picked":"SKIP","floor":42.0},{"not_picked":["Noxious Fumes","Bane","Dagger Spray","Heel Hook"],"picked":"SKIP","floor":45.0},{"not_picked":["Footwork","Acrobatics","Distraction","Flechettes"],"picked":"SKIP","floor":45.0},{"not_picked":["Sucker Punch+1","Underhanded Strike","Bouncing Flask","Bane+1"],"picked":"SKIP","floor":47.0},{"not_picked":["Dodge and Roll","Dagger Throw+1","Deflect+1","Bane"],"picked":"SKIP","floor":47.0},{"not_picked":["Phantasmal Killer","Dagger Throw+1","Predator+1","Endless Agony+1"],"picked":"SKIP","floor":48}],"player_experience":376907,"relics_obtained":[{"floor":9.0,"key":"Tough Bandages"},{"floor":25.0,"key":"Bottled Lightning"},{"floor":26.0,"key":"Kunai"},{"floor":34.0,"key":"Orichalcum"},{"floor":34.0,"key":"Question Card"},{"floor":34.0,"key":"Prayer Wheel"},{"floor":40.0,"key":"Bird Faced Urn"},{"floor":43.0,"key":"Paper Crane"},{"floor":48,"key":"Mummified Hand"}],"event_choices":[{"event_name":"Big Fish","player_choice":"Donut","floor":7.0,"damage_taken":0.0},{"event_name":"Shining Light","player_choice":"Entered Light","floor":8.0,"damage_taken":0.0},{"event_name":"Designer","player_choice":"Full Service","floor":19.0,"damage_taken":0.0},{"event_name":"Vampires","player_choice":"Ignored","floor":20.0,"damage_taken":0.0},{"event_name":"Match and Keep!","player_choice":"1 cards matched","floor":22.0,"damage_taken":0.0},{"event_name":"Tomb of Lord Red Mask","player_choice":"Paid","floor":38.0,"damage_taken":0.0},{"event_name":"Bonfire Elementals","player_choice":"CURSE","floor":46.0,"damage_taken":0.0}],"is_beta":false,"boss_relics":[{"not_picked":["Velvet Choker","Black Star"],"picked":"Philosopher\u0027s Stone"},{"not_picked":["Orrery","Fusion Hammer"],"picked":"Calling Bell"}],"items_purged_floors":[4,21,37],"is_endless":false,"potions_floor_spawned":[2,5,10,13,14,18,25,30,33,36,42,45,47,48],"killed_by":"Time Eater","ascension_level":5}