{"gold_per_floor":[12,23,23,23,23,54,54,89,89,103,103,123,142,158,158,258,288,302,318,329,329,340,340],"floor_reached":23,"playtime":1957,"items_purged":[],"score":230,"play_id":"5aaff8e4-7b4a-48d0-8d26-d5302bd6306a","local_time":"20180715110829","is_ascension_mode":false,"campfire_choices":[{"floor":11,"key":"REST"},{"floor":15,"key":"REST"}],"neow_cost":"NO_GOLD","seed_source_timestamp":145926150120197,"circlet_count":0,"master_deck":["Strike_R","Strike_R","Strike_R","Strike_R","Strike_R","Defend_R+1","Defend_R","Defend_R","Defend_R","Bash","Cleave","Pommel Strike+1","Bash","Uppercut","Heavy Blade","Searing Blow+1","Intimidate","Body Slam+1","Sword Boomerang+1","Juggernaut","Iron Wave+1","Cleave+1","Searing Blow+1","Anger+1","RitualDagger+1","Combust"],"relics":["Burning Blood","Kunai","Blood Vial","Red Skull","Molten Egg 2","Tiny House"],"potions_floor_usage":[8,16,20,23],"damage_taken":[{"damage":5,"enemies":"Small Slimes","floor":1,"turns":4},{"damage":11,"enemies":"Jaw Worm","floor":2,"turns":4},{"damage":36,"enemies":"3 Sentries","floor":6,"turns":10},{"damage":48,"enemies":"Lagavulin","floor":8,"turns":7},{"damage":0,"enemies":"2 Louse","floor":10,"turns":1},{"damage":15,"enemies":"Exordium Thugs","floor":12,"turns":4},{"damage":8,"enemies":"Large Slime","floor":13,"turns":4},{"damage":3,"enemies":"Red Slaver","floor":14,"turns":4},{"damage":59,"enemies":"Slime Boss","floor":16,"turns":11},{"damage":19,"enemies":"Spheric Guardian","floor":18,"turns":5},{"damage":19,"enemies":"Shell Parasite","floor":19,"turns":7},{"damage":26,"enemies":"Centurion and Healer","floor":20,"turns":8},{"damage":35,"enemies":"Snecko","floor":22,"turns":6},{"damage":31,"enemies":"Gremlin Leader","floor":23,"turns":4}],"seed_played":"731856762918170111","potions_obtained":[{"floor":6,"key":"SpeedPotion"},{"floor":8,"key":"GamblersBrew"},{"floor":13,"key":"SteroidPotion"},{"floor":14,"key":"Energy Potion"},{"floor":16,"key":"SmokeBomb"},{"floor":19,"key":"Energy Potion"},{"floor":22,"key":"Strength Potion"}],"is_trial":false,"path_per_floor":["M","M","?","T","?","E","?","E","T","M","R","M","M","M","R","B",null,"M","M","M","?","M"],"character_chosen":"IRONCLAD","items_purchased":[],"campfire_rested":2,"item_purchase_floors":[],"current_hp_per_floor":[96,91,91,91,91,61,61,21,21,29,57,50,50,55,83,32,101,88,77,59,53,26,0],"gold":340,"neow_bonus":"TWENTY_PERCENT_HP_BONUS","is_prod":false,"is_daily":false,"chose_seed":false,"campfire_upgraded":0,"win_rate":0.0,"timestamp":1531645709,"path_taken":["M","M","?","?","?","E","?","E","T","M","R","?","M","M","R","BOSS","M","M","M","?","M","E"],"build_version":"2018-07-12","purchased_purges":0,"victory":false,"max_hp_per_floor":[96,96,96,96,96,96,96,96,96,96,96,96,96,96,96,96,101,101,101,101,101,101,101],"card_choices":[{"not_picked":["Clash","Armaments"],"picked":"Cleave","floor":1},{"not_picked":["Clash","Offering"],"picked":"Pommel Strike","floor":2},{"not_picked":["Power Through","Carnage"],"picked":"Uppercut","floor":6},{"not_picked":["Headbutt","Body Slam"],"picked":"Heavy Blade","floor":8},{"not_picked":["Metallicize","Twin Strike+1"],"picked":"Searing Blow+1","floor":10},{"not_picked":["Clothesline+1","Power Through"],"picked":"Intimidate","floor":12},{"not_picked":["Corruption","Warcry"],"picked":"Body Slam+1","floor":13},{"not_picked":["Armaments","Anger+1"],"picked":"Sword Boomerang+1","floor":14},{"not_picked":["Double Tap","Demon Form"],"picked":"Juggernaut","floor":16},{"not_picked":["Clothesline+1","Shockwave"],"picked":"Iron Wave+1","floor":17},{"not_picked":["Iron Wave+1","Second Wind"],"picked":"Cleave+1","floor":18},{"not_picked":["Armaments","Clothesline+1"],"picked":"Searing Blow+1","floor":19},{"not_picked":["Reckless Charge+1","Bloodletting"],"picked":"Anger+1","floor":20},{"not_picked":["Brutality","Bloodletting"],"picked":"Combust","floor":22}],"player_experience":73877,"relics_obtained":[{"floor":4,"key":"Kunai"},{"floor":6,"key":"Blood Vial"},{"floor":8,"key":"Red Skull"},{"floor":9,"key":"Molten Egg 2"}],"event_choices":[{"event_name":"Shining Light","player_choice":"Ignored","floor":3,"damage_taken":0},{"event_name":"Match and Keep!","player_choice":"1 cards matched","floor":5,"damage_taken":0},{"event_name":"Living Wall","player_choice":"Grow","floor":7,"damage_taken":0},{"event_name":"Nest","player_choice":"Joined the Cult","floor":21,"damage_taken":0}],"boss_relics":[{"not_picked":["Coffee Dripper","Eternal Feather"],"picked":"Tiny House"}],"items_purged_floors":[],"is_endless":false,"potions_floor_spawned":[6,8,13,14,16,19,22],"killed_by":"Gremlin Leader","ascension_level":0}