{"gold_per_floor":[113,113,123,123,135,135,170,170,220,249,249,266,284,300,300,397,397,410,72,88,101,115,115,132,165,218,218,245,245,259,54,54,54],"floor_reached":33,"playtime":2932,"items_purged":["True Grit"],"score":339,"play_id":"a8eb1068-7673-4d9c-a003-8b71f135d37f","local_time":"20190427192756","is_ascension_mode":true,"campfire_choices":[{"floor":6,"key":"RECALL"},{"floor":8,"key":"REST"},{"floor":11,"key":"REST"},{"data":"Bludgeon","floor":15,"key":"SMITH"},{"floor":23,"key":"REST"},{"floor":27,"key":"REST"},{"floor":29,"key":"REST"},{"floor":32,"key":"REST"}],"neow_cost":"NONE","seed_source_timestamp":191670224845200,"circlet_count":0,"master_deck":["Strike_R+1","Strike_R","Strike_R","Strike_R","Defend_R+1","Defend_R","Defend_R","Defend_R","Bash","Armaments","Seeing Red","Bludgeon+1","Shockwave","Fire Breathing","Headbutt","Reaper","Rampage","Pommel Strike","Pommel Strike+1","Shrug It Off","Disarm+1","Armaments+1"],"relics":["Burning Blood","Anchor","Smiling Mask","Empty Cage","Mango","Calipers","Art of War","Pen Nib","Bronze Scales"],"potions_floor_usage":[7,14,16,20,22,24,25,30,33],"damage_taken":[{"damage":0,"enemies":"2 Louse","floor":1,"turns":3},{"damage":15,"enemies":"Cultist","floor":3,"turns":4},{"damage":0,"enemies":"Small Slimes","floor":5,"turns":3},{"damage":47,"enemies":"Lagavulin","floor":7,"turns":10},{"damage":31,"enemies":"3 Sentries","floor":10,"turns":6},{"damage":0,"enemies":"Blue Slaver","floor":12,"turns":3},{"damage":9,"enemies":"Exordium Thugs","floor":13,"turns":7},{"damage":0,"enemies":"Looter","floor":14,"turns":3},{"damage":59,"enemies":"Hexaghost","floor":16,"turns":10},{"damage":0,"enemies":"Chosen","floor":18,"turns":4},{"damage":22,"enemies":"3 Byrds","floor":20,"turns":5},{"damage":28,"enemies":"Centurion and Healer","floor":21,"turns":5},{"damage":37,"enemies":"Snake Plant","floor":22,"turns":4},{"damage":17,"enemies":"Chosen and Byrds","floor":24,"turns":5},{"damage":33,"enemies":"Slavers","floor":25,"turns":10},{"damage":55,"enemies":"Book of Stabbing","floor":28,"turns":9},{"damage":56,"enemies":"3 Cultists","floor":30,"turns":7},{"damage":50,"enemies":"Champ","floor":33,"turns":12}],"seed_played":"-6098645221932460244","potions_obtained":[{"floor":5,"key":"Weak Potion"},{"floor":10,"key":"Ancient Potion"},{"floor":13,"key":"PowerPotion"},{"floor":14,"key":"Dexterity Potion"},{"floor":16,"key":"Block Potion"},{"floor":18,"key":"EssenceOfSteel"},{"floor":22,"key":"LiquidBronze"},{"floor":28,"key":"EssenceOfSteel"},{"floor":30,"key":"Block Potion"}],"is_trial":false,"path_per_floor":["M","?","M","?","M","R","E","R","T","E","R","M","M","M","R","B",null,"M","$","M","M","M","R","M","E","T","R","E","R","M","$","R","B"],"character_chosen":"IRONCLAD","items_purchased":["Mango","Rampage","Bronze Scales"],"campfire_rested":6,"item_purchase_floors":[19,19,31],"current_hp_per_floor":[88,70,61,61,67,67,26,52,52,27,53,59,56,62,62,9,88,88,102,86,64,33,63,52,43,43,73,24,54,16,16,46,0],"gold":54,"neow_bonus":"TEN_PERCENT_HP_BONUS","is_prod":false,"is_daily":false,"chose_seed":false,"campfire_upgraded":1,"win_rate":0,"timestamp":1556386076,"path_taken":["M","?","M","?","M","R","E","R","T","E","R","M","?","M","R","BOSS","M","$","M","?","M","R","M","E","T","R","E","R","M","$","R","BOSS"],"build_version":"2019-01-23","purchased_purges":1,"victory":false,"max_hp_per_floor":[88,88,88,88,88,88,88,88,88,88,88,88,88,88,88,88,88,88,102,102,102,102,102,102,102,102,102,102,102,102,102,102,102],"card_choices":[{"not_picked":["Warcry","Clothesline"],"picked":"Dual Wield","floor":1},{"not_picked":["Flex","Havoc"],"picked":"Armaments","floor":3},{"not_picked":["Limit Break","Corruption"],"picked":"Seeing Red","floor":5},{"not_picked":["Anger","Reckless Charge"],"picked":"Bludgeon","floor":7},{"not_picked":["Reckless Charge","Pummel"],"picked":"Warcry","floor":10},{"not_picked":["Evolve","Armaments"],"picked":"Shockwave","floor":12},{"not_picked":["Hemokinesis","Combust"],"picked":"Fire Breathing","floor":13},{"not_picked":["Anger","Thunderclap"],"picked":"Headbutt","floor":14},{"not_picked":["Berserk","Dark Embrace"],"picked":"Reaper","floor":16},{"not_picked":["Clash","Bloodletting","Shockwave"],"picked":"SKIP","floor":18},{"not_picked":["Blood for Blood","Body Slam"],"picked":"Pommel Strike","floor":20},{"not_picked":["Sword Boomerang+1","Combust"],"picked":"Pommel Strike+1","floor":21},{"not_picked":["Sword Boomerang+1","True Grit"],"picked":"Shrug It Off","floor":22},{"not_picked":["Pommel Strike","Iron Wave"],"picked":"True Grit","floor":24},{"not_picked":["Barricade","Thunderclap"],"picked":"Disarm+1","floor":25},{"not_picked":["Warcry","Brutality"],"picked":"Armaments+1","floor":28},{"not_picked":["Uppercut","Burning Pact","Carnage"],"picked":"SKIP","floor":30}],"player_experience":199258,"relics_obtained":[{"floor":7,"key":"Anchor"},{"floor":10,"key":"Smiling Mask"},{"floor":25,"key":"Calipers"},{"floor":26,"key":"Art of War"},{"floor":28,"key":"Pen Nib"}],"event_choices":[{"damage_healed":0,"gold_gain":0,"player_choice":"Entered Light","damage_taken":18,"max_hp_gain":0,"max_hp_loss":0,"event_name":"Shining Light","floor":2,"gold_loss":0,"cards_upgraded":["Defend_R","Strike_R"]},{"cards_removed":["Dual Wield"],"damage_healed":0,"gold_gain":0,"player_choice":"Purged","damage_taken":0,"max_hp_gain":0,"max_hp_loss":0,"event_name":"Purifier","floor":4,"gold_loss":0}],"is_beta":false,"boss_relics":[{"not_picked":["Runic Dome","Astrolabe"],"picked":"Empty Cage"}],"items_purged_floors":[31],"is_endless":false,"potions_floor_spawned":[5,10,13,14,16,18,22,28,30],"killed_by":"Champ","ascension_level":1}