{"gold_per_floor":[109,121,121,137,152,152,169,169,195,195,214,249,264,10,10,87,87,105,119,0,10,22,22,37,37,60,15,15,15,65,76,76,148,148,167,167,180,1179,938,938,938,955,955,571,571,601,491,504,504,504,504,504,504,130,158,158],"floor_reached":57,"playtime":3724,"items_purged":["Strike_B","Defend_B","Defend_B","Ball Lightning"],"score":2543,"play_id":"c8eb2f99-86d3-432a-a7a7-8a1f34fe8231","local_time":"20190506163608","is_ascension_mode":true,"campfire_choices":[{"data":"Zap","floor":6.0,"key":"SMITH"},{"data":"Recycle","floor":8.0,"key":"SMITH"},{"data":"Dualcast","floor":10.0,"key":"SMITH"},{"data":"Hologram","floor":15,"key":"SMITH"},{"floor":23,"key":"REST"},{"data":"Defragment","floor":25,"key":"SMITH"},{"data":"Consume","floor":28,"key":"SMITH"},{"data":"Coolheaded","floor":32,"key":"SMITH"},{"data":"Fission","floor":40,"key":"SMITH"},{"data":"Fusion","floor":45,"key":"SMITH"},{"floor":49,"key":"RECALL"},{"data":"Go for the Eyes","floor":53,"key":"SMITH"}],"neow_cost":"PERCENT_DAMAGE","seed_source_timestamp":0,"circlet_count":0,"master_deck":["AscendersBane","Zap+1","Dualcast+1","Recycle+1","Cold Snap","Compile Driver","Conserve Battery","Hologram+1","BootSequence","Multi-Cast+1","Steam Power+1","Defragment+1","Coolheaded+1","Go for the Eyes+1","Cold Snap+1","Consume+1","Fission+1","Genetic Algorithm+1","Compile Driver+1","Genetic Algorithm+1","Undo","Fusion+1","Glacier","Echo Form","Hologram","Core Surge","Self Repair+1","Skim+1"],"special_seed":0,"relics":["Cracked Core","Pocketwatch","Ancient Tea Set","Centennial Puzzle","Membership Card","Inserter","Omamori","Strawberry","Astrolabe","PreservedInsect","Pen Nib","Chemical X","Art of War","DataDisk","OrangePellets","Oddly Smooth Stone","Happy Flower","Shuriken"],"potions_floor_usage":[16,19,22,33,35,42,46,56,56],"damage_taken":[{"damage":2.0,"enemies":"Jaw Worm","floor":1.0,"turns":4.0},{"damage":2.0,"enemies":"Cultist","floor":2.0,"turns":4.0},{"damage":12.0,"enemies":"2 Louse","floor":4.0,"turns":2.0},{"damage":2.0,"enemies":"2 Fungi Beasts","floor":5.0,"turns":3.0},{"damage":14.0,"enemies":"Red Slaver","floor":7.0,"turns":3.0},{"damage":3,"enemies":"Large Slime","floor":11,"turns":3},{"damage":8,"enemies":"Gremlin Nob","floor":12,"turns":3},{"damage":4,"enemies":"Looter","floor":13,"turns":2},{"damage":2,"enemies":"Hexaghost","floor":16,"turns":9},{"damage":10,"enemies":"Shell Parasite","floor":18,"turns":7},{"damage":4,"enemies":"3 Byrds","floor":19,"turns":6},{"damage":10,"enemies":"Centurion and Healer","floor":21,"turns":10},{"damage":24,"enemies":"Chosen and Byrds","floor":22,"turns":6},{"damage":19,"enemies":"Sentry and Sphere","floor":24,"turns":8},{"damage":3,"enemies":"Colosseum Slavers","floor":29,"turns":4},{"damage":1,"enemies":"Snecko","floor":31,"turns":7},{"damage":5,"enemies":"Automaton","floor":33,"turns":13},{"damage":13,"enemies":"Orb Walker","floor":35,"turns":4},{"damage":7,"enemies":"3 Darklings","floor":37,"turns":8},{"damage":10,"enemies":"Jaw Worm Horde","floor":42,"turns":5},{"damage":31,"enemies":"Reptomancer","floor":46,"turns":9},{"damage":0,"enemies":"Spire Growth","floor":48,"turns":4},{"damage":2,"enemies":"Time Eater","floor":50,"turns":20},{"damage":28,"enemies":"Awakened One","floor":51,"turns":10},{"damage":8,"enemies":"Shield and Spear","floor":55,"turns":17},{"damage":24,"enemies":"The Heart","floor":56,"turns":11}],"seed_played":"-3106066125530608737","potions_obtained":[{"floor":1.0,"key":"Regen Potion"},{"floor":2.0,"key":"GamblersBrew"},{"floor":16,"key":"SpeedPotion"},{"floor":19,"key":"Fire Potion"},{"floor":24,"key":"Swift Potion"},{"floor":31,"key":"Energy Potion"},{"floor":33,"key":"Weak Potion"},{"floor":42,"key":"Dexterity Potion"},{"floor":48,"key":"Fire Potion"}],"is_trial":false,"path_per_floor":["M","M","?","M","M","R","M","R","T","R","M","E","M","$","R","B",null,"M","M","$","M","M","R","M","R","T","$","R","?","?","M","R","B",null,"M","?","M","?","$","R","?","M","T","$","R","E","?","M","R","B","B",null,"R","$","E","B",null],"character_chosen":"DEFECT","items_purchased":["Membership Card","Defragment","Omamori","Consume","PreservedInsect","Swift Potion","Pen Nib","Glacier","Echo Form","Chemical X","Art of War","Hologram","OrangePellets","Oddly Smooth Stone","SpeedPotion","Happy Flower"],"campfire_rested":1,"item_purchase_floors":[14,20,20,27,39,39,39,44,44,44,44,44,54,54,54,54],"current_hp_per_floor":[44,42,38,26,24,24,19,19,19,19,16,8,4,4,4,2,54,44,40,40,30,6,27,8,8,15,15,15,12,12,11,11,6,60,47,47,40,40,40,40,78,68,68,68,68,37,37,37,37,55,27,65,65,65,67,53],"gold":158,"neow_bonus":"ONE_RARE_RELIC","is_prod":false,"is_daily":false,"chose_seed":false,"campfire_upgraded":10,"win_rate":0,"timestamp":1557131768,"path_taken":["M","M","?","M","?","R","M","R","T","R","M","E","M","$","R","BOSS","M","M","$","M","M","R","?","R","T","$","R","?","?","M","R","BOSS","M","?","?","?","$","R","?","?","T","$","R","E","?","M","R","BOSS","BOSS","R","$","E","BOSS"],"build_version":"2019-01-23","purchased_purges":4,"victory":true,"max_hp_per_floor":[71,71,71,71,71,71,71,71,71,71,71,71,71,71,71,71,71,71,71,71,71,71,71,71,71,78,78,78,78,78,78,78,78,78,78,78,78,78,78,78,78,78,78,78,78,78,78,78,78,78,78,78,78,78,78,78],"card_choices":[{"not_picked":["Genetic Algorithm","Go for the Eyes"],"picked":"Recycle","floor":1.0},{"not_picked":["Conserve Battery","Barrage"],"picked":"Cold Snap","floor":2.0},{"not_picked":["Barrage","Steam Power"],"picked":"Compile Driver","floor":4.0},{"not_picked":["FTL","Capacitor"],"picked":"Ball Lightning","floor":5.0},{"not_picked":["Beam Cell","Machine Learning"],"picked":"Conserve Battery","floor":7.0},{"not_picked":["Barrage","Stack"],"picked":"Hologram","floor":11},{"not_picked":["Conserve Battery","Hello World","Gash"],"picked":"SKIP","floor":12},{"not_picked":["Lockon","Leap"],"picked":"BootSequence","floor":13},{"not_picked":["Seek","Reboot"],"picked":"Multi-Cast","floor":16},{"not_picked":["Aggregate","Reinforced Body"],"picked":"Steam Power+1","floor":18},{"not_picked":["FTL","Cold Snap","Steam"],"picked":"SKIP","floor":19},{"not_picked":["Ball Lightning","Steam"],"picked":"Coolheaded","floor":21},{"not_picked":["Amplify","Reinforced Body"],"picked":"Go for the Eyes","floor":22},{"not_picked":["Leap+1","Stack"],"picked":"Cold Snap+1","floor":24},{"not_picked":["Doom and Gloom","Compile Driver","Consume"],"picked":"SKIP","floor":31},{"not_picked":["Meteor Strike","Biased Cognition"],"picked":"Fission","floor":33},{"not_picked":["Ball Lightning","Barrage+1","Consume"],"picked":"SKIP","floor":35},{"not_picked":["Steam","Consume"],"picked":"Undo","floor":37},{"not_picked":["Leap","Chill"],"picked":"Fusion","floor":42},{"not_picked":["Sweeping Beam","Loop"],"picked":"Core Surge","floor":46},{"not_picked":["Fusion","BootSequence"],"picked":"Self Repair+1","floor":48},{"not_picked":["Compile Driver","Coolheaded"],"picked":"Skim+1","floor":55}],"player_experience":1557799,"relics_obtained":[{"floor":9.0,"key":"Ancient Tea Set"},{"floor":12,"key":"Centennial Puzzle"},{"floor":26,"key":"Strawberry"},{"floor":46,"key":"DataDisk"},{"floor":55,"key":"Shuriken"}],"event_choices":[{"damage_healed":0.0,"max_hp_gain":0.0,"max_hp_loss":0.0,"gold_gain":0.0,"event_name":"The Woman in Blue","player_choice":"Bought 0 Potions","floor":3.0,"gold_loss":0.0,"damage_taken":0.0},{"damage_healed":0,"gold_gain":0,"player_choice":"Fight","damage_taken":0,"max_hp_gain":0,"max_hp_loss":0,"event_name":"Colosseum","floor":29,"gold_loss":0},{"damage_healed":0,"gold_gain":0,"player_choice":"Fled From Nobs","damage_taken":0,"max_hp_gain":0,"max_hp_loss":0,"event_name":"Colosseum","floor":29,"gold_loss":0},{"damage_healed":0,"gold_gain":50,"player_choice":"Stole From Cult","damage_taken":0,"max_hp_gain":0,"max_hp_loss":0,"event_name":"Nest","floor":30,"gold_loss":0},{"cards_removed":["Defend_B"],"damage_healed":0,"gold_gain":0,"player_choice":"Purged","damage_taken":0,"max_hp_gain":0,"max_hp_loss":0,"event_name":"Purifier","floor":36,"gold_loss":0},{"damage_healed":0,"gold_gain":999,"player_choice":"Gold","damage_taken":0,"max_hp_gain":0,"max_hp_loss":0,"event_name":"MindBloom","floor":38,"gold_loss":0,"cards_obtained":["Normality","Normality"]},{"damage_healed":38,"gold_gain":0,"player_choice":"Full Heal","damage_taken":0,"max_hp_gain":0,"max_hp_loss":0,"event_name":"Wheel of Change","floor":41,"gold_loss":0},{"cards_removed":["Defend_B"],"damage_healed":0,"gold_gain":0,"player_choice":"Upgrade and Remove","damage_taken":0,"max_hp_gain":0,"max_hp_loss":0,"event_name":"Designer","floor":47,"gold_loss":110,"cards_upgraded":["Multi-Cast"]}],"is_beta":false,"boss_relics":[{"not_picked":["Busted Crown","FrozenCore"],"picked":"Inserter"},{"not_picked":["Philosopher\u0027s Stone","Velvet Choker"],"picked":"Astrolabe"}],"items_purged_floors":[14,39,44,54],"is_endless":false,"potions_floor_spawned":[1,2,16,19,24,31,33,42,48,55],"ascension_level":20}