{"gold_per_floor":[110,110,122,47,60,60,92,107,107,125,125,139,139,159,159,264,264,279,179,179,179],"floor_reached":21,"playtime":1730,"items_purged":["Strike_R","Strike_R"],"score":226,"play_id":"7650c6f2-4761-44a6-a3d1-862d9e24a962","local_time":"20190321155924","is_ascension_mode":true,"campfire_choices":[{"data":"True Grit","floor":6,"key":"SMITH"},{"floor":11,"key":"REST"},{"data":"Bludgeon","floor":13,"key":"SMITH"},{"floor":15,"key":"REST"}],"neow_cost":"NONE","seed_source_timestamp":151004902550500,"circlet_count":0,"master_deck":["Strike_R","Strike_R","Defend_R","Defend_R","Defend_R","Defend_R","Bash","True Grit+1","Bloodletting","Offering","Fire Breathing"],"relics":["Burning Blood","Dodecahedron","Darkstone Periapt","Fusion Hammer"],"potions_floor_usage":[16,16,16,18],"damage_taken":[{"damage":2,"enemies":"2 Louse","floor":1,"turns":4},{"damage":6,"enemies":"Small Slimes","floor":3,"turns":2},{"damage":0,"enemies":"Cultist","floor":5,"turns":2},{"damage":40,"enemies":"Gremlin Nob","floor":7,"turns":5},{"damage":5,"enemies":"2 Fungi Beasts","floor":8,"turns":3},{"damage":36,"enemies":"Large Slime","floor":10,"turns":7},{"damage":11,"enemies":"Looter","floor":12,"turns":3},{"damage":21,"enemies":"3 Louse","floor":14,"turns":5},{"damage":41,"enemies":"The Guardian","floor":16,"turns":13},{"damage":13,"enemies":"Shell Parasite","floor":18,"turns":4}],"seed_played":"-8326083496117480081","potions_obtained":[{"floor":7,"key":"Swift Potion"},{"floor":10,"key":"Strength Potion"},{"floor":12,"key":"SpeedPotion"},{"floor":14,"key":"AttackPotion"},{"floor":16,"key":"Block Potion"},{"floor":18,"key":"Ancient Potion"}],"is_trial":false,"path_per_floor":["M","?","M","$","M","R","E","M","T","M","R","M","R","M","R","B",null,"M","$","?","?"],"character_chosen":"IRONCLAD","items_purchased":[],"campfire_rested":2,"item_purchase_floors":[],"current_hp_per_floor":[80,73,73,73,79,79,45,46,46,16,40,35,35,20,44,9,62,55,55,39,39],"gold":179,"neow_bonus":"ONE_RANDOM_RARE_CARD","is_prod":false,"is_daily":false,"chose_seed":false,"campfire_upgraded":2,"win_rate":0,"timestamp":1553155164,"path_taken":["M","?","M","$","M","R","E","M","T","M","R","M","R","M","R","BOSS","M","$","?","?"],"build_version":"2019-01-23","purchased_purges":2,"victory":false,"max_hp_per_floor":[80,80,80,80,80,80,80,80,80,80,80,80,80,80,80,80,80,80,80,80,80],"card_choices":[{"not_picked":["Perfected Strike","Shockwave","Heavy Blade"],"picked":"SKIP","floor":1},{"not_picked":["Blood for Blood","Headbutt"],"picked":"True Grit","floor":3},{"not_picked":["Clothesline","Metallicize"],"picked":"Bloodletting","floor":5},{"not_picked":["Clothesline","Twin Strike","Sword Boomerang"],"picked":"SKIP","floor":7},{"not_picked":["True Grit","Headbutt","Pummel"],"picked":"SKIP","floor":8},{"not_picked":["Body Slam","Thunderclap","Combust"],"picked":"SKIP","floor":10},{"not_picked":["Iron Wave","Thunderclap","Searing Blow"],"picked":"SKIP","floor":12},{"not_picked":["Clash","Evolve","Whirlwind"],"picked":"SKIP","floor":14},{"not_picked":["Dark Embrace","Feed"],"picked":"Offering","floor":16},{"not_picked":["Rage","Cleave","Headbutt+1"],"picked":"SKIP","floor":18}],"player_experience":402892,"relics_obtained":[{"floor":7,"key":"Dodecahedron"},{"floor":9,"key":"Darkstone Periapt"}],"event_choices":[{"cards_removed":["Strike_R"],"damage_healed":0,"gold_gain":0,"player_choice":"Card Removal","damage_taken":7,"max_hp_gain":0,"max_hp_loss":0,"event_name":"Golden Wing","floor":2,"gold_loss":0},{"damage_healed":0,"gold_gain":0,"player_choice":"Obtained Book","damage_taken":16,"max_hp_gain":0,"max_hp_loss":0,"event_name":"Cursed Tome","floor":20,"gold_loss":0},{"damage_healed":0,"gold_gain":0,"cards_transformed":["Bludgeon"],"player_choice":"Transformed","damage_taken":0,"max_hp_gain":0,"max_hp_loss":0,"event_name":"Transmorgrifier","floor":21,"gold_loss":0,"cards_obtained":["Fire Breathing"]}],"is_beta":false,"boss_relics":[{"not_picked":["Coffee Dripper","White Beast Statue"],"picked":"Fusion Hammer"}],"items_purged_floors":[4,19],"is_endless":false,"potions_floor_spawned":[7,10,12,14,16,18],"ascension_level":5}