{"path_per_floor":["M","M","M","M","M","E","M","R","T","M","R","M","?","M","R"],"character_chosen":"IRONCLAD","items_purchased":[],"gold_per_floor":[110,121,139,149,167,196,213,213,287,307,307,319,494,510,510],"floor_reached":16,"campfire_rested":1,"playtime":1299,"current_hp_per_floor":[80,80,80,70,61,24,25,25,25,24,24,18,18,24,48],"items_purged":[],"gold":510,"play_id":"ae34ffb6-5e00-4c60-9ce6-e03361b137de","is_prod":false,"is_daily":false,"campfire_rituals":0,"campfire_upgraded":2,"is_hardmode":false,"path_taken":["M","M","M","M","M","E","M","R","T","M","R","M","?","M","R","BOSS"],"build_version":"2018-01-11-PROD2","purchased_purges":0,"victory":false,"master_deck":["Strike_R","Strike_R","Strike_R","Strike_R","Strike_R","Defend_R","Defend_R","Defend_R","Bash","Armaments","Warcry","Dual Wield","True Grit","Seeing Red","Offering","Feel No Pain","Perfected Strike","Rampage","Reaper","Doubt","Fire Breathing"],"max_hp_per_floor":[80,80,80,80,80,80,80,80,80,80,80,80,80,80,80],"relics":["Burning Blood","Mercury Hourglass","Shuriken"],"campfire_meditates":0,"card_choices":[{"not_picked":["Thunderclap","Cleave"],"picked":"Warcry"},{"not_picked":["Perfected Strike","Sever Soul"],"picked":"Dual Wield"},{"not_picked":["Bloodletting","Shrug It Off"],"picked":"True Grit"},{"not_picked":["Warcry","Twin Strike"],"picked":"Seeing Red"},{"not_picked":["Heavy Blade","Anger"],"picked":"Offering"},{"not_picked":["Body Slam","Anger"],"picked":"Feel No Pain"},{"not_picked":["Seeing Red","Wild Strike"],"picked":"Perfected Strike"},{"not_picked":["Cleave","True Grit"],"picked":"Rampage"},{"not_picked":["Disarm","Second Wind"],"picked":"Reaper"},{"not_picked":["Pummel","Heavy Blade"],"picked":"Fire Breathing"}],"player_experience":39625,"potions_floor_usage":[6,6,7,14,16],"damage_taken":[{"damage":2,"enemies":"2 Louse","floor":1,"turns":2},{"damage":0,"enemies":"Small Slimes","floor":2,"turns":4},{"damage":1,"enemies":"Cultist","floor":3,"turns":3},{"damage":16,"enemies":"2 Fungi Beasts","floor":4,"turns":4},{"damage":15,"enemies":"Exordium Wildlife","floor":5,"turns":5},{"damage":43,"enemies":"3 Sentries","floor":6,"turns":9},{"damage":5,"enemies":"Looter","floor":7,"turns":4},{"damage":7,"enemies":"2 Fungi Beasts","floor":10,"turns":3},{"damage":12,"enemies":"Red Slaver","floor":12,"turns":2},{"damage":17,"enemies":"Exordium Thugs","floor":14,"turns":5},{"damage":59,"enemies":"Slime Boss","floor":16,"turns":9}],"event_choices":[{"event_name":"Liars Game","player_choice":"agreed","floor":13,"damage_taken":0}],"boss_relics":[],"potions_floor_spawned":[2,4,5,7,14],"seed_played":"5813268785814861698","killed_by":"Slime Boss","is_trial":false}