{"gold_per_floor":[112,112,135,135,83,83,258,294,294,308,12,25,66,89,89,215,215,240,339,354,354],"floor_reached":21,"playtime":1202,"items_purged":[],"score":314,"play_id":"b780d51a-1526-4fce-bc5e-a4f07b25fca5","local_time":"20190406145841","is_ascension_mode":true,"campfire_choices":[{"floor":6,"key":"REST"},{"floor":15,"key":"REST"}],"neow_cost":"NONE","seed_source_timestamp":1905492529218100,"circlet_count":0,"master_deck":["Defend_G","Defend_G","Defend_G","Defend_G","Defend_G","Strike_G","Strike_G","Strike_G","Strike_G","Strike_G","Survivor","Neutralize","Deadly Poison","Poisoned Stab","PiercingWail","Doubt","Deadly Poison","Deadly Poison","Bouncing Flask","Well Laid Plans+1","Sucker Punch","Deadly Poison","Tools of the Trade+1","Poisoned Stab"],"relics":["Ring of the Snake","NeowsBlessing","Golden Idol","Snake Skull","Vajra","Dream Catcher","Frozen Egg 2","The Courier","Runic Dome"],"potions_floor_usage":[16,16,16],"damage_taken":[{"damage":0,"enemies":"Cultist","floor":1,"turns":1},{"damage":0,"enemies":"Small Slimes","floor":3,"turns":1},{"damage":0,"enemies":"Lagavulin","floor":8,"turns":1},{"damage":0,"enemies":"2 Louse","floor":10,"turns":3},{"damage":7,"enemies":"Large Slime","floor":12,"turns":5},{"damage":15,"enemies":"3 Sentries","floor":13,"turns":7},{"damage":8,"enemies":"Looter","floor":14,"turns":3},{"damage":50,"enemies":"Slime Boss","floor":16,"turns":13},{"damage":0,"enemies":"Spheric Guardian","floor":18,"turns":2},{"damage":15,"enemies":"Shell Parasite","floor":20,"turns":5},{"damage":44,"enemies":"Shelled Parasite and Fungi","floor":21,"turns":3}],"seed_played":"8886422043858235927","potions_obtained":[{"floor":3,"key":"EssenceOfSteel"},{"floor":10,"key":"Dexterity Potion"},{"floor":13,"key":"GamblersBrew"}],"is_trial":false,"path_per_floor":["M","?","M","?","$","R","?","E","T","M","$","M","E","M","R","B",null,"M","?","M","M"],"character_chosen":"THE_SILENT","items_purchased":["PiercingWail","Frozen Egg 2","Bouncing Flask"],"campfire_rested":2,"item_purchase_floors":[5,11,11],"current_hp_per_floor":[63,46,46,39,39,60,60,60,60,60,60,53,38,30,51,1,53,53,53,38,0],"gold":354,"neow_bonus":"THREE_ENEMY_KILL","is_prod":false,"is_daily":false,"chose_seed":false,"campfire_upgraded":0,"win_rate":0,"timestamp":1554577121,"path_taken":["M","?","M","?","$","R","?","E","T","M","$","M","E","M","R","BOSS","M","?","M","M"],"build_version":"2019-01-23","purchased_purges":0,"victory":false,"max_hp_per_floor":[70,70,70,70,70,70,70,70,70,70,70,70,70,70,70,70,70,70,70,70,70],"card_choices":[{"not_picked":["Poisoned Stab","Quick Slash"],"picked":"Deadly Poison","floor":1},{"not_picked":["Riddle With Holes","Deflect"],"picked":"Poisoned Stab","floor":3},{"not_picked":["Cloak And Dagger","Predator"],"picked":"Deadly Poison","floor":8},{"not_picked":["Masterful Stab","Backstab"],"picked":"Deadly Poison","floor":10},{"not_picked":["Poisoned Stab","Die Die Die"],"picked":"Well Laid Plans+1","floor":12},{"not_picked":["Dash","Finisher","Cloak And Dagger"],"picked":"SKIP","floor":13},{"not_picked":["Expertise","Riddle With Holes"],"picked":"Sucker Punch","floor":14},{"not_picked":["Outmaneuver","Dagger Throw"],"picked":"Deadly Poison","floor":15},{"not_picked":["Envenom+1","Unload"],"picked":"Tools of the Trade+1","floor":16},{"not_picked":["Slice+1","Skewer+1"],"picked":"Poisoned Stab","floor":18},{"not_picked":["Blade Dance","Quick Slash+1","Underhanded Strike"],"picked":"SKIP","floor":20}],"player_experience":279693,"relics_obtained":[{"floor":8,"key":"Vajra"},{"floor":9,"key":"Dream Catcher"},{"floor":13,"key":"The Courier"}],"event_choices":[{"damage_healed":0,"gold_gain":0,"player_choice":"Take Damage","damage_taken":17,"relics_obtained":["Golden Idol"],"max_hp_gain":0,"max_hp_loss":0,"event_name":"Golden Idol","floor":2,"gold_loss":0},{"damage_healed":0,"gold_gain":0,"player_choice":"Success","damage_taken":7,"relics_obtained":["Snake Skull"],"max_hp_gain":0,"max_hp_loss":0,"event_name":"Scrap Ooze","floor":4,"gold_loss":0},{"damage_healed":0,"gold_gain":175,"player_choice":"AGREE","damage_taken":0,"max_hp_gain":0,"max_hp_loss":0,"event_name":"Liars Game","floor":7,"gold_loss":0,"cards_obtained":["Doubt"]},{"damage_healed":0,"gold_gain":99,"player_choice":"Stole From Cult","damage_taken":0,"max_hp_gain":0,"max_hp_loss":0,"event_name":"Nest","floor":19,"gold_loss":0}],"is_beta":false,"boss_relics":[{"not_picked":["Velvet Choker","Tiny House"],"picked":"Runic Dome"}],"items_purged_floors":[],"is_endless":false,"potions_floor_spawned":[3,10,13],"killed_by":"Shelled Parasite and Fungi","ascension_level":7}