{"gold_per_floor":[110,110,197,255,283,326,338,350,362,389,420,432,470,482,494,609,621,650,672,702,733,845,857,883,265,291,291,303,329,329,345,345,446,446,464,564,58,77,89,89],"floor_reached":40,"playtime":2182,"items_purged":["Regret","Decay"],"score":468,"play_id":"4583587c-3af7-4cde-bb43-909d3a2e642a","local_time":"20190228075637","is_ascension_mode":false,"campfire_choices":[{"data":"Defragment","floor":8,"key":"SMITH"},{"floor":12,"key":"REST"},{"data":"Streamline","floor":15,"key":"SMITH"},{"floor":23,"key":"REST"},{"floor":27,"key":"REST"},{"floor":32,"key":"REST"}],"neow_cost":"NONE","seed_source_timestamp":998301885035841,"circlet_count":0,"master_deck":["Strike_B","Strike_B","Strike_B","Strike_B","Defend_B","Defend_B","Defend_B","Defend_B","Zap+1","Dualcast+1","Streamline+1","Ball Lightning","Defragment+1","Gash","White Noise","Lockon","Core Surge","Hologram+1","Barrage+1","Double Energy","Gash+1","Sunder+1","Gash","Discovery","Gash","Capacitor+1","Stack","Seek","Gash+1","Lockon","Beam Cell+1","Gash"],"relics":["Cracked Core","Bag of Marbles","MawBank","Ornamental Fan","Blood Vial","Bag of Preparation","Kunai","Happy Flower","Dodecahedron","Eternal Feather","Matryoshka","Pen Nib","War Paint","Centennial Puzzle","Smiling Mask","Cursed Key","Calipers","Symbiotic Virus","Runic Capacitor"],"potions_floor_usage":[11,18,24,29,33,33,38],"damage_taken":[{"damage":1,"enemies":"Cultist","floor":1,"turns":3},{"damage":8,"enemies":"Jaw Worm","floor":5,"turns":2},{"damage":20,"enemies":"Lagavulin","floor":6,"turns":5},{"damage":12,"enemies":"Small Slimes","floor":10,"turns":2},{"damage":9,"enemies":"Gremlin Gang","floor":11,"turns":2},{"damage":15,"enemies":"3 Sentries","floor":13,"turns":3},{"damage":41,"enemies":"Hexaghost","floor":16,"turns":9},{"damage":7,"enemies":"Chosen","floor":18,"turns":4},{"damage":18,"enemies":"Spheric Guardian","floor":19,"turns":4},{"damage":12,"enemies":"Shelled Parasite and Fungi","floor":20,"turns":4},{"damage":29,"enemies":"Snecko","floor":21,"turns":5},{"damage":32,"enemies":"Cultist and Chosen","floor":24,"turns":6},{"damage":1,"enemies":"Centurion and Healer","floor":28,"turns":4},{"damage":19,"enemies":"Book of Stabbing","floor":29,"turns":4},{"damage":21,"enemies":"Snake Plant","floor":31,"turns":2},{"damage":51,"enemies":"Collector","floor":33,"turns":7},{"damage":8,"enemies":"3 Shapes","floor":35,"turns":2},{"damage":50,"enemies":"Mind Bloom Boss Battle","floor":36,"turns":7},{"damage":6,"enemies":"Orb Walker","floor":38,"turns":2},{"damage":0,"enemies":"3 Darklings","floor":39,"turns":2},{"damage":37,"enemies":"Nemesis","floor":40,"turns":2}],"seed_played":"3359004813073178484","potions_obtained":[{"floor":6,"key":"Fire Potion"},{"floor":16,"key":"PowerPotion"},{"floor":21,"key":"Swift Potion"},{"floor":24,"key":"Weak Potion"},{"floor":28,"key":"Poison Potion"},{"floor":31,"key":"FocusPotion"},{"floor":33,"key":"Energy Potion"},{"floor":36,"key":"AttackPotion"}],"is_trial":false,"path_per_floor":["M","?","T","T","M","E","$","R","T","M","M","R","E","T","R","B",null,"M","M","M","M","?","R","M","$","T","R","M","E","?","M","R","B",null,"M","?","$","M","M","E"],"character_chosen":"DEFECT","items_purchased":["Gash","Matryoshka","Pen Nib","Discovery","Symbiotic Virus","Runic Capacitor"],"campfire_rested":4,"item_purchase_floors":[25,25,25,25,37,37],"current_hp_per_floor":[74,74,74,74,67,49,49,49,49,39,32,54,41,41,41,2,75,68,52,42,15,15,49,19,19,19,53,54,37,37,18,55,6,75,67,19,19,15,17,0],"gold":89,"neow_bonus":"RANDOM_COMMON_RELIC","is_prod":false,"is_daily":false,"chose_seed":false,"campfire_upgraded":2,"win_rate":0.0,"timestamp":1551362197,"path_taken":["M","?","?","?","M","E","?","R","T","?","M","R","E","?","R","BOSS","M","M","M","?","?","R","?","?","T","R","?","E","?","M","R","BOSS","M","?","$","M","M","E"],"build_version":"2019-01-23","purchased_purges":2,"victory":false,"max_hp_per_floor":[75,75,75,75,75,75,75,75,75,75,75,75,75,75,75,75,75,75,75,75,75,75,75,75,75,75,75,75,75,75,75,75,75,75,75,75,75,75,75,75],"card_choices":[{"not_picked":["Leap","Recycle"],"picked":"Streamline","floor":1},{"not_picked":["Beam Cell","Leap"],"picked":"Ball Lightning","floor":5},{"not_picked":["Steam","Reinforced Body"],"picked":"Defragment","floor":6},{"not_picked":["Storm","Leap"],"picked":"Gash","floor":10},{"not_picked":["FTL","Coolheaded"],"picked":"White Noise","floor":11},{"not_picked":["Hologram","Core Surge"],"picked":"Lockon","floor":13},{"not_picked":["Machine Learning","Reboot"],"picked":"Core Surge","floor":16},{"not_picked":["Aggregate","Stack"],"picked":"Hologram+1","floor":18},{"not_picked":["Beam Cell","Stack"],"picked":"Barrage+1","floor":19},{"not_picked":["Consume","Cold Snap"],"picked":"Double Energy","floor":20},{"not_picked":["Chaos","Melter"],"picked":"Gash+1","floor":21},{"not_picked":["Go for the Eyes","Undo"],"picked":"Sunder+1","floor":24},{"not_picked":["Turbo","Ball Lightning+1"],"picked":"Gash","floor":28},{"not_picked":["Barrage","Blizzard+1"],"picked":"Capacitor+1","floor":29},{"not_picked":["Reinforced Body","Turbo+1"],"picked":"Stack","floor":31},{"not_picked":["Reboot","Biased Cognition"],"picked":"Seek","floor":33},{"not_picked":["Sweeping Beam","Coolheaded+1"],"picked":"Gash+1","floor":35},{"not_picked":["Redo","Turbo"],"picked":"Lockon","floor":36},{"not_picked":["Biased Cognition","Doom and Gloom"],"picked":"Beam Cell+1","floor":38},{"not_picked":["Stack","Sweeping Beam"],"picked":"Gash","floor":39}],"player_experience":103989,"relics_obtained":[{"floor":3,"key":"Ornamental Fan"},{"floor":4,"key":"Blood Vial"},{"floor":6,"key":"Bag of Preparation"},{"floor":9,"key":"Kunai"},{"floor":13,"key":"Happy Flower"},{"floor":14,"key":"Dodecahedron"},{"floor":26,"key":"War Paint"},{"floor":26,"key":"Centennial Puzzle"},{"floor":29,"key":"Smiling Mask"},{"floor":36,"key":"Calipers"}],"event_choices":[{"damage_healed":0,"gold_gain":0,"player_choice":"Box","damage_taken":0,"relics_obtained":["MawBank"],"max_hp_gain":0,"max_hp_loss":0,"event_name":"Big Fish","floor":2,"gold_loss":0,"cards_obtained":["Regret"]},{"damage_healed":0,"gold_gain":100,"player_choice":"Pray","damage_taken":0,"max_hp_gain":0,"max_hp_loss":0,"event_name":"Golden Shrine","floor":22,"gold_loss":0},{"damage_healed":0,"gold_gain":0,"player_choice":"Cursed","damage_taken":0,"max_hp_gain":0,"max_hp_loss":0,"event_name":"Wheel of Change","floor":30,"gold_loss":0,"cards_obtained":["Decay"]},{"damage_healed":0,"gold_gain":0,"player_choice":"Fight","damage_taken":0,"max_hp_gain":0,"max_hp_loss":0,"event_name":"MindBloom","floor":36,"gold_loss":0}],"is_beta":false,"boss_relics":[{"not_picked":["FrozenCore","Ectoplasm"],"picked":"Eternal Feather"},{"not_picked":["Black Star","Empty Cage"],"picked":"Cursed Key"}],"items_purged_floors":[25,37],"is_endless":false,"potions_floor_spawned":[6,16,21,24,28,31,33,36],"killed_by":"Nemesis","ascension_level":0}