{"gold_per_floor":[112,62,62,22,22,47,47,82,107,107,136,58,69,89,89,89],"floor_reached":16,"playtime":382,"items_purged":[],"score":131,"play_id":"0bf750ec-b2fa-436e-99be-5a8716853ed0","local_time":"20180714181755","is_ascension_mode":true,"campfire_choices":[{"floor":7,"key":"REST"},{"floor":10,"key":"REST"},{"floor":15,"key":"REST"}],"neow_cost":"","seed_source_timestamp":217501593205439,"circlet_count":0,"master_deck":["Strike_B","Strike_B","Strike_B","Defend_B","Defend_B+1","Defend_B","Defend_B","Zap+1","Dualcast","Sweeping Beam","Defragment","Thunder Strike","Auto Shields","Tempest","Fusion","Self Repair","Conserve Battery","Double Energy"],"relics":["Cracked Core","GremlinMask","Boot","Regal Pillow","Dream Catcher","Symbiotic Virus","Odd Mushroom"],"potions_floor_usage":[16],"damage_taken":[{"damage":1,"enemies":"Cultist","floor":1,"turns":3},{"damage":17,"enemies":"Lagavulin","floor":6,"turns":7},{"damage":38,"enemies":"Gremlin Nob","floor":8,"turns":4},{"damage":14,"enemies":"Lagavulin","floor":11,"turns":5},{"damage":7,"enemies":"Jaw Worm","floor":13,"turns":2},{"damage":35,"floor":14,"turns":4},{"damage":46,"enemies":"Hexaghost","floor":16,"turns":9}],"seed_played":"5710148590701528303","potions_obtained":[{"floor":8,"key":"SneckoOil"},{"floor":14,"key":"Explosive Potion"}],"is_trial":false,"path_per_floor":["M","?","?","$","?","E","R","E","T","R","E","$","M","?","R"],"character_chosen":"DEFECT","items_purchased":["Defragment","Self Repair"],"campfire_rested":3,"item_purchase_floors":[4,12],"current_hp_per_floor":[74,74,59,59,59,42,64,26,26,63,49,49,42,7,44,0],"gold":89,"neow_bonus":"","is_prod":false,"is_daily":false,"chose_seed":false,"campfire_upgraded":0,"win_rate":0,"timestamp":1531585075,"path_taken":["M","?","?","?","?","E","R","E","T","R","E","$","M","?","R","BOSS"],"build_version":"2018-07-13","purchased_purges":0,"victory":false,"max_hp_per_floor":[75,75,75,75,75,75,75,75,75,75,75,75,75,75,75,75],"card_choices":[{"not_picked":["Redo","Undo"],"picked":"Sweeping Beam","floor":1},{"not_picked":["Barrage","Coolheaded"],"picked":"Thunder Strike","floor":6},{"not_picked":["Gash","Stack"],"picked":"Auto Shields","floor":8},{"not_picked":["Compile Driver","Beam Cell"],"picked":"Tempest","floor":10},{"not_picked":["Conserve Battery","Lockon"],"picked":"Fusion","floor":11},{"not_picked":["Hyperbeam","Sweeping Beam","Gash"],"picked":"SKIP","floor":13},{"not_picked":["Hologram","Force Field"],"picked":"Conserve Battery","floor":14},{"not_picked":["Sweeping Beam","Biased Cognition"],"picked":"Double Energy","floor":15}],"player_experience":54906,"relics_obtained":[{"floor":6,"key":"Boot"},{"floor":8,"key":"Regal Pillow"},{"floor":9,"key":"Dream Catcher"},{"floor":11,"key":"Symbiotic Virus"},{"floor":14,"key":"Odd Mushroom"}],"event_choices":[{"event_name":"The Cleric","player_choice":"Card Removal","floor":2,"damage_taken":0},{"event_name":"Shining Light","player_choice":"Entered Light","floor":3,"damage_taken":0},{"event_name":"FaceTrader","player_choice":"Trade","floor":5,"damage_taken":0},{"event_name":"Mushrooms","player_choice":"Fought Mushrooms","floor":14,"damage_taken":0}],"boss_relics":[],"items_purged_floors":[],"is_endless":false,"potions_floor_spawned":[8,14],"killed_by":"Hexaghost","ascension_level":3}