{"gold_per_floor":[109,109,109,122,132,159,159,172,172,172,172,172,185,200,200,300,300,312,215,230,330,330,330,330,121,121,136,167,167,186,198,198,198],"floor_reached":33,"playtime":1758,"items_purged":["Normality"],"score":280,"play_id":"ac3726da-0c09-4141-9a05-abb2aa8e283c","local_time":"20180815175015","is_ascension_mode":true,"campfire_choices":[{"floor":7,"key":"REST"},{"data":"Flex","floor":10,"key":"SMITH"},{"data":"Armaments","floor":15,"key":"SMITH"},{"floor":24,"key":"REST"},{"floor":29,"key":"REST"},{"floor":32,"key":"REST"}],"neow_cost":"NONE","seed_source_timestamp":1478159699772025,"circlet_count":0,"master_deck":["Strike_R","Strike_R","Strike_R","Strike_R+1","Strike_R+1","Defend_R","Defend_R","Defend_R","Bash","Flex+1","Flex+1","Armaments+1","Cleave","Bludgeon+1","Metallicize","Limit Break","Dropkick+1","Perfected Strike+1","Thunderclap+1","Rampage+1","Perfected Strike+1","Shrug It Off+1","Perfected Strike+1","Inflame+1"],"relics":["Burning Blood","NeowsBlessing","Pantograph","Molten Egg 2","Centennial Puzzle","Runic Cube","Sling","Prayer Wheel","Whetstone"],"potions_floor_usage":[13,16,18,18,33,33],"damage_taken":[{"damage":0,"enemies":"2 Louse","floor":1,"turns":1},{"damage":0,"enemies":"Cultist","floor":4,"turns":1},{"damage":0,"enemies":"Jaw Worm","floor":5,"turns":1},{"damage":40,"enemies":"3 Sentries","floor":6,"turns":13},{"damage":8,"enemies":"2 Fungi Beasts","floor":8,"turns":3},{"damage":13,"enemies":"Gremlin Gang","floor":13,"turns":3},{"damage":8,"enemies":"Exordium Thugs","floor":14,"turns":6},{"damage":44,"enemies":"Hexaghost","floor":16,"turns":9},{"damage":10,"enemies":"Spheric Guardian","floor":18,"turns":3},{"damage":27,"enemies":"3 Byrds","floor":20,"turns":6},{"damage":21,"enemies":"Centurion and Healer","floor":27,"turns":5},{"damage":33,"enemies":"Book of Stabbing","floor":28,"turns":3},{"damage":34,"enemies":"Chosen and Byrds","floor":30,"turns":5},{"damage":31,"enemies":"Cultist and Chosen","floor":31,"turns":5},{"damage":78,"enemies":"Automaton","floor":33,"turns":8}],"seed_played":"1061851032016644250","potions_obtained":[{"floor":6,"key":"Ancient Potion"},{"floor":8,"key":"Explosive Potion"},{"floor":13,"key":"SteroidPotion"},{"floor":16,"key":"Strength Potion"},{"floor":18,"key":"FairyPotion"},{"floor":28,"key":"BloodPotion"},{"floor":30,"key":"Energy Potion"}],"is_trial":false,"path_per_floor":["M","?","?","M","M","E","R","M","T","R","?","?","M","M","R","B",null,"M","$","M","?","?","?","R","$","T","M","E","R","M","M","R"],"character_chosen":"IRONCLAD","items_purchased":["Perfected Strike+1","Sling"],"campfire_rested":4,"item_purchase_floors":[19,25],"current_hp_per_floor":[80,80,80,80,80,46,70,68,68,68,68,68,61,59,59,42,80,76,76,55,55,40,40,65,65,65,50,23,48,20,14,39,0],"gold":198,"neow_bonus":"THREE_ENEMY_KILL","is_prod":false,"is_daily":false,"chose_seed":false,"campfire_upgraded":2,"win_rate":0,"timestamp":1534348215,"path_taken":["M","?","?","M","?","E","R","M","T","R","?","?","M","M","R","BOSS","M","$","M","?","?","?","R","$","T","M","E","R","M","M","R","BOSS"],"build_version":"2018-08-09","purchased_purges":1,"victory":false,"max_hp_per_floor":[80,80,80,80,80,80,80,80,80,80,80,80,80,80,80,80,80,80,80,80,80,85,85,85,85,85,85,85,85,85,85,85,85],"card_choices":[{"not_picked":["Armaments","Warcry"],"picked":"Flex","floor":1},{"not_picked":["Perfected Strike","Sword Boomerang"],"picked":"Flex","floor":4},{"not_picked":["Twin Strike","Pommel Strike"],"picked":"Armaments","floor":5},{"not_picked":["Spot Weakness","Headbutt"],"picked":"Cleave","floor":6},{"not_picked":["Pummel","Havoc","Anger"],"picked":"SKIP","floor":8},{"not_picked":["Power Through","Rupture"],"picked":"Bludgeon+1","floor":13},{"not_picked":["Pommel Strike+1","Cleave+1"],"picked":"Metallicize","floor":14},{"not_picked":["Feed+1","Brutality"],"picked":"Limit Break","floor":16},{"not_picked":["Sword Boomerang+1","Headbutt+1"],"picked":"Dropkick+1","floor":18},{"not_picked":["Wild Strike+1","Pommel Strike+1"],"picked":"Thunderclap+1","floor":20},{"not_picked":["Sword Boomerang+1","Wild Strike+1","Armaments"],"picked":"SKIP","floor":27},{"not_picked":["Offering","Clash+1","Armaments+1"],"picked":"SKIP","floor":27},{"not_picked":["Headbutt+1","Dual Wield"],"picked":"Rampage+1","floor":28},{"not_picked":["Pommel Strike+1","Body Slam+1"],"picked":"Perfected Strike+1","floor":30},{"not_picked":["Second Wind","Iron Wave+1"],"picked":"Shrug It Off+1","floor":30},{"not_picked":["Havoc","Clash+1"],"picked":"Perfected Strike+1","floor":31},{"not_picked":["True Grit","Wild Strike+1"],"picked":"Inflame+1","floor":31}],"player_experience":155580,"relics_obtained":[{"floor":6,"key":"Pantograph"},{"floor":9,"key":"Molten Egg 2"},{"floor":26,"key":"Prayer Wheel"},{"floor":28,"key":"Whetstone"}],"event_choices":[{"event_name":"Upgrade Shrine","player_choice":"Upgraded","floor":2,"damage_taken":0},{"event_name":"The Woman in Blue","player_choice":"Bought 0 Potions","floor":3,"damage_taken":0},{"event_name":"Accursed Blacksmith","player_choice":"Rummage","floor":11,"damage_taken":0},{"event_name":"Golden Wing","player_choice":"Ignored","floor":12,"damage_taken":0},{"event_name":"Golden Shrine","player_choice":"Pray","floor":21,"damage_taken":0},{"event_name":"Forgotten Altar","player_choice":"Shed Blood","floor":22,"damage_taken":0},{"event_name":"Purifier","player_choice":"One Purge","floor":23,"damage_taken":0}],"is_beta":false,"boss_relics":[{"not_picked":["Mark of Pain","Calling Bell"],"picked":"Runic Cube"}],"items_purged_floors":[19],"is_endless":false,"potions_floor_spawned":[6,8,13,16,18,28,30],"killed_by":"Automaton","ascension_level":1}