{"gold_per_floor":[118,118,71,88,98,131,131,143,215,245,257,257,357,373,373,470,470,483,398,398,398,408,437,437,469,492,213,213,59,59,71,71,175,175,193,210,210,222,5,5],"floor_reached":40,"playtime":2472,"items_purged":[],"score":509,"play_id":"ce5e3a26-2679-44d0-bfe1-978001647e24","local_time":"20190218155348","is_ascension_mode":false,"campfire_choices":[{"floor":15.0,"key":"REST"},{"data":"Storm","floor":24,"key":"SMITH"},{"data":"Defragment","floor":28,"key":"SMITH"},{"data":"Enlightenment","floor":30,"key":"SMITH"},{"floor":32,"key":"REST"}],"neow_cost":"NONE","seed_source_timestamp":0,"circlet_count":0,"master_deck":["Strike_B","Strike_B+1","Strike_B+1","Defend_B","Defend_B","Defend_B","Defend_B","Zap+1","Dualcast","Barrage","Ball Lightning","Force Field","Genetic Algorithm+1","Lockon","Force Field","Cold Snap","Coolheaded","Storm+1","Electrodynamics","Conserve Battery+1","Streamline+1","FTL+1","Doom and Gloom","Defragment+1","Darkness","Redo","Enlightenment+1","Defragment","Thunder Strike","Darkness","Barrage","Redo","Loop+1","White Noise","Seek","Auto Shields+1","Conserve Battery+1","Rebound"],"special_seed":0,"relics":["Cracked Core","Vajra","Incense Burner","Happy Flower","Dodecahedron","Kunai","Nuclear Battery","Nunchaku","Pear","Bottled Tornado","Mango","Oddly Smooth Stone","Whetstone","Orrery","Strange Spoon"],"potions_floor_usage":[23],"damage_taken":[{"damage":1.0,"enemies":"Cultist","floor":1.0,"turns":3.0},{"damage":0.0,"enemies":"Small Slimes","floor":4.0,"turns":2.0},{"damage":0.0,"enemies":"2 Louse","floor":5.0,"turns":2.0},{"damage":15.0,"enemies":"Gremlin Nob","floor":6.0,"turns":4.0},{"damage":13.0,"enemies":"Red Slaver","floor":8.0,"turns":3.0},{"damage":18.0,"enemies":"Lagavulin","floor":10.0,"turns":5.0},{"damage":0.0,"enemies":"Blue Slaver","floor":11.0,"turns":3.0},{"damage":5.0,"enemies":"Exordium Thugs","floor":14.0,"turns":4.0},{"damage":20.0,"enemies":"Hexaghost","floor":16.0,"turns":12.0},{"damage":1.0,"enemies":"Shell Parasite","floor":18.0,"turns":4.0},{"damage":14,"enemies":"3 Byrds","floor":22,"turns":3},{"damage":0,"enemies":"Gremlin Leader","floor":23,"turns":6},{"damage":24,"enemies":"Book of Stabbing","floor":25,"turns":5},{"damage":26,"enemies":"Centurion and Healer","floor":31,"turns":6},{"damage":51,"enemies":"Champ","floor":33,"turns":11},{"damage":9,"enemies":"3 Shapes","floor":35,"turns":3},{"damage":7,"enemies":"Orb Walker","floor":36,"turns":3},{"damage":40,"enemies":"3 Darklings","floor":38,"turns":3},{"damage":56,"enemies":"Nemesis","floor":40,"turns":6}],"seed_played":"-6509480706698426703","potions_obtained":[{"floor":1.0,"key":"Fire Potion"},{"floor":4.0,"key":"Poison Potion"},{"floor":14.0,"key":"Weak Potion"},{"floor":16.0,"key":"Poison Potion"},{"floor":22,"key":"Fruit Juice"},{"floor":23,"key":"Energy Potion"},{"floor":36,"key":"FearPotion"}],"is_trial":false,"path_per_floor":["M","?","$","M","M","E","?","M","T","E","M","?","?","M","R","B",null,"M","?","T","?","M","E","R","E","T","$","R","$","R","M","R","B",null,"M","M","?","M","$","E"],"character_chosen":"DEFECT","items_purchased":["Ball Lightning","Defragment","Darkness","Redo","Enlightenment","Whetstone","Strange Spoon","Rebound"],"campfire_rested":2,"item_purchase_floors":[3,27,27,27,27,29,39,39],"current_hp_per_floor":[74,74,74,74,74,59,59,46,46,28,28,13,13,8,30,10,75,74,74,84,84,70,75,75,65,65,65,65,65,65,39,70,19,104,95,88,88,48,48,0],"gold":5,"neow_bonus":"RANDOM_COMMON_RELIC","is_prod":false,"is_daily":false,"chose_seed":false,"campfire_upgraded":3,"win_rate":0.0,"timestamp":1550526828,"path_taken":["M","?","$","?","M","E","?","M","T","E","M","?","?","?","R","BOSS","M","?","?","?","?","E","R","E","T","$","R","$","R","M","R","BOSS","M","M","?","M","$","E"],"build_version":"2019-01-23","purchased_purges":0,"victory":false,"max_hp_per_floor":[75,75,75,75,75,75,75,75,75,75,75,75,75,75,75,75,75,75,75,85,85,85,90,90,104,104,104,104,104,104,104,104,104,104,104,104,104,104,104,104],"card_choices":[{"not_picked":["BootSequence","Go for the Eyes"],"picked":"Barrage","floor":1.0},{"not_picked":["Go for the Eyes","Coolheaded"],"picked":"Force Field","floor":4.0},{"not_picked":["Leap","BootSequence"],"picked":"Genetic Algorithm","floor":5.0},{"not_picked":["Sweeping Beam","Hologram"],"picked":"Lockon","floor":6.0},{"not_picked":["Stack","Core Surge"],"picked":"Force Field","floor":8.0},{"not_picked":["Stack","Chill"],"picked":"Cold Snap","floor":10.0},{"not_picked":["Steam Power","Barrage"],"picked":"Coolheaded","floor":11.0},{"not_picked":["Beam Cell","Force Field"],"picked":"Storm","floor":14.0},{"not_picked":["Machine Learning","Fission"],"picked":"Electrodynamics","floor":16.0},{"not_picked":["Barrage","Go for the Eyes"],"picked":"Conserve Battery+1","floor":18},{"not_picked":["Conserve Battery+1","Sweeping Beam"],"picked":"Streamline+1","floor":22},{"not_picked":["Tempest","Beam Cell"],"picked":"FTL+1","floor":23},{"not_picked":["Beam Cell","Turbo"],"picked":"Doom and Gloom","floor":25},{"not_picked":["Sweeping Beam","Streamline"],"picked":"Defragment","floor":31},{"not_picked":["Amplify","Meteor Strike"],"picked":"Thunder Strike","floor":33},{"not_picked":["Go for the Eyes","Consume"],"picked":"Darkness","floor":34},{"not_picked":["Aggregate","Cold Snap+1"],"picked":"Barrage","floor":34},{"not_picked":["Stack","Chaos"],"picked":"Redo","floor":34},{"not_picked":["Coolheaded+1","Conserve Battery"],"picked":"Loop+1","floor":34},{"not_picked":["Undo+1","Beam Cell+1"],"picked":"White Noise","floor":34},{"not_picked":["Sweeping Beam","Beam Cell"],"picked":"Seek","floor":35},{"not_picked":["Aggregate+1","Cold Snap+1"],"picked":"Auto Shields+1","floor":36},{"not_picked":["Steam Power","Gash"],"picked":"Conserve Battery+1","floor":38}],"player_experience":29635,"relics_obtained":[{"floor":6.0,"key":"Incense Burner"},{"floor":9.0,"key":"Dodecahedron"},{"floor":10.0,"key":"Kunai"},{"floor":20,"key":"Pear"},{"floor":23,"key":"Bottled Tornado"},{"floor":25,"key":"Mango"},{"floor":26,"key":"Oddly Smooth Stone"}],"event_choices":[{"cards_removed":["Strike_B"],"damage_healed":0.0,"max_hp_gain":0.0,"max_hp_loss":0.0,"gold_gain":0.0,"event_name":"Wheel of Change","player_choice":"Card Removal","floor":2.0,"gold_loss":0.0,"damage_taken":0.0},{"damage_healed":0.0,"max_hp_gain":0.0,"max_hp_loss":0.0,"gold_gain":0.0,"event_name":"Dead Adventurer","player_choice":"Searched \u00271\u0027 times","floor":7.0,"gold_loss":0.0,"damage_taken":0.0,"relics_obtained":["Happy Flower"]},{"damage_healed":0.0,"max_hp_gain":0.0,"max_hp_loss":0.0,"gold_gain":0.0,"event_name":"Shining Light","player_choice":"Entered Light","floor":12.0,"gold_loss":0.0,"damage_taken":15.0,"cards_upgraded":["Zap","Genetic Algorithm"]},{"damage_healed":0.0,"max_hp_gain":0.0,"max_hp_loss":0.0,"gold_gain":100.0,"event_name":"Golden Shrine","player_choice":"Pray","floor":13.0,"gold_loss":0.0,"damage_taken":0.0},{"damage_healed":0,"gold_gain":0,"player_choice":"Obtained Relic","damage_taken":0,"relics_obtained":["Nunchaku"],"max_hp_gain":0,"max_hp_loss":0,"event_name":"Addict","floor":19,"gold_loss":85},{"damage_healed":0,"gold_gain":0,"player_choice":"Ignored","damage_taken":0,"max_hp_gain":0,"max_hp_loss":0,"event_name":"Ghosts","floor":21,"gold_loss":0},{"damage_healed":0,"gold_gain":0,"player_choice":"Bought 0 Potions","damage_taken":0,"max_hp_gain":0,"max_hp_loss":0,"event_name":"The Woman in Blue","floor":37,"gold_loss":0}],"is_beta":false,"boss_relics":[{"not_picked":["Runic Pyramid","Fusion Hammer"],"picked":"Nuclear Battery"},{"not_picked":["FrozenCore","Empty Cage"],"picked":"Orrery"}],"items_purged_floors":[],"is_endless":false,"potions_floor_spawned":[1,4,14,16,22,23,36],"killed_by":"Nemesis","ascension_level":0}