{"gold_per_floor":[209,224,224,224,240,274,274,290,290,290,301,358,358],"floor_reached":13,"playtime":671,"items_purged":[],"score":95,"play_id":"95c261cc-55be-4d79-aaf0-0df906e276f7","local_time":"20181231134726","is_ascension_mode":false,"campfire_choices":[{"floor":7,"key":"REST"},{"floor":10,"key":"REST"}],"neow_cost":"NONE","seed_source_timestamp":255071992097385,"circlet_count":0,"master_deck":["Strike_B","Strike_B","Strike_B","Strike_B","Defend_B","Defend_B","Defend_B","Defend_B","Zap","Dualcast","Genetic Algorithm","Static Discharge","Tempest","Coolheaded","Seek","Turbo","Auto Shields","Storm"],"relics":["Cracked Core","Bronze Scales","Gambling Chip","Darkstone Periapt","Tiny Chest"],"potions_floor_usage":[13],"damage_taken":[{"damage":5,"enemies":"Small Slimes","floor":1,"turns":3},{"damage":5,"enemies":"2 Louse","floor":2,"turns":2},{"damage":1,"enemies":"Cultist","floor":5,"turns":3},{"damage":32,"enemies":"Lagavulin","floor":6,"turns":6},{"damage":30,"enemies":"Gremlin Gang","floor":8,"turns":4},{"damage":11,"enemies":"2 Fungi Beasts","floor":11,"turns":2},{"damage":21,"enemies":"Gremlin Nob","floor":12,"turns":4},{"damage":14,"enemies":"Lagavulin Event","floor":13,"turns":3}],"seed_played":"-3470470388108256764","potions_obtained":[{"floor":1,"key":"SteroidPotion"},{"floor":5,"key":"AttackPotion"},{"floor":6,"key":"Fire Potion"}],"is_trial":false,"path_per_floor":["M","M","?","?","M","E","R","M","T","R","M","E","?"],"character_chosen":"DEFECT","items_purchased":[],"campfire_rested":2,"item_purchase_floors":[],"current_hp_per_floor":[70,65,58,58,57,25,47,17,17,39,28,7,0],"gold":358,"neow_bonus":"HUNDRED_GOLD","is_prod":false,"is_daily":false,"chose_seed":false,"campfire_upgraded":0,"win_rate":0.0,"timestamp":1546292846,"path_taken":["M","M","?","?","M","E","R","?","T","R","?","E","?"],"build_version":"2018-12-20","purchased_purges":0,"victory":false,"max_hp_per_floor":[75,75,75,75,75,75,75,75,75,75,75,75,75],"card_choices":[{"not_picked":["Conserve Battery","Cold Snap"],"picked":"Genetic Algorithm","floor":1},{"not_picked":["Undo","Cold Snap"],"picked":"Static Discharge","floor":2},{"not_picked":["Ball Lightning","Beam Cell"],"picked":"Coolheaded","floor":5},{"not_picked":["Defragment","Beam Cell"],"picked":"Seek","floor":6},{"not_picked":["Cold Snap","Gash"],"picked":"Turbo","floor":8},{"not_picked":["Barrage","Redo"],"picked":"Auto Shields","floor":11},{"not_picked":["Compile Driver","Barrage"],"picked":"Storm","floor":12}],"player_experience":183136,"relics_obtained":[{"floor":6,"key":"Gambling Chip"},{"floor":9,"key":"Darkstone Periapt"},{"floor":12,"key":"Tiny Chest"}],"event_choices":[{"damage_healed":0,"gold_gain":0,"player_choice":"Success","damage_taken":7,"relics_obtained":["Bronze Scales"],"max_hp_gain":0,"max_hp_loss":0,"event_name":"Scrap Ooze","floor":3,"gold_loss":0},{"damage_healed":0,"gold_gain":0,"player_choice":"1 cards matched","damage_taken":0,"max_hp_gain":0,"max_hp_loss":0,"event_name":"Match and Keep!","floor":4,"gold_loss":0,"cards_obtained":["Tempest"]},{"damage_healed":0,"gold_gain":0,"player_choice":"Searched \u00271\u0027 times","damage_taken":0,"max_hp_gain":0,"max_hp_loss":0,"event_name":"Dead Adventurer","floor":13,"gold_loss":0}],"is_beta":false,"boss_relics":[],"items_purged_floors":[],"is_endless":false,"potions_floor_spawned":[1,5,6],"killed_by":"Lagavulin Event","ascension_level":0}