{"gold_per_floor":[13,13,13,36,55,55,130,55,55,98,98,132,146,50,50,143,143,159,159,159,172,172,172],"floor_reached":23,"playtime":667,"items_purged":["Injury"],"score":394,"play_id":"c02b9c6f-8b47-452e-8690-3f028bfa79fb","local_time":"20190415143929","is_ascension_mode":true,"campfire_choices":[{"data":"Beam Cell","floor":6,"key":"SMITH"},{"data":"Barrage","floor":11,"key":"SMITH"},{"floor":15,"key":"REST"}],"neow_cost":"NO_GOLD","seed_source_timestamp":420860223481106,"circlet_count":0,"master_deck":["AscendersBane","Strike_B","Strike_B","Strike_B","Defend_B","Defend_B","Defend_B","Zap","Dualcast","Scrape","Tempest","Beam Cell+1","Glacier","Double Energy","Barrage+1","Loop","Core Surge","Flash of Steel","Electrodynamics","Static Discharge","Ball Lightning"],"relics":["Cracked Core","Bloody Idol","Kunai","Smiling Mask","Incense Burner","Black Star"],"potions_floor_usage":[3,3,10,18,23],"damage_taken":[{"damage":7,"enemies":"Jaw Worm","floor":1,"turns":3},{"damage":7,"enemies":"2 Louse","floor":4,"turns":3},{"damage":0,"enemies":"Cultist","floor":5,"turns":3},{"damage":33,"enemies":"3 Sentries","floor":10,"turns":10},{"damage":20,"enemies":"Lagavulin","floor":12,"turns":4},{"damage":0,"enemies":"Large Slime","floor":13,"turns":5},{"damage":23,"enemies":"Hexaghost","floor":16,"turns":10},{"damage":3,"enemies":"3 Byrds","floor":18,"turns":3},{"damage":11,"enemies":"Spheric Guardian","floor":21,"turns":3},{"damage":33,"enemies":"Colosseum Slavers","floor":22,"turns":4},{"damage":34,"enemies":"Slavers","floor":23,"turns":1}],"seed_played":"-2397416916011020393","potions_obtained":[{"floor":3,"key":"Fruit Juice"},{"floor":3,"key":"Fruit Juice"},{"floor":4,"key":"Ancient Potion"},{"floor":5,"key":"Regen Potion"},{"floor":16,"key":"SkillPotion"}],"is_trial":false,"path_per_floor":["M","?","?","M","M","R","?","$","T","E","R","E","M","$","R","B",null,"M","?","?","M","?","E"],"character_chosen":"DEFECT","items_purchased":["Flash of Steel"],"campfire_rested":1,"item_purchase_floors":[14],"current_hp_per_floor":[57,57,67,60,60,60,49,49,49,31,31,11,11,11,35,12,64,61,61,61,55,22,0],"gold":172,"neow_bonus":"TRANSFORM_TWO_CARDS","is_prod":false,"is_daily":false,"chose_seed":false,"campfire_upgraded":2,"win_rate":0,"timestamp":1555353569,"path_taken":["M","?","?","M","?","R","?","$","T","E","R","E","M","$","R","BOSS","M","?","?","M","?","E"],"build_version":"2019-01-23","purchased_purges":1,"victory":false,"max_hp_per_floor":[71,71,81,81,81,81,81,81,81,81,81,81,81,81,81,81,81,81,81,81,81,81,81],"card_choices":[{"not_picked":["Coolheaded","Cold Snap"],"picked":"Beam Cell","floor":1},{"not_picked":["Cold Snap","Streamline"],"picked":"Glacier","floor":4},{"not_picked":["Compile Driver","Beam Cell"],"picked":"Double Energy","floor":5},{"not_picked":["Hello World","Cold Snap"],"picked":"Barrage","floor":10},{"not_picked":["Ball Lightning","Leap"],"picked":"Loop","floor":12},{"not_picked":["Conserve Battery","Sweeping Beam"],"picked":"Core Surge","floor":13},{"not_picked":["Rainbow","Meteor Strike"],"picked":"Electrodynamics","floor":16},{"not_picked":["Chaos","Darkness"],"picked":"Static Discharge","floor":18},{"not_picked":["Glacier","Beam Cell"],"picked":"Ball Lightning","floor":21}],"player_experience":896452,"relics_obtained":[{"floor":9,"key":"Kunai"},{"floor":10,"key":"Smiling Mask"},{"floor":12,"key":"Incense Burner"}],"event_choices":[{"damage_healed":0,"gold_gain":0,"player_choice":"Take Wound","damage_taken":0,"relics_obtained":["Golden Idol"],"max_hp_gain":0,"max_hp_loss":0,"event_name":"Golden Idol","floor":2,"gold_loss":0,"cards_obtained":["Injury"]},{"damage_healed":0,"gold_gain":0,"player_choice":"Got Potions","damage_taken":0,"max_hp_gain":0,"max_hp_loss":0,"event_name":"Lab","floor":3,"gold_loss":0},{"damage_healed":0,"gold_gain":75,"player_choice":"Gather Gold","damage_taken":11,"max_hp_gain":0,"max_hp_loss":0,"event_name":"World of Goop","floor":7,"gold_loss":0},{"damage_healed":0,"gold_gain":0,"player_choice":"Ignored","damage_taken":0,"max_hp_gain":0,"max_hp_loss":0,"event_name":"Cursed Tome","floor":19,"gold_loss":0},{"damage_healed":0,"gold_gain":0,"player_choice":"Gave Idol","damage_taken":0,"relics_obtained":["Bloody Idol"],"max_hp_gain":0,"max_hp_loss":0,"event_name":"Forgotten Altar","floor":20,"relics_lost":["Golden Idol"],"gold_loss":0},{"damage_healed":0,"gold_gain":0,"player_choice":"Fight","damage_taken":0,"max_hp_gain":0,"max_hp_loss":0,"event_name":"Colosseum","floor":22,"gold_loss":0},{"damage_healed":0,"gold_gain":0,"player_choice":"Fled From Nobs","damage_taken":0,"max_hp_gain":0,"max_hp_loss":0,"event_name":"Colosseum","floor":22,"gold_loss":0}],"is_beta":false,"boss_relics":[{"not_picked":["FrozenCore","Snecko Eye"],"picked":"Black Star"}],"items_purged_floors":[8],"is_endless":false,"potions_floor_spawned":[4,5,16,22],"killed_by":"Slavers","ascension_level":20}