{"gold_per_floor":[112,125,136,136,156,190,209,238,262,292,479,491,515,538,550,667,679,679,679,679,679,283,283,283,283,283,283,134,134,134,134,134,134,134,134,40,40,40,40,40,40,40,40,0,0,0,0,0,0,0],"floor_reached":51,"playtime":4526,"items_purged":[],"score":750,"play_id":"645f8f3f-f283-48fc-9ad2-3a5db5286f0f","local_time":"20180727000805","is_ascension_mode":false,"campfire_choices":[{"floor":15,"key":"REST"},{"floor":24,"key":"REST"},{"floor":27,"key":"REST"},{"floor":29,"key":"REST"},{"floor":32,"key":"REST"},{"floor":40,"key":"REST"},{"floor":42,"key":"REST"},{"data":"Shockwave","floor":45,"key":"SMITH"},{"floor":49,"key":"REST"}],"neow_cost":"NONE","seed_source_timestamp":118225076149568,"circlet_count":0,"master_deck":["Strike_R","Strike_R","Strike_R","Strike_R","Defend_R","Defend_R","Defend_R","Defend_R","Bash","Fiend Fire","Headbutt","Rage+1","Whirlwind","Shockwave+1","True Grit","Flex","Inflame","Doubt","Fire Breathing","Flame Barrier+1","Juggernaut","Cleave","Evolve","Dark Embrace","Cleave","Metallicize","Immolate","Twin Strike+1","Barricade","Metallicize+1","Dramatic Entrance","Iron Wave+1","Clothesline+1","Thunderclap+1","Spot Weakness","Warcry+1"],"relics":["Burning Blood","Blood Vial","Self Forming Clay","MawBank","Ectoplasm","Mercury Hourglass","Happy Flower","War Paint","Omamori","Kunai","Anchor","Shuriken","Cursed Key","Question Card","Red Mask","Pear","Gremlin Horn","Orichalcum"],"potions_floor_usage":[6,6,6,16,20,20,25,33,48,50],"damage_taken":[{"damage":0,"enemies":"Cultist","floor":1,"turns":2},{"damage":5,"enemies":"2 Louse","floor":2,"turns":2},{"damage":2,"enemies":"Small Slimes","floor":3,"turns":4},{"damage":7,"enemies":"3 Louse","floor":5,"turns":2},{"damage":26,"enemies":"Lagavulin","floor":6,"turns":4},{"damage":6,"enemies":"Large Slime","floor":7,"turns":5},{"damage":16,"enemies":"Gremlin Nob","floor":8,"turns":3},{"damage":12,"enemies":"Exordium Wildlife","floor":10,"turns":5},{"damage":3,"enemies":"Blue Slaver","floor":13,"turns":5},{"damage":0,"enemies":"Exordium Thugs","floor":14,"turns":3},{"damage":44,"enemies":"Hexaghost","floor":16,"turns":10},{"damage":4,"enemies":"Chosen","floor":18,"turns":3},{"damage":34,"enemies":"Spheric Guardian","floor":20,"turns":6},{"damage":29,"enemies":"Gremlin Leader","floor":23,"turns":7},{"damage":49,"enemies":"Slavers","floor":25,"turns":5},{"damage":51,"enemies":"Gremlin Leader","floor":30,"turns":8},{"damage":0,"enemies":"Snecko","floor":31,"turns":5},{"damage":56,"enemies":"Champ","floor":33,"turns":10},{"damage":37,"enemies":"Flame Bruiser 1 Orb","floor":35,"turns":5},{"damage":7,"enemies":"3 Darklings","floor":37,"turns":3},{"damage":2,"enemies":"4 Shapes","floor":38,"turns":6},{"damage":18,"enemies":"Maw","floor":41,"turns":8},{"damage":22,"enemies":"2 Orb Walkers","floor":46,"turns":4},{"damage":33,"enemies":"Giant Head","floor":48,"turns":9},{"damage":38,"enemies":"Time Eater","floor":50,"turns":13}],"seed_played":"-4589478442899446354","potions_obtained":[{"floor":2,"key":"Strength Potion"},{"floor":3,"key":"Explosive Potion"},{"floor":5,"key":"SteroidPotion"},{"floor":10,"key":"Block Potion"},{"floor":14,"key":"Ancient Potion"},{"floor":18,"key":"Energy Potion"},{"floor":23,"key":"BloodPotion"},{"floor":25,"key":"FairyPotion"},{"floor":31,"key":"Dexterity Potion"},{"floor":35,"key":"Energy Potion"},{"floor":48,"key":"Dexterity Potion"}],"is_trial":false,"path_per_floor":["M","M","M","?","M","E","M","E","T","M","?","?","M","M","R","B",null,"M","?","M","?","$","E","R","E","T","R","$","R","E","M","R","B",null,"M","$","M","M","$","R","M","R","T","?","R","E","T","E","R","B"],"character_chosen":"IRONCLAD","items_purchased":["Mercury Hourglass","Happy Flower","Anchor","Dramatic Entrance"],"campfire_rested":8,"item_purchase_floors":[22,22,28,36],"current_hp_per_floor":[80,80,80,80,79,59,61,53,53,49,49,49,54,62,80,42,80,80,80,52,52,52,31,55,22,22,46,46,70,27,35,59,11,80,49,49,50,56,56,80,68,80,80,80,80,74,74,49,76,46],"gold":0,"neow_bonus":"ONE_RANDOM_RARE_CARD","is_prod":false,"is_daily":false,"chose_seed":false,"campfire_upgraded":1,"win_rate":0.0,"timestamp":1532642885,"path_taken":["M","?","M","?","M","E","M","E","T","M","?","?","M","M","R","BOSS","M","?","?","?","$","E","R","E","T","R","?","R","E","M","R","BOSS","M","?","?","M","$","R","M","R","T","?","R","E","?","E","R","BOSS"],"build_version":"2018-07-19v2","purchased_purges":0,"victory":true,"max_hp_per_floor":[80,80,80,80,80,80,80,80,80,80,80,80,80,80,80,80,80,80,80,80,80,80,80,80,80,80,80,80,80,80,80,80,80,80,80,80,80,80,80,80,80,80,80,80,80,90,90,90,90,90],"card_choices":[{"not_picked":["Corruption","Warcry"],"picked":"Headbutt","floor":1},{"not_picked":["Warcry","Sentinel"],"picked":"Rage","floor":2},{"not_picked":["Blood for Blood","Thunderclap"],"picked":"Whirlwind","floor":3},{"not_picked":["Sword Boomerang","Combust"],"picked":"Shockwave","floor":5},{"not_picked":["Sword Boomerang","Anger"],"picked":"True Grit","floor":6},{"not_picked":["Heavy Blade","Headbutt"],"picked":"Flex","floor":7},{"not_picked":["Havoc","Wild Strike"],"picked":"Sword Boomerang","floor":8},{"not_picked":["Body Slam","Anger"],"picked":"Inflame","floor":10},{"not_picked":["Armaments","Clothesline"],"picked":"Fire Breathing","floor":13},{"not_picked":["Pommel Strike","Flex"],"picked":"Flame Barrier","floor":14},{"not_picked":["Exhume","Double Tap"],"picked":"Juggernaut","floor":16},{"not_picked":["Shrug It Off+1","Anger+1"],"picked":"Cleave","floor":18},{"not_picked":["Reckless Charge","Havoc"],"picked":"Evolve","floor":20},{"not_picked":["Bloodletting","Body Slam"],"picked":"Cleave","floor":23},{"not_picked":["Power Through","Armaments"],"picked":"Metallicize","floor":25},{"not_picked":["Wild Strike+1","Sword Boomerang"],"picked":"Immolate","floor":30},{"not_picked":["Thunderclap","Bloodletting"],"picked":"Twin Strike+1","floor":31},{"not_picked":["Demon Form","Brutality"],"picked":"Barricade","floor":33},{"not_picked":["Thunderclap","Shrug It Off+1"],"picked":"Metallicize+1","floor":35},{"not_picked":["Anger+1","Thunderclap"],"picked":"Iron Wave+1","floor":37},{"not_picked":["Armaments","Second Wind+1"],"picked":"Clothesline+1","floor":38},{"not_picked":["Uppercut+1","Havoc"],"picked":"Thunderclap+1","floor":41},{"not_picked":["Sword Boomerang","Corruption","Shrug It Off"],"picked":"Spot Weakness","floor":46},{"not_picked":["Uppercut+1","Clothesline+1","Headbutt"],"picked":"Warcry+1","floor":48}],"player_experience":107891,"relics_obtained":[{"floor":6,"key":"Blood Vial"},{"floor":8,"key":"Self Forming Clay"},{"floor":9,"key":"MawBank"},{"floor":23,"key":"War Paint"},{"floor":25,"key":"Omamori"},{"floor":26,"key":"Kunai"},{"floor":30,"key":"Shuriken"},{"floor":43,"key":"Question Card"},{"floor":46,"key":"Pear"},{"floor":47,"key":"Gremlin Horn"},{"floor":48,"key":"Orichalcum"}],"event_choices":[{"event_name":"Golden Wing","player_choice":"Ignored","floor":4,"damage_taken":0},{"event_name":"Liars Game","player_choice":"agreed","floor":11,"damage_taken":0},{"event_name":"Shining Light","player_choice":"Ignored","floor":12,"damage_taken":0},{"event_name":"Bonfire Elementals","player_choice":"COMMON","floor":19,"damage_taken":0},{"event_name":"Transmorgrifier","player_choice":"Transform","floor":21,"damage_taken":0},{"event_name":"Tomb of Lord Red Mask","player_choice":"Paid","floor":44,"damage_taken":0}],"is_beta":false,"boss_relics":[{"not_picked":["Busted Crown","Coffee Dripper"],"picked":"Ectoplasm"},{"not_picked":["Runic Cube","Calling Bell"],"picked":"Cursed Key"}],"items_purged_floors":[],"is_endless":false,"potions_floor_spawned":[2,3,5,10,14,18,23,25,31,35,48],"ascension_level":0}