{"gold_per_floor":[11,11,31,106,120,145,156,156,179,190,47,66,93,104,104,201,201,212,212,223,223,239,270,270,304,304,320,26,26,37,37,37,37],"floor_reached":33,"playtime":1535,"items_purged":[],"score":404,"play_id":"c765be17-9207-40b8-a4a6-f1d451e3abeb","local_time":"20190409175935","is_ascension_mode":true,"campfire_choices":[{"floor":8,"key":"REST"},{"data":"Loop","floor":15,"key":"SMITH"},{"floor":24,"key":"REST"},{"floor":29,"key":"REST"},{"data":"Fission","floor":32,"key":"SMITH"}],"neow_cost":"NO_GOLD","seed_source_timestamp":2365064823302162,"circlet_count":0,"master_deck":["Strike_B","Strike_B+1","Strike_B+1","Strike_B","Defend_B","Defend_B","Defend_B","Defend_B","Zap","Dualcast","Thunder Strike","Glacier","Sunder","Ball Lightning","Multi-Cast","Leap","BootSequence","Rebound","Auto Shields","Loop+1","Buffer","Melter","Sweeping Beam","Static Discharge+1","Compile Driver+1","Storm+1","Capacitor","Fission+1"],"relics":["Cracked Core","Anchor","Blood Vial","DataDisk","Lantern","Whetstone","Sozu","Enchiridion","Matryoshka","Bronze Scales","Boot","Bag of Marbles","Centennial Puzzle"],"potions_floor_usage":[12,16,18,25,33],"damage_taken":[{"damage":3,"enemies":"2 Louse","floor":1,"turns":3},{"damage":2,"enemies":"Jaw Worm","floor":3,"turns":3},{"damage":0,"enemies":"Small Slimes","floor":5,"turns":2},{"damage":16,"enemies":"3 Sentries","floor":6,"turns":6},{"damage":0,"enemies":"Red Slaver","floor":7,"turns":3},{"damage":0,"enemies":"Blue Slaver","floor":10,"turns":3},{"damage":0,"enemies":"Lots of Slimes","floor":12,"turns":3},{"damage":18,"enemies":"Gremlin Nob","floor":13,"turns":3},{"damage":0,"enemies":"Looter","floor":14,"turns":2},{"damage":20,"enemies":"Hexaghost","floor":16,"turns":10},{"damage":0,"enemies":"Spheric Guardian","floor":18,"turns":3},{"damage":9,"enemies":"3 Byrds","floor":20,"turns":5},{"damage":7,"enemies":"Cultist and Chosen","floor":22,"turns":6},{"damage":15,"enemies":"Slavers","floor":23,"turns":5},{"damage":9,"enemies":"Book of Stabbing","floor":25,"turns":6},{"damage":0,"enemies":"Chosen and Byrds","floor":27,"turns":3},{"damage":4,"enemies":"Snake Plant","floor":30,"turns":2},{"damage":60,"enemies":"Collector","floor":33,"turns":6}],"seed_played":"-4045264966024192428","potions_obtained":[{"floor":1,"key":"SpeedPotion"},{"floor":6,"key":"Weak Potion"},{"floor":10,"key":"GamblersBrew"},{"floor":12,"key":"Swift Potion"},{"floor":16,"key":"Swift Potion"}],"is_trial":false,"path_per_floor":["M","?","M","?","M","E","M","R","T","M","$","M","E","M","R","B",null,"M","?","M","?","M","E","R","E","T","M","$","R","M","?","R","B"],"character_chosen":"DEFECT","items_purchased":["Lantern","Bag of Marbles","Centennial Puzzle"],"campfire_rested":3,"item_purchase_floors":[11,28,28],"current_hp_per_floor":[65,58,56,45,45,29,31,53,53,55,55,57,41,43,43,25,63,65,51,44,28,23,10,34,27,27,29,29,53,51,51,51,0],"gold":37,"neow_bonus":"THREE_RARE_CARDS","is_prod":false,"is_daily":false,"chose_seed":false,"campfire_upgraded":2,"win_rate":0,"timestamp":1554857975,"path_taken":["M","?","M","?","M","E","M","R","T","?","$","M","E","M","R","BOSS","M","?","M","?","M","E","R","E","T","M","$","R","M","?","R","BOSS"],"build_version":"2019-01-23","purchased_purges":0,"victory":false,"max_hp_per_floor":[75,75,75,75,75,75,75,75,75,75,75,75,75,75,75,75,75,75,80,80,80,80,80,80,80,80,80,80,80,80,80,80,80],"card_choices":[{"not_picked":["Multi-Cast","All For One"],"picked":"Thunder Strike","floor":0},{"not_picked":["Gash","Cold Snap"],"picked":"Glacier","floor":1},{"not_picked":["Capacitor","Skim"],"picked":"Sunder","floor":3},{"not_picked":["Leap","Coolheaded"],"picked":"Ball Lightning","floor":5},{"not_picked":["Hello World","Streamline"],"picked":"Multi-Cast","floor":6},{"not_picked":["Steam","Beam Cell"],"picked":"Leap","floor":7},{"not_picked":["Fusion","Compile Driver"],"picked":"BootSequence","floor":10},{"not_picked":["Leap","Stack"],"picked":"Rebound","floor":12},{"not_picked":["Steam","Gash"],"picked":"Auto Shields","floor":13},{"not_picked":["BootSequence","Barrage"],"picked":"Loop","floor":14},{"not_picked":["Seek","Thunder Strike"],"picked":"Buffer","floor":16},{"not_picked":["Rebound","Hologram"],"picked":"Melter","floor":18},{"not_picked":["Ball Lightning","Undo"],"picked":"Sweeping Beam","floor":20},{"not_picked":["Stack+1","Barrage"],"picked":"Static Discharge+1","floor":22},{"not_picked":["Streamline","Aggregate"],"picked":"Compile Driver+1","floor":23},{"not_picked":["Cold Snap","BootSequence+1"],"picked":"Storm+1","floor":25},{"not_picked":["Reprogram","Barrage+1"],"picked":"Capacitor","floor":27},{"not_picked":["Recycle","Ball Lightning+1"],"picked":"Fission","floor":30}],"player_experience":521212,"relics_obtained":[{"floor":6,"key":"Blood Vial"},{"floor":9,"key":"DataDisk"},{"floor":13,"key":"Whetstone"},{"floor":21,"key":"Enchiridion"},{"floor":23,"key":"Matryoshka"},{"floor":25,"key":"Bronze Scales"},{"floor":26,"key":"Boot"}],"event_choices":[{"damage_healed":0,"gold_gain":0,"player_choice":"Success","damage_taken":7,"relics_obtained":["Anchor"],"max_hp_gain":0,"max_hp_loss":0,"event_name":"Scrap Ooze","floor":2,"gold_loss":0},{"damage_healed":0,"gold_gain":75,"player_choice":"Gather Gold","damage_taken":11,"max_hp_gain":0,"max_hp_loss":0,"event_name":"World of Goop","floor":4,"gold_loss":0},{"damage_healed":0,"gold_gain":0,"player_choice":"Shed Blood","damage_taken":19,"max_hp_gain":5,"max_hp_loss":0,"event_name":"Forgotten Altar","floor":19,"gold_loss":0},{"damage_healed":0,"gold_gain":0,"player_choice":"Obtained Book","damage_taken":16,"max_hp_gain":0,"max_hp_loss":0,"event_name":"Cursed Tome","floor":21,"gold_loss":0},{"damage_healed":0,"gold_gain":0,"player_choice":"Ignored","damage_taken":0,"max_hp_gain":0,"max_hp_loss":0,"event_name":"Ghosts","floor":31,"gold_loss":0}],"is_beta":false,"boss_relics":[{"not_picked":["Fusion Hammer","Snecko Eye"],"picked":"Sozu"}],"items_purged_floors":[],"is_endless":false,"potions_floor_spawned":[1,6,10,12,16,18,25,27,30],"killed_by":"Collector","ascension_level":7}