{"gold_per_floor":[110,73,90,105,116,142,160,160,160,180,192,211,176,203,203,304,304,315,415,427,172,172,172,189,222,252,252,262,262,262,16,16,119,119,135,235,246,64,64,64,89,89,89,89,164,164,17,31,31,31],"floor_reached":51,"playtime":3647,"items_purged":[],"score":1045,"play_id":"23d5e4b0-a431-47a0-9929-7e27ec5a5773","local_time":"20190329012357","is_ascension_mode":true,"campfire_choices":[{"data":"Bludgeon","floor":8.0,"key":"SMITH"},{"data":"Sword Boomerang","floor":15.0,"key":"SMITH"},{"floor":23.0,"key":"REST"},{"floor":29.0,"key":"REST"},{"data":"Inflame","floor":32.0,"key":"SMITH"},{"data":"Body Slam","floor":40.0,"key":"SMITH"},{"floor":42.0,"key":"REST"},{"data":"Flame Barrier","floor":44.0,"key":"SMITH"},{"data":"Limit Break","floor":46.0,"key":"SMITH"},{"floor":49.0,"key":"REST"}],"neow_cost":"NONE","seed_source_timestamp":348718275761500,"circlet_count":0,"master_deck":["AscendersBane","Strike_R","Defend_R","Defend_R","Defend_R","Bash","Metallicize","Carnage","Evolve","Pommel Strike","Shrug It Off","Bludgeon+1","Iron Wave","Iron Wave","Cleave","Sword Boomerang+1","Seeing Red","Impervious","Clothesline","Iron Wave","Inflame+1","Iron Wave+1","Whirlwind+1","Limit Break+1","Sword Boomerang","Demon Form","Feel No Pain+1","Seeing Red+1","Rage+1","Flex+1","Body Slam+1","Flame Barrier+1","Burning Pact+1","Ghostly Armor+1"],"special_seed":0,"relics":["Burning Blood","Vajra","Ancient Tea Set","Regal Pillow","Smiling Mask","Velvet Choker","Prayer Wheel","Singing Bowl","Bottled Flame","Bottled Tornado","Tiny Chest","Gambling Chip","Ornamental Fan","Astrolabe","Ginger","Pen Nib","Red Skull","Toxic Egg 2","Art of War"],"potions_floor_usage":[50,50,50],"damage_taken":[{"damage":6.0,"enemies":"Cultist","floor":1.0,"turns":5.0},{"damage":1.0,"enemies":"2 Louse","floor":3.0,"turns":3.0},{"damage":11.0,"enemies":"Jaw Worm","floor":4.0,"turns":4.0},{"damage":3.0,"enemies":"Looter","floor":5.0,"turns":4.0},{"damage":3.0,"enemies":"3 Sentries","floor":6.0,"turns":9.0},{"damage":13.0,"enemies":"Lots of Slimes","floor":7.0,"turns":5.0},{"damage":0.0,"enemies":"3 Louse","floor":10.0,"turns":2.0},{"damage":14.0,"enemies":"Looter","floor":11.0,"turns":4.0},{"damage":11.0,"enemies":"Gremlin Gang","floor":12.0,"turns":6.0},{"damage":20.0,"enemies":"Gremlin Nob","floor":14.0,"turns":4.0},{"damage":22.0,"enemies":"Slime Boss","floor":16.0,"turns":7.0},{"damage":19.0,"enemies":"Spheric Guardian","floor":18.0,"turns":4.0},{"damage":12.0,"enemies":"Colosseum Slavers","floor":19.0,"turns":5.0},{"damage":25.0,"enemies":"Colosseum Nobs","floor":19.0,"turns":6.0},{"damage":6.0,"enemies":"3 Byrds","floor":20.0,"turns":6.0},{"damage":0.0,"enemies":"Shelled Parasite and Fungi","floor":24.0,"turns":2.0},{"damage":43.0,"enemies":"Gremlin Leader","floor":25.0,"turns":7.0},{"damage":21.0,"enemies":"Centurion and Healer","floor":28.0,"turns":4.0},{"damage":71.0,"enemies":"Champ","floor":33.0,"turns":10.0},{"damage":0.0,"enemies":"3 Darklings","floor":35.0,"turns":2.0},{"damage":4.0,"enemies":"Mind Bloom Boss Battle","floor":36.0,"turns":6.0},{"damage":11.0,"enemies":"Orb Walker","floor":37.0,"turns":4.0},{"damage":32.0,"enemies":"Nemesis","floor":41.0,"turns":7.0},{"damage":31.0,"enemies":"Transient","floor":48.0,"turns":5.0},{"damage":90,"enemies":"Awakened One","floor":50,"turns":11}],"seed_played":"5575476533232388307","potions_obtained":[{"floor":1.0,"key":"Dexterity Potion"},{"floor":7.0,"key":"BloodPotion"},{"floor":11.0,"key":"BloodPotion"},{"floor":14.0,"key":"PowerPotion"},{"floor":20.0,"key":"FearPotion"},{"floor":28.0,"key":"Explosive Potion"},{"floor":33.0,"key":"SteroidPotion"},{"floor":35.0,"key":"FearPotion"}],"is_trial":false,"path_per_floor":["M","$","M","M","M","E","M","R","T","M","M","M","?","E","R","B",null,"M","?","M","$","?","R","M","E","T","?","M","R","T","$","R","B",null,"M","?","M","$","?","R","E","R","T","R","?","R","$","M","R","B",null],"character_chosen":"IRONCLAD","items_purchased":["Carnage","Bottled Flame","Ornamental Fan","Flame Barrier","Pen Nib","Art of War"],"campfire_rested":4,"item_purchase_floors":[2,21,31,38,38,47],"current_hp_per_floor":[72,72,77,72,75,78,71,71,71,77,69,64,80,66,66,50,73,60,35,35,35,35,74,80,43,43,43,30,69,69,69,69,12,65,71,75,70,70,70,70,44,84,84,84,76,76,76,53,86,10],"gold":31,"neow_bonus":"RANDOM_COMMON_RELIC","is_prod":false,"is_daily":false,"chose_seed":false,"campfire_upgraded":6,"win_rate":0,"timestamp":1553819037,"path_taken":["M","$","M","?","M","E","M","R","T","M","M","M","?","E","R","BOSS","M","?","M","$","?","R","?","E","T","?","M","R","?","$","R","BOSS","M","?","M","$","?","R","E","R","T","R","?","R","$","?","R","BOSS"],"build_version":"2019-01-23","purchased_purges":0,"victory":true,"max_hp_per_floor":[80,80,80,80,80,80,80,80,80,80,80,80,80,80,80,80,80,80,80,80,80,80,80,80,80,80,80,82,82,82,82,82,82,82,82,84,84,84,84,84,84,84,84,84,84,84,84,86,86,86],"card_choices":[{"not_picked":["Armaments","Sentinel"],"picked":"Metallicize","floor":1.0},{"not_picked":["True Grit","Thunderclap"],"picked":"Evolve","floor":3.0},{"not_picked":["True Grit","Clash"],"picked":"Pommel Strike","floor":4.0},{"not_picked":["Thunderclap","Ghostly Armor"],"picked":"Shrug It Off","floor":5.0},{"not_picked":["Spot Weakness","Cleave"],"picked":"Bludgeon","floor":6.0},{"not_picked":["Bloodletting","Perfected Strike"],"picked":"Iron Wave","floor":7.0},{"not_picked":["Dual Wield","Warcry"],"picked":"Iron Wave","floor":10.0},{"not_picked":["Dual Wield","Twin Strike"],"picked":"Cleave","floor":11.0},{"not_picked":["Entrench","Clash"],"picked":"Sword Boomerang","floor":12.0},{"not_picked":["Heavy Blade","Clash"],"picked":"Seeing Red","floor":14.0},{"not_picked":["Feed","Offering"],"picked":"Impervious","floor":16.0},{"not_picked":["Rage","Battle Trance"],"picked":"Clothesline","floor":18.0},{"not_picked":["Havoc","Sword Boomerang"],"picked":"Iron Wave","floor":19.0},{"not_picked":["Warcry","Twin Strike"],"picked":"Inflame","floor":20.0},{"not_picked":["Burning Pact","Flex"],"picked":"Iron Wave+1","floor":20.0},{"not_picked":["Warcry","Anger"],"picked":"Whirlwind+1","floor":24.0},{"not_picked":["Perfected Strike","Flex","Pommel Strike"],"picked":"SKIP","floor":24.0},{"not_picked":["Headbutt","Heavy Blade+1"],"picked":"Limit Break","floor":25.0},{"not_picked":["Wild Strike","Cleave"],"picked":"Sword Boomerang","floor":28.0},{"not_picked":["Headbutt","Second Wind","Sword Boomerang"],"picked":"Singing Bowl","floor":28.0},{"not_picked":["Exhume","Double Tap"],"picked":"Demon Form","floor":33.0},{"not_picked":["Clash","Anger"],"picked":"Flex+1","floor":35.0},{"not_picked":["Rage+1","Armaments+1","Rampage"],"picked":"SKIP","floor":35.0},{"not_picked":["Power Through+1","Perfected Strike","Iron Wave"],"picked":"Singing Bowl","floor":36.0},{"not_picked":["Dual Wield","Fire Breathing+1"],"picked":"Body Slam","floor":37.0},{"not_picked":["Rage","Carnage+1","Clash"],"picked":"SKIP","floor":37.0},{"not_picked":["Fiend Fire","Warcry+1"],"picked":"Burning Pact+1","floor":41.0},{"not_picked":["Heavy Blade+1","Battle Trance+1"],"picked":"Ghostly Armor+1","floor":48.0},{"not_picked":["Ghostly Armor+1","Metallicize+1","Pommel Strike+1"],"picked":"Singing Bowl","floor":48.0}],"player_experience":615841,"relics_obtained":[{"floor":6.0,"key":"Ancient Tea Set"},{"floor":9.0,"key":"Regal Pillow"},{"floor":14.0,"key":"Smiling Mask"},{"floor":19.0,"key":"Prayer Wheel"},{"floor":19.0,"key":"Singing Bowl"},{"floor":25.0,"key":"Bottled Tornado"},{"floor":26.0,"key":"Tiny Chest"},{"floor":30.0,"key":"Gambling Chip"},{"floor":36.0,"key":"Ginger"},{"floor":41.0,"key":"Red Skull"},{"floor":43.0,"key":"Toxic Egg 2"}],"event_choices":[{"damage_healed":20.0,"max_hp_gain":0.0,"max_hp_loss":0.0,"gold_gain":0.0,"event_name":"The Cleric","player_choice":"Healed","floor":13.0,"gold_loss":35.0,"damage_taken":0.0},{"damage_healed":0.0,"max_hp_gain":0.0,"max_hp_loss":0.0,"gold_gain":0.0,"event_name":"Colosseum","player_choice":"Fight","floor":19.0,"gold_loss":0.0,"damage_taken":0.0},{"damage_healed":0.0,"max_hp_gain":0.0,"max_hp_loss":0.0,"gold_gain":0.0,"event_name":"Colosseum","player_choice":"Fought Nobs","floor":19.0,"gold_loss":0.0,"damage_taken":0.0},{"cards_removed":["Strike_R"],"damage_healed":0.0,"max_hp_gain":0.0,"max_hp_loss":0.0,"gold_gain":0.0,"event_name":"Purifier","player_choice":"Purged","floor":22.0,"gold_loss":0.0,"damage_taken":0.0},{"damage_healed":0.0,"max_hp_gain":0.0,"max_hp_loss":0.0,"gold_gain":0.0,"event_name":"Ghosts","player_choice":"Ignored","floor":27.0,"gold_loss":0.0,"damage_taken":0.0},{"damage_healed":0.0,"max_hp_gain":0.0,"max_hp_loss":0.0,"gold_gain":0.0,"event_name":"MindBloom","player_choice":"Fight","floor":36.0,"gold_loss":0.0,"damage_taken":0.0},{"cards_removed":["Strike_R"],"damage_healed":0.0,"max_hp_gain":0.0,"max_hp_loss":0.0,"gold_gain":0.0,"event_name":"Falling","player_choice":"Removed Attack","floor":39.0,"gold_loss":0.0,"damage_taken":0.0},{"damage_healed":0.0,"max_hp_gain":0.0,"max_hp_loss":0.0,"gold_gain":75.0,"event_name":"FaceTrader","player_choice":"Touch","floor":45.0,"gold_loss":0.0,"damage_taken":8.0}],"is_beta":false,"boss_relics":[{"not_picked":["Cursed Key","Pandora\u0027s Box"],"picked":"Velvet Choker"},{"not_picked":["Calling Bell","Philosopher\u0027s Stone"],"picked":"Astrolabe"}],"items_purged_floors":[],"is_endless":false,"potions_floor_spawned":[1,7,11,14,19,20,28,33,35],"ascension_level":10}