{"gold_per_floor":[116,43,58,111,124,124,134,165,165,221,221,240,257,19,19,120,120,120,120,120,41,41,41,41,0,0,0,0,0,0],"floor_reached":30,"playtime":1280,"items_purged":[],"score":344,"play_id":"2f50d6c9-41ba-4e0a-9e82-58bf5a1002fe","local_time":"20190402221808","is_ascension_mode":true,"campfire_choices":[{"floor":6,"key":"REST"},{"floor":15,"key":"REST"},{"floor":24,"key":"REST"},{"data":"Loop","floor":27,"key":"SMITH"}],"neow_cost":"PERCENT_DAMAGE","seed_source_timestamp":1776040308589328,"circlet_count":0,"master_deck":["Strike_B+1","Strike_B+1","Strike_B+1","Strike_B+1","Defend_B+1","Defend_B+1","Defend_B+1","Defend_B+1","Zap","Dualcast","Core Surge","Defragment","Loop+1","Sweeping Beam","Doom and Gloom","Turbo","Barrage","Echo Form","Conserve Battery","Sunder","Biased Cognition+1","Force Field","FTL","Defragment+1","Defragment+1","Leap","Turbo","Self Repair+1"],"relics":["Cracked Core","Meat on the Bone","Ornamental Fan","Darkstone Periapt","Cables","Frozen Egg 2","Ectoplasm","Red Mask","Ancient Tea Set","Matryoshka"],"potions_floor_usage":[8,16,20,23,23,30],"damage_taken":[{"damage":1,"enemies":"Cultist","floor":1,"turns":3},{"damage":4,"enemies":"Small Slimes","floor":3,"turns":3},{"damage":0,"enemies":"2 Louse","floor":5,"turns":1},{"damage":12,"enemies":"Looter","floor":7,"turns":3},{"damage":40,"enemies":"Lagavulin","floor":8,"turns":7},{"damage":8,"enemies":"Gremlin Nob","floor":10,"turns":3},{"damage":3,"enemies":"Blue Slaver","floor":12,"turns":2},{"damage":18,"enemies":"Red Slaver","floor":13,"turns":3},{"damage":45,"enemies":"Hexaghost","floor":16,"turns":8},{"damage":7,"enemies":"Spheric Guardian","floor":18,"turns":3},{"damage":20,"enemies":"Masked Bandits","floor":20,"turns":3},{"damage":39,"enemies":"Slavers","floor":23,"turns":4},{"damage":8,"enemies":"2 Thieves","floor":25,"turns":3},{"damage":26,"enemies":"Centurion and Healer","floor":28,"turns":8},{"damage":13,"enemies":"Snecko","floor":29,"turns":5},{"damage":42,"enemies":"3 Cultists","floor":30,"turns":4}],"seed_played":"1105291451284582514","potions_obtained":[{"floor":1,"key":"Weak Potion"},{"floor":5,"key":"SteroidPotion"},{"floor":12,"key":"Swift Potion"},{"floor":16,"key":"LiquidBronze"},{"floor":20,"key":"FocusPotion"},{"floor":29,"key":"LiquidBronze"}],"is_trial":false,"path_per_floor":["M","$","M","?","M","R","M","E","T","?","T","M","M","$","R","B",null,"M","?","?","$","?","E","R","M","T","R","M","M","M"],"character_chosen":"DEFECT","items_purchased":["Loop","Frozen Egg 2","Defragment+1"],"campfire_rested":3,"item_purchase_floors":[2,14,21],"current_hp_per_floor":[53,53,49,49,49,71,59,19,19,23,23,32,26,26,48,15,60,53,53,45,45,45,18,40,44,44,44,30,29,0],"gold":0,"neow_bonus":"THREE_RARE_CARDS","is_prod":false,"is_daily":false,"chose_seed":false,"campfire_upgraded":1,"win_rate":0,"timestamp":1554268688,"path_taken":["M","?","M","?","M","R","M","E","T","?","?","M","M","$","R","BOSS","M","?","?","$","?","E","R","M","T","R","M","?","M"],"build_version":"2019-01-23","purchased_purges":0,"victory":false,"max_hp_per_floor":[75,75,75,75,75,75,75,75,75,75,75,75,75,75,75,75,75,75,75,75,75,75,75,75,75,75,75,75,75,75],"card_choices":[{"not_picked":["Amplify","Reboot"],"picked":"Core Surge","floor":0},{"not_picked":["Skim","Redo"],"picked":"Defragment","floor":1},{"not_picked":["Glacier","Go for the Eyes"],"picked":"Sweeping Beam","floor":3},{"not_picked":["Leap","Hologram"],"picked":"Doom and Gloom","floor":5},{"not_picked":["Recycle","Barrage"],"picked":"Turbo","floor":7},{"not_picked":["Rebound","Stack"],"picked":"Barrage","floor":8},{"not_picked":["Undo","Leap"],"picked":"Echo Form","floor":10},{"not_picked":["Go for the Eyes","Leap"],"picked":"Conserve Battery","floor":12},{"not_picked":["Compile Driver","Hologram"],"picked":"Sunder","floor":13},{"not_picked":["Hyperbeam","Multi-Cast"],"picked":"Biased Cognition+1","floor":16},{"not_picked":["Reprogram","Conserve Battery"],"picked":"Force Field","floor":18},{"not_picked":["Rip and Tear","Redo"],"picked":"FTL","floor":20},{"not_picked":["Streamline+1","Biased Cognition+1"],"picked":"Defragment+1","floor":23},{"not_picked":["Stack","Rebound"],"picked":"Leap","floor":25},{"not_picked":["Conserve Battery","Leap"],"picked":"Turbo","floor":28},{"not_picked":["Turbo+1","Darkness"],"picked":"Self Repair+1","floor":29}],"player_experience":500003,"relics_obtained":[{"floor":8,"key":"Meat on the Bone"},{"floor":9,"key":"Ornamental Fan"},{"floor":10,"key":"Darkstone Periapt"},{"floor":11,"key":"Cables"},{"floor":20,"key":"Red Mask"},{"floor":23,"key":"Ancient Tea Set"},{"floor":26,"key":"Matryoshka"}],"event_choices":[{"damage_healed":0,"gold_gain":53,"player_choice":"Gained Gold","damage_taken":0,"max_hp_gain":0,"max_hp_loss":0,"event_name":"Golden Wing","floor":4,"gold_loss":0},{"damage_healed":0,"gold_gain":0,"player_choice":"Searched \u00271\u0027 times","damage_taken":0,"max_hp_gain":0,"max_hp_loss":0,"event_name":"Dead Adventurer","floor":10,"gold_loss":0},{"damage_healed":0,"gold_gain":0,"player_choice":"Simplicity","damage_taken":0,"max_hp_gain":0,"max_hp_loss":0,"event_name":"Back to Basics","floor":19,"gold_loss":0,"cards_upgraded":["Strike_B","Strike_B","Strike_B","Strike_B","Defend_B","Defend_B","Defend_B","Defend_B"]},{"damage_healed":0,"gold_gain":0,"player_choice":"Fought Bandits","damage_taken":0,"max_hp_gain":0,"max_hp_loss":0,"event_name":"Masked Bandits","floor":20,"gold_loss":0},{"damage_healed":0,"gold_gain":0,"player_choice":"Ignored","damage_taken":0,"max_hp_gain":0,"max_hp_loss":0,"event_name":"Transmorgrifier","floor":22,"gold_loss":0}],"is_beta":false,"boss_relics":[{"not_picked":["Snecko Eye","Empty Cage"],"picked":"Ectoplasm"}],"items_purged_floors":[],"is_endless":false,"potions_floor_spawned":[1,5,12,16,20,29],"killed_by":"3 Cultists","ascension_level":5}