{"gold_per_floor":[115,128,140,30,30,30,55,55,55,25,35,35,35,51,51,51],"floor_reached":16,"playtime":395,"items_purged":["Strike_G"],"score":100,"play_id":"36353c57-c67b-4a74-b3f4-eb61558ab5f3","local_time":"20190412142728","is_ascension_mode":false,"campfire_choices":[{"data":"Neutralize","floor":6,"key":"SMITH"},{"data":"Strike_G","floor":8,"key":"PURGE"},{"data":"Strike_G","floor":12,"key":"PURGE"},{"data":"Defend_G","floor":15,"key":"PURGE"}],"neow_cost":"NONE","seed_source_timestamp":108354473795200,"circlet_count":0,"master_deck":["Defend_G+1","Defend_G","Defend_G","Defend_G+1","Strike_G","Strike_G","Survivor","Neutralize+1","Poisoned Stab","Blur","Footwork","Noxious Fumes","Poisoned Stab","Deadly Poison"],"relics":["Ring of the Snake","NeowsBlessing","Peace Pipe"],"potions_floor_usage":[7],"damage_taken":[{"damage":0,"enemies":"Cultist","floor":1,"turns":1},{"damage":0,"enemies":"Jaw Worm","floor":2,"turns":1},{"damage":0,"enemies":"Small Slimes","floor":3,"turns":1},{"damage":28,"enemies":"Gremlin Nob","floor":7,"turns":4},{"damage":0,"enemies":"Looter","floor":10,"turns":4},{"damage":2,"enemies":"3 Louse","floor":11,"turns":5},{"damage":0,"enemies":"Blue Slaver","floor":14,"turns":5},{"damage":27,"enemies":"Slime Boss","floor":16,"turns":7}],"seed_played":"-6483761797563806342","potions_obtained":[{"floor":2,"key":"Strength Potion"},{"floor":11,"key":"LiquidBronze"}],"is_trial":false,"path_per_floor":["M","M","M","$","?","R","E","R","T","M","M","R","?","M","R","B"],"character_chosen":"THE_SILENT","items_purchased":["Footwork"],"campfire_rested":0,"item_purchase_floors":[4],"current_hp_per_floor":[70,70,70,70,70,70,42,42,42,42,40,40,26,26,26,0],"gold":51,"neow_bonus":"THREE_ENEMY_KILL","is_prod":false,"is_daily":false,"chose_seed":false,"campfire_upgraded":1,"win_rate":0,"timestamp":1555050448,"path_taken":["M","M","M","$","?","R","E","R","T","?","M","R","?","M","R","BOSS"],"build_version":"2019-01-23","purchased_purges":1,"victory":false,"max_hp_per_floor":[70,70,70,70,70,70,70,70,70,70,70,70,70,70,70,70],"card_choices":[{"not_picked":["Dagger Throw","Prepared"],"picked":"Poisoned Stab","floor":1},{"not_picked":["Accuracy","Backflip"],"picked":"Blur","floor":2},{"not_picked":["Backstab","Infinite Blades","Deflect"],"picked":"SKIP","floor":3},{"not_picked":["Underhanded Strike","Skewer","Dagger Throw"],"picked":"SKIP","floor":7},{"not_picked":["Prepared","Bouncing Flask"],"picked":"Noxious Fumes","floor":10},{"not_picked":["Eviscerate","Blade Dance"],"picked":"Poisoned Stab","floor":11},{"not_picked":["Setup","Predator"],"picked":"Deadly Poison","floor":14}],"player_experience":476961,"relics_obtained":[{"floor":7,"key":"Peace Pipe"}],"event_choices":[{"damage_healed":0,"gold_gain":0,"player_choice":"Full Heal","damage_taken":0,"max_hp_gain":0,"max_hp_loss":0,"event_name":"Wheel of Change","floor":5,"gold_loss":0},{"damage_healed":0,"gold_gain":0,"player_choice":"Entered Light","damage_taken":14,"max_hp_gain":0,"max_hp_loss":0,"event_name":"Shining Light","floor":13,"gold_loss":0,"cards_upgraded":["Defend_G","Defend_G"]}],"is_beta":false,"boss_relics":[],"items_purged_floors":[4],"is_endless":false,"potions_floor_spawned":[2,11],"killed_by":"Slime Boss","ascension_level":0}