{"gold_per_floor":[118,16,16,16,30,60,76,1,49,66,66,77,77,103,103,180,180,195,205,205,205,220,220,232,232,232,245,245,245],"floor_reached":29,"playtime":1213,"items_purged":["Defend_G"],"score":560,"play_id":"acde3705-655e-4205-911b-a94c41c85b67","local_time":"20190422164559","is_ascension_mode":true,"campfire_choices":[{"floor":11.0,"key":"REST"},{"data":"Leg Sweep","floor":15.0,"key":"SMITH"},{"floor":23.0,"key":"REST"},{"floor":25.0,"key":"REST"}],"neow_cost":"NONE","seed_source_timestamp":629920847365100,"circlet_count":0,"master_deck":["AscendersBane","Defend_G","Defend_G","Strike_G","Survivor","Neutralize","Accuracy+1","Blade Dance","Leg Sweep+1","PiercingWail","Terror","Backflip","Endless Agony","Blade Dance","Dagger Spray","Storm of Steel","A Thousand Cuts+1","Dodge and Roll+1","Burst+1","Backflip","Blur","Riddle With Holes","Accuracy"],"special_seed":0,"relics":["Ring of the Snake","NeowsBlessing","Centennial Puzzle","Smiling Mask","Vajra","Astrolabe","Boot"],"potions_floor_usage":[28],"damage_taken":[{"damage":0.0,"enemies":"Cultist","floor":1.0,"turns":1.0},{"damage":0.0,"enemies":"2 Louse","floor":5.0,"turns":1.0},{"damage":0.0,"enemies":"Lagavulin","floor":6.0,"turns":1.0},{"damage":13.0,"enemies":"Jaw Worm","floor":7.0,"turns":5.0},{"damage":9.0,"enemies":"Large Slime","floor":10.0,"turns":8.0},{"damage":3.0,"enemies":"Looter","floor":12.0,"turns":3.0},{"damage":22.0,"enemies":"3 Sentries","floor":14.0,"turns":8.0},{"damage":7.0,"enemies":"The Guardian","floor":16.0,"turns":13.0},{"damage":19.0,"enemies":"Shell Parasite","floor":18.0,"turns":5.0},{"damage":18.0,"enemies":"3 Byrds","floor":19.0,"turns":3.0},{"damage":18.0,"enemies":"Snake Plant","floor":22.0,"turns":5.0},{"damage":8.0,"enemies":"Centurion and Healer","floor":24.0,"turns":5.0},{"damage":11.0,"enemies":"Snecko","floor":27.0,"turns":5.0},{"damage":0,"enemies":"Slavers","floor":28,"turns":1},{"damage":24,"enemies":"Shelled Parasite and Fungi","floor":29,"turns":4}],"seed_played":"-1931445314777933735","potions_obtained":[{"floor":1.0,"key":"SmokeBomb"},{"floor":10.0,"key":"FearPotion"},{"floor":12.0,"key":"PowerPotion"},{"floor":14.0,"key":"Weak Potion"}],"is_trial":false,"path_per_floor":["M","$","$","?","M","E","M","$","T","M","R","M","?","E","R","B",null,"M","M","?","?","M","R","M","R","T","M","E","M"],"character_chosen":"THE_SILENT","items_purchased":["Blade Dance","Leg Sweep"],"campfire_rested":3,"item_purchase_floors":[2,2],"current_hp_per_floor":[59,59,59,59,59,59,46,46,46,37,56,53,58,36,36,29,61,42,24,24,24,6,27,19,40,40,29,29,5],"gold":245,"neow_bonus":"THREE_ENEMY_KILL","is_prod":false,"is_daily":false,"chose_seed":false,"campfire_upgraded":1,"win_rate":0,"timestamp":1555965959,"path_taken":["M","?","$","?","?","E","M","$","T","M","R","M","?","E","R","BOSS","M","M","?","?","M","R","M","R","T","M","E","M"],"build_version":"2019-04-21","purchased_purges":1,"victory":false,"max_hp_per_floor":[66,66,66,66,66,66,66,66,66,66,66,66,71,71,71,71,71,71,71,71,71,71,71,71,71,71,71,71,71],"card_choices":[{"not_picked":["Expertise","Flying Knee"],"picked":"Accuracy","floor":1.0},{"not_picked":["Sucker Punch","Dodge and Roll"],"picked":"PiercingWail","floor":5.0},{"not_picked":["Predator","Escape Plan"],"picked":"Terror","floor":6.0},{"not_picked":["Distraction","PiercingWail"],"picked":"Backflip","floor":7.0},{"not_picked":["Bouncing Flask","Quick Slash"],"picked":"Endless Agony","floor":10.0},{"not_picked":["Deadly Poison","Terror"],"picked":"Blade Dance","floor":12.0},{"not_picked":["Eviscerate","Deflect"],"picked":"Dagger Spray","floor":14.0},{"not_picked":["Venomology","Glass Knife"],"picked":"Storm of Steel","floor":16.0},{"not_picked":["Prepared","Eviscerate"],"picked":"Backflip","floor":18.0},{"not_picked":["Deflect","Quick Slash","Slice"],"picked":"SKIP","floor":19.0},{"not_picked":["Expertise","Prepared","Sucker Punch"],"picked":"SKIP","floor":22.0},{"not_picked":["Catalyst","Poisoned Stab","Flechettes"],"picked":"SKIP","floor":24.0},{"not_picked":["Sucker Punch","Tactician"],"picked":"Accuracy","floor":27.0}],"player_experience":1363433,"relics_obtained":[{"floor":6.0,"key":"Centennial Puzzle"},{"floor":9.0,"key":"Smiling Mask"},{"floor":14.0,"key":"Vajra"},{"floor":26.0,"key":"Boot"}],"event_choices":[{"damage_healed":0.0,"max_hp_gain":0.0,"max_hp_loss":0.0,"gold_gain":0.0,"event_name":"Accursed Blacksmith","player_choice":"Forge","floor":4.0,"gold_loss":0.0,"damage_taken":0.0,"cards_upgraded":["Accuracy"]},{"damage_healed":0.0,"max_hp_gain":5.0,"max_hp_loss":0.0,"gold_gain":0.0,"event_name":"Big Fish","player_choice":"Donut","floor":13.0,"gold_loss":0.0,"damage_taken":0.0},{"damage_healed":0.0,"max_hp_gain":0.0,"max_hp_loss":0.0,"gold_gain":0.0,"cards_transformed":["Strike_G","Strike_G"],"event_name":"Drug Dealer","player_choice":"Became Test Subject","floor":20.0,"gold_loss":0.0,"damage_taken":0.0,"cards_obtained":["Blur","Riddle With Holes"]},{"cards_removed":["Defend_G"],"damage_healed":0.0,"max_hp_gain":0.0,"max_hp_loss":0.0,"gold_gain":0.0,"event_name":"Back to Basics","player_choice":"Elegance","floor":21.0,"gold_loss":0.0,"damage_taken":0.0}],"is_beta":true,"boss_relics":[{"not_picked":["Busted Crown","Velvet Choker"],"picked":"Astrolabe"}],"items_purged_floors":[8],"is_endless":false,"potions_floor_spawned":[1,10,12,14,19,22,24],"killed_by":"Shelled Parasite and Fungi","ascension_level":20}