{"gold_per_floor":[166,178,190,190,201,201,220,220,220,220,233,262,10,30,30,126,126,144,144,144,161,173,173,173,173,173,173,134,166,177,193,193,193],"floor_reached":33,"playtime":1975,"items_purged":[],"score":269,"play_id":"a001699e-014c-4e44-8df1-07e4012dc0ce","local_time":"20190415135432","is_ascension_mode":false,"campfire_choices":[{"data":"Backflip","floor":6.0,"key":"SMITH"},{"data":"Neutralize","floor":8.0,"key":"SMITH"},{"data":"Dagger Spray","floor":10.0,"key":"SMITH"},{"floor":15,"key":"REST"},{"floor":23,"key":"REST"},{"floor":25,"key":"REST"},{"data":"Dodge and Roll","floor":27,"key":"SMITH"},{"floor":32,"key":"REST"}],"neow_cost":"NONE","seed_source_timestamp":403806169461400,"circlet_count":0,"master_deck":["Defend_G+1","Defend_G+1","Defend_G+1","Defend_G+1","Defend_G+1","Strike_G+1","Strike_G+1","Strike_G+1","Strike_G+1","Strike_G+1","Survivor","Neutralize+1","Poisoned Stab","Poisoned Stab","Dagger Throw","Dagger Spray+1","Backflip+1","Sucker Punch","Dodge and Roll+1","Quick Slash","Deadly Poison+1","Necronomicurse","Sucker Punch","Cloak And Dagger","Dagger Spray","Quick Slash+1","Backflip"],"special_seed":0,"relics":["Tiny House","The Courier","Pen Nib","Snake Skull","Blood Vial","Lizard Tail","Necronomicon","Blue Candle","Peace Pipe"],"potions_floor_usage":[16,19,22,29,30,31,33],"damage_taken":[{"damage":0.0,"enemies":"Jaw Worm","floor":1.0,"turns":4.0},{"damage":3.0,"enemies":"Small Slimes","floor":2.0,"turns":3.0},{"damage":0.0,"enemies":"2 Louse","floor":3.0,"turns":2.0},{"damage":7.0,"enemies":"Looter","floor":5.0,"turns":3.0},{"damage":2.0,"enemies":"2 Fungi Beasts","floor":7.0,"turns":3.0},{"damage":9.0,"enemies":"3 Louse","floor":11.0,"turns":3.0},{"damage":14,"enemies":"3 Sentries","floor":12,"turns":6},{"damage":4,"enemies":"Blue Slaver","floor":14,"turns":3},{"damage":22,"enemies":"The Guardian","floor":16,"turns":11},{"damage":7,"enemies":"Chosen","floor":18,"turns":4},{"damage":15,"enemies":"Colosseum Slavers","floor":19,"turns":5},{"damage":32,"enemies":"2 Thieves","floor":21,"turns":5},{"damage":42,"enemies":"Sentry and Sphere","floor":22,"turns":8},{"damage":22,"enemies":"Book of Stabbing","floor":29,"turns":8},{"damage":9,"enemies":"Snake Plant","floor":30,"turns":4},{"damage":7,"enemies":"Centurion and Healer","floor":31,"turns":7},{"damage":93,"enemies":"Automaton","floor":33,"turns":12}],"seed_played":"6927400816724090085","potions_obtained":[{"floor":0.0,"key":"FearPotion"},{"floor":1.0,"key":"LiquidBronze"},{"floor":11.0,"key":"GamblersBrew"},{"floor":14,"key":"Fruit Juice"},{"floor":18,"key":"AttackPotion"},{"floor":21,"key":"Explosive Potion"},{"floor":29,"key":"Strength Potion"},{"floor":30,"key":"Regen Potion"}],"is_trial":false,"path_per_floor":["M","M","M","?","M","R","M","R","T","R","M","E","$","M","R","B",null,"M","?","?","M","M","R","?","R","T","R","$","E","M","M","R","B"],"character_chosen":"THE_SILENT","items_purchased":["Snake Skull","Blood Vial","PowerPotion"],"campfire_rested":4,"item_purchase_floors":[13,13,28],"current_hp_per_floor":[75,72,72,72,65,65,63,63,63,63,54,40,40,38,60,45,80,73,60,44,14,14,38,38,62,62,62,62,42,35,45,69,0],"gold":193,"neow_bonus":"BOSS_RELIC","is_prod":false,"is_daily":false,"chose_seed":false,"campfire_upgraded":4,"win_rate":0,"timestamp":1555350872,"path_taken":["M","M","M","?","M","R","M","R","T","R","M","E","$","M","R","BOSS","M","?","?","M","M","R","?","R","T","R","$","E","M","M","R","BOSS"],"build_version":"2019-01-23","purchased_purges":0,"victory":false,"max_hp_per_floor":[75,75,75,75,75,75,75,75,75,75,75,75,75,75,75,80,80,80,80,80,80,80,80,80,80,80,80,80,80,80,80,80,80],"card_choices":[{"not_picked":["Bouncing Flask","Bane"],"picked":"Poisoned Stab","floor":0.0},{"not_picked":["Acrobatics","Sucker Punch"],"picked":"Poisoned Stab","floor":1.0},{"not_picked":["Outmaneuver","Riddle With Holes"],"picked":"Dagger Throw","floor":2.0},{"not_picked":["Outmaneuver","Riddle With Holes"],"picked":"Dagger Spray","floor":3.0},{"not_picked":["Blade Dance","Dodge and Roll"],"picked":"Backflip","floor":5.0},{"not_picked":["Noxious Fumes","Eviscerate","Skewer"],"picked":"SKIP","floor":7.0},{"not_picked":["Setup","All Out Attack"],"picked":"Sucker Punch","floor":11.0},{"not_picked":["Dagger Throw","Envenom"],"picked":"Dodge and Roll","floor":12},{"not_picked":["Flying Knee","Bane"],"picked":"Quick Slash","floor":14},{"not_picked":["Infinite Blades","Backflip"],"picked":"Deadly Poison+1","floor":18},{"not_picked":["Skewer+1","Well Laid Plans"],"picked":"Sucker Punch","floor":21},{"not_picked":["Setup","Deadly Poison"],"picked":"Cloak And Dagger","floor":22},{"not_picked":["Bouncing Flask","Crippling Poison"],"picked":"Dagger Spray","floor":29},{"not_picked":["Heel Hook","Calculated Gamble"],"picked":"Quick Slash+1","floor":30},{"not_picked":["Calculated Gamble","Bouncing Flask"],"picked":"Backflip","floor":31}],"player_experience":339273,"relics_obtained":[{"floor":9.0,"key":"The Courier"},{"floor":12,"key":"Pen Nib"},{"floor":20,"key":"Necronomicon"},{"floor":26,"key":"Blue Candle"},{"floor":29,"key":"Peace Pipe"}],"event_choices":[{"damage_healed":0.0,"max_hp_gain":0.0,"max_hp_loss":0.0,"gold_gain":0.0,"event_name":"The Cleric","player_choice":"Leave","floor":4.0,"gold_loss":0.0,"damage_taken":0.0},{"damage_healed":0,"gold_gain":0,"player_choice":"Fight","damage_taken":0,"max_hp_gain":0,"max_hp_loss":0,"event_name":"Colosseum","floor":19,"gold_loss":0},{"damage_healed":0,"gold_gain":0,"player_choice":"Fled From Nobs","damage_taken":0,"max_hp_gain":0,"max_hp_loss":0,"event_name":"Colosseum","floor":19,"gold_loss":0},{"damage_healed":0,"gold_gain":0,"player_choice":"Obtained Book","damage_taken":16,"max_hp_gain":0,"max_hp_loss":0,"event_name":"Cursed Tome","floor":20,"gold_loss":0},{"damage_healed":0,"gold_gain":0,"player_choice":"Simplicity","damage_taken":0,"max_hp_gain":0,"max_hp_loss":0,"event_name":"Back to Basics","floor":24,"gold_loss":0,"cards_upgraded":["Defend_G","Defend_G","Defend_G","Defend_G","Strike_G","Strike_G","Strike_G","Strike_G","Strike_G"]}],"is_beta":false,"boss_relics":[{"not_picked":["Empty Cage","Ectoplasm"],"picked":"Lizard Tail"}],"items_purged_floors":[],"is_endless":false,"potions_floor_spawned":[1,11,14,18,21,29,30],"killed_by":"Automaton","ascension_level":0}