{"gold_per_floor":[118,129,129,29,46,46,62,62,62,78,97,123,137,169,169,169],"floor_reached":16,"playtime":850,"items_purged":[],"score":208,"play_id":"08b79ab2-8b00-4f08-8491-ebda96d30004","local_time":"20190503162733","is_ascension_mode":true,"campfire_choices":[{"data":"Discovery","floor":6.0,"key":"SMITH"},{"data":"Prepared","floor":8.0,"key":"SMITH"},{"floor":15.0,"key":"REST"}],"neow_cost":"NONE","seed_source_timestamp":0,"circlet_count":0,"master_deck":["AscendersBane","Defend_G","Defend_G","Defend_G","Defend_G","Defend_G","Strike_G","Strike_G","Strike_G","Strike_G","Strike_G","Survivor","Neutralize","Tactician","Prepared","Acrobatics","Underhanded Strike","Quick Slash","Underhanded Strike","Prepared+1","Discovery+1","Dagger Throw","Dagger Throw","Setup","Prepared"],"special_seed":0,"relics":["Orrery","The Courier","Bag of Preparation","Bronze Scales"],"potions_floor_usage":[],"damage_taken":[{"damage":7.0,"enemies":"2 Louse","floor":1.0,"turns":4.0},{"damage":0.0,"enemies":"Cultist","floor":2.0,"turns":3.0},{"damage":2.0,"enemies":"Jaw Worm","floor":5.0,"turns":3.0},{"damage":6.0,"enemies":"3 Louse","floor":7.0,"turns":3.0},{"damage":3.0,"enemies":"Looter","floor":10.0,"turns":3.0},{"damage":4.0,"enemies":"Blue Slaver","floor":11.0,"turns":2.0},{"damage":19.0,"enemies":"Large Slime","floor":13.0,"turns":5.0},{"damage":7.0,"enemies":"3 Sentries","floor":14.0,"turns":6.0},{"damage":29,"enemies":"The Guardian","floor":16,"turns":6}],"seed_played":"8581482323450334124","potions_obtained":[{"floor":3.0,"key":"SpeedPotion"},{"floor":3.0,"key":"Ancient Potion"},{"floor":5.0,"key":"FearPotion"},{"floor":7.0,"key":"AttackPotion"},{"floor":10.0,"key":"PowerPotion"}],"is_trial":false,"path_per_floor":["M","M","?","$","M","R","M","R","T","M","M","T","M","E","R","B"],"character_chosen":"THE_SILENT","items_purchased":["Discovery"],"campfire_rested":1,"item_purchase_floors":[4],"current_hp_per_floor":[52,52,52,52,50,50,44,44,44,41,37,37,18,11,30,1],"gold":169,"neow_bonus":"BOSS_RELIC","is_prod":false,"is_daily":false,"chose_seed":false,"campfire_upgraded":2,"win_rate":0,"timestamp":1556915253,"path_taken":["M","M","?","$","M","R","?","R","T","M","?","?","M","E","R","BOSS"],"build_version":"2019-04-23","purchased_purges":0,"victory":false,"max_hp_per_floor":[66,66,66,66,66,66,66,66,66,66,66,66,66,66,66,66],"card_choices":[{"not_picked":["Outmaneuver","Escape Plan"],"picked":"Tactician","floor":0.0},{"not_picked":["Infinite Blades","Flechettes"],"picked":"Prepared","floor":0.0},{"not_picked":["Blade Dance","Flying Knee"],"picked":"Acrobatics","floor":0.0},{"not_picked":["Flechettes","Quick Slash"],"picked":"Underhanded Strike","floor":0.0},{"not_picked":["Heel Hook","Flying Knee"],"picked":"Quick Slash","floor":0.0},{"not_picked":["Cloak And Dagger","Deflect"],"picked":"Underhanded Strike","floor":1.0},{"not_picked":["Sucker Punch","Dodge and Roll"],"picked":"Prepared","floor":2.0},{"not_picked":["Slice","PiercingWail"],"picked":"Dagger Throw","floor":5.0},{"not_picked":["Masterful Stab","Deadly Poison","Cloak And Dagger"],"picked":"SKIP","floor":7.0},{"not_picked":["Caltrops","Dash"],"picked":"Dagger Throw","floor":10.0},{"not_picked":["Endless Agony","Escape Plan"],"picked":"Setup","floor":11.0},{"not_picked":["Dodge and Roll","Malaise","Masterful Stab"],"picked":"SKIP","floor":13.0},{"not_picked":["Flying Knee","Night Terror"],"picked":"Prepared","floor":14.0}],"player_experience":1395633,"relics_obtained":[{"floor":9.0,"key":"The Courier"},{"floor":12.0,"key":"Bag of Preparation"},{"floor":14.0,"key":"Bronze Scales"}],"event_choices":[{"damage_healed":0.0,"max_hp_gain":0.0,"max_hp_loss":0.0,"gold_gain":0.0,"event_name":"Lab","player_choice":"Got Potions","floor":3.0,"gold_loss":0.0,"damage_taken":0.0}],"is_beta":true,"boss_relics":[],"items_purged_floors":[],"is_endless":false,"potions_floor_spawned":[5,7,10,13],"killed_by":"The Guardian","ascension_level":20}