{"gold_per_floor":[111,111,126,12,37,37,58,3,3,3,3,17,17,38,38,159,159,192,204,236,263,82,82,95,113,188,188,203,203,226,226],"floor_reached":31,"playtime":1007,"items_purged":["Pain"],"score":231,"play_id":"6e91b04b-d500-490e-9dbf-ada2abd164fa","local_time":"20180817033914","is_ascension_mode":false,"campfire_choices":[{"data":"Loop","floor":6,"key":"SMITH"},{"data":"Zap","floor":11,"key":"SMITH"},{"floor":15,"key":"REST"},{"floor":23,"key":"REST"},{"floor":27,"key":"REST"}],"neow_cost":"CURSE","seed_source_timestamp":98801225153345,"circlet_count":0,"master_deck":["Strike_B","Strike_B","Strike_B","Strike_B","Defend_B","Defend_B","Defend_B","Defend_B","Zap+1","Dualcast","Capacitor","Steam","Loop+1","Conserve Battery+1","Electrodynamics","Clumsy","Normality","Parasite","Coolheaded","Hologram+1"],"relics":["Cracked Core","Golden Idol","Du-Vu Doll","Bottled Lightning","Calling Bell","MawBank","Darkstone Periapt","Peace Pipe","DataDisk","Mercury Hourglass"],"potions_floor_usage":[16,16,18,31,31,31],"damage_taken":[{"damage":3,"enemies":"Cultist","floor":1,"turns":2},{"damage":4,"enemies":"Jaw Worm","floor":3,"turns":3},{"damage":0,"enemies":"Small Slimes","floor":5,"turns":3},{"damage":5,"enemies":"Red Slaver","floor":7,"turns":4},{"damage":0,"enemies":"Looter","floor":12,"turns":3},{"damage":6,"enemies":"Lots of Slimes","floor":14,"turns":4},{"damage":31,"enemies":"The Guardian","floor":16,"turns":11},{"damage":11,"enemies":"3 Byrds","floor":18,"turns":4},{"damage":18,"enemies":"Spheric Guardian","floor":20,"turns":5},{"damage":21,"enemies":"Chosen and Byrds","floor":21,"turns":6},{"damage":32,"enemies":"Snake Plant","floor":24,"turns":4},{"damage":12,"enemies":"Centurion and Healer","floor":25,"turns":5},{"damage":10,"enemies":"3 Cultists","floor":28,"turns":4},{"damage":31,"enemies":"Snecko","floor":30,"turns":6},{"damage":11,"enemies":"Snake Plant","floor":31,"turns":1}],"seed_played":"530321903780133743","potions_obtained":[{"floor":1,"key":"Poison Potion"},{"floor":7,"key":"SneckoOil"},{"floor":14,"key":"FocusPotion"},{"floor":16,"key":"Block Potion"},{"floor":24,"key":"Strength Potion"},{"floor":25,"key":"Dexterity Potion"}],"is_trial":false,"path_per_floor":["M","?","M","$","M","R","M","?","T","$","R","M","?","M","R","B",null,"M","?","M","M","$","R","M","M","T","R","M","?","M"],"character_chosen":"DEFECT","items_purchased":["Loop","Coolheaded","DataDisk"],"campfire_rested":3,"item_purchase_floors":[4,22,22],"current_hp_per_floor":[86,64,60,60,60,60,55,55,55,55,55,55,55,49,75,44,89,78,78,60,39,39,65,33,21,21,47,37,37,6,0],"gold":226,"neow_bonus":"TWENTY_PERCENT_HP_BONUS","is_prod":false,"is_daily":false,"chose_seed":false,"campfire_upgraded":2,"win_rate":0,"timestamp":1534469954,"path_taken":["M","?","M","$","?","R","M","?","T","$","R","M","?","M","R","BOSS","M","?","M","M","$","R","M","M","T","R","M","?","M","M"],"build_version":"2018-08-09","purchased_purges":1,"victory":false,"max_hp_per_floor":[89,89,89,89,89,89,89,89,89,89,89,89,89,89,89,89,89,89,89,89,89,89,89,89,89,89,89,89,89,89,89],"card_choices":[{"not_picked":["Leap","White Noise"],"picked":"Capacitor","floor":1},{"not_picked":["Turbo","Melter"],"picked":"Steam","floor":3},{"not_picked":["Hologram","Barrage","Chill"],"picked":"SKIP","floor":5},{"not_picked":["Barrage","Turbo"],"picked":"Conserve Battery","floor":7},{"not_picked":["Gash","Recycle","Sunder"],"picked":"SKIP","floor":12},{"not_picked":["Double Energy","Hologram","Barrage"],"picked":"SKIP","floor":14},{"not_picked":["Biased Cognition","Multi-Cast"],"picked":"Electrodynamics","floor":16},{"not_picked":["Stack","Go for the Eyes","Reinforced Body+1"],"picked":"SKIP","floor":18},{"not_picked":["Turbo","Conserve Battery","Barrage+1"],"picked":"SKIP","floor":20},{"not_picked":["Streamline","Turbo","Undo+1"],"picked":"SKIP","floor":21},{"not_picked":["Turbo","Gash"],"picked":"Hologram+1","floor":24},{"not_picked":["Leap","Stack","Hologram"],"picked":"SKIP","floor":25},{"not_picked":["Streamline","Turbo","Rebound"],"picked":"SKIP","floor":28},{"not_picked":["Blizzard","Redo","Go for the Eyes"],"picked":"SKIP","floor":30}],"player_experience":463860,"relics_obtained":[{"floor":9,"key":"Bottled Lightning"},{"floor":17,"key":"MawBank"},{"floor":17,"key":"Darkstone Periapt"},{"floor":17,"key":"Peace Pipe"},{"floor":26,"key":"Mercury Hourglass"}],"event_choices":[{"event_name":"Golden Idol","player_choice":"Take Damage","floor":2,"damage_taken":0},{"event_name":"WeMeetAgain","player_choice":"Gold","floor":8,"damage_taken":0},{"event_name":"Upgrade Shrine","player_choice":"Upgraded","floor":13,"damage_taken":0},{"event_name":"Vampires","player_choice":"Ignored","floor":19,"damage_taken":0},{"event_name":"The Mausoleum","player_choice":"No","floor":29,"damage_taken":0}],"is_beta":false,"boss_relics":[{"not_picked":["Tiny House","White Beast Statue"],"picked":"Calling Bell"}],"items_purged_floors":[4],"is_endless":false,"potions_floor_spawned":[1,7,14,16,24,25],"killed_by":"Snake Plant","ascension_level":0}