{"gold_per_floor":[116,116,96,113,128,156,156,167,167,167,182,38,66,66,66,169,169,189,189,189,189,104,133,133,58,85,100,116,116,116,127,127,228,228,242,242,69,69,0,0,12,12,12,12,112,112,27,45,45,45],"floor_reached":50,"playtime":3106,"items_purged":["Decay"],"score":514,"play_id":"f72ccfd0-77d0-4039-ac1b-f88c3c0864f5","local_time":"20190227162801","is_ascension_mode":false,"campfire_choices":[{"data":"Sweeping Beam","floor":7,"key":"SMITH"},{"data":"Rip and Tear","floor":10,"key":"SMITH"},{"data":"Redo","floor":15,"key":"SMITH"},{"data":"White Noise","floor":32,"key":"SMITH"},{"floor":40,"key":"REST"},{"data":"Streamline","floor":42,"key":"SMITH"},{"data":"Streamline","floor":49,"key":"SMITH"}],"neow_cost":"NONE","seed_source_timestamp":941660238826536,"circlet_count":0,"master_deck":["Defend_B+1","Defend_B+1","Defend_B+1","Zap+1","Dualcast","Sweeping Beam+1","Leap","Rip and Tear+1","Redo+1","Conserve Battery","Leap","Echo Form","Sunder","Streamline+1","Genetic Algorithm","Melter","Capacitor","Ball Lightning","Bite","Bite","Bite","Bite","Bite","White Noise+1","Reboot","Streamline+1","Sweeping Beam","Deep Breath","Blind","Coolheaded+1","Redo+1","Zap+1","FTL","Coolheaded+1"],"relics":["Cracked Core","Gremlin Horn","Mummified Hand","Juzu Bracelet","Meat on the Bone","Cursed Key","Calipers","Smiling Mask","Orichalcum","Du-Vu Doll","Inserter","Potion Belt","Red Mask","Pantograph","Dead Branch"],"potions_floor_usage":[16,16,27,33,33,33,50,50,50],"damage_taken":[{"damage":7,"enemies":"Small Slimes","floor":1,"turns":4},{"damage":1,"enemies":"Cultist","floor":4,"turns":3},{"damage":0,"enemies":"2 Louse","floor":5,"turns":2},{"damage":12,"enemies":"Lagavulin","floor":6,"turns":5},{"damage":0,"enemies":"Lots of Slimes","floor":8,"turns":2},{"damage":2,"enemies":"Blue Slaver","floor":11,"turns":2},{"damage":4,"enemies":"3 Sentries","floor":13,"turns":5},{"damage":15,"enemies":"Slime Boss","floor":16,"turns":11},{"damage":5,"enemies":"Shell Parasite","floor":18,"turns":4},{"damage":12,"enemies":"Book of Stabbing","floor":23,"turns":4},{"damage":4,"enemies":"2 Thieves","floor":27,"turns":4},{"damage":1,"enemies":"Sentry and Sphere","floor":28,"turns":3},{"damage":24,"enemies":"Chosen and Byrds","floor":31,"turns":6},{"damage":49,"enemies":"Collector","floor":33,"turns":8},{"damage":16,"enemies":"3 Shapes","floor":35,"turns":4},{"damage":23,"enemies":"3 Darklings","floor":41,"turns":6},{"damage":0,"enemies":"Mind Bloom Boss Battle","floor":45,"turns":7},{"damage":11,"enemies":"Maw","floor":48,"turns":7},{"damage":77,"enemies":"Awakened One","floor":50,"turns":8}],"seed_played":"-3263256821694034085","potions_obtained":[{"floor":1,"key":"Block Potion"},{"floor":3,"key":"EntropicBrew"},{"floor":4,"key":"Fire Potion"},{"floor":18,"key":"FearPotion"},{"floor":23,"key":"SkillPotion"},{"floor":33,"key":"SteroidPotion"}],"is_trial":false,"path_per_floor":["M","?","?","M","M","E","R","M","T","R","M","$","E","?","R","B",null,"M","?","$","?","?","E","?","?","T","M","M","?","T","M","R","B",null,"M","?","$","?","?","R","M","R","T","?","?","?","$","M","R","B"],"character_chosen":"DEFECT","items_purchased":["Juzu Bracelet","Sweeping Beam","Potion Belt","FTL"],"campfire_rested":1,"item_purchase_floors":[12,37,37,47],"current_hp_per_floor":[75,75,75,74,74,62,62,62,62,62,60,60,56,82,82,67,82,77,77,77,77,77,65,65,65,65,61,60,57,57,41,41,24,57,45,45,45,40,40,57,48,48,48,48,57,57,57,54,54,0],"gold":45,"neow_bonus":"TEN_PERCENT_HP_BONUS","is_prod":false,"is_daily":false,"chose_seed":false,"campfire_upgraded":6,"win_rate":0.0,"timestamp":1551306481,"path_taken":["M","?","?","M","M","E","R","M","T","R","M","$","E","?","R","BOSS","M","?","$","?","?","E","?","?","T","M","M","?","?","M","R","BOSS","M","?","$","?","?","R","M","R","T","?","?","?","$","M","R","BOSS"],"build_version":"2019-01-23","purchased_purges":1,"victory":false,"max_hp_per_floor":[82,82,82,82,82,82,82,82,82,82,82,82,82,82,82,82,82,82,82,82,82,82,82,82,82,82,82,82,57,57,57,57,57,57,57,57,57,57,57,57,57,57,57,57,57,57,57,57,57,57],"card_choices":[{"not_picked":["Skim","Heatsinks"],"picked":"Sweeping Beam","floor":1},{"not_picked":["Stack","BootSequence"],"picked":"Leap","floor":4},{"not_picked":["Redo","Streamline"],"picked":"Rip and Tear","floor":5},{"not_picked":["Chaos","Chill"],"picked":"Reinforced Body","floor":6},{"not_picked":["Compile Driver","Barrage"],"picked":"Redo","floor":8},{"not_picked":["Coolheaded","Go for the Eyes"],"picked":"Conserve Battery","floor":11},{"not_picked":["Biased Cognition","Steam"],"picked":"Leap","floor":13},{"not_picked":["Seek","Machine Learning"],"picked":"Echo Form","floor":16},{"not_picked":["Compile Driver+1","Consume+1"],"picked":"Sunder","floor":18},{"not_picked":["Turbo","Echo Form"],"picked":"Streamline","floor":23},{"not_picked":["Compile Driver","Go for the Eyes"],"picked":"Capacitor","floor":27},{"not_picked":["Undo","Darkness"],"picked":"Ball Lightning","floor":28},{"not_picked":["Go for the Eyes","Blizzard"],"picked":"White Noise","floor":31},{"not_picked":["Echo Form","Creative AI"],"picked":"Reboot","floor":33},{"not_picked":["Compile Driver","Doom and Gloom+1"],"picked":"Streamline","floor":35},{"not_picked":["Impatience","Panacea"],"picked":"Deep Breath","floor":38},{"not_picked":["Deep Breath","Bandage Up"],"picked":"Blind","floor":38},{"not_picked":["Static Discharge","Stack"],"picked":"Coolheaded+1","floor":41},{"not_picked":["Genetic Algorithm","Chaos"],"picked":"Redo+1","floor":45},{"not_picked":["Force Field","Turbo+1"],"picked":"Coolheaded+1","floor":48}],"player_experience":96009,"relics_obtained":[{"floor":6,"key":"Gremlin Horn"},{"floor":9,"key":"Mummified Hand"},{"floor":13,"key":"Meat on the Bone"},{"floor":23,"key":"Smiling Mask"},{"floor":26,"key":"Orichalcum"},{"floor":30,"key":"Du-Vu Doll"},{"floor":43,"key":"Pantograph"},{"floor":45,"key":"Dead Branch"}],"event_choices":[{"damage_healed":0,"gold_gain":0,"player_choice":"Grow","damage_taken":0,"max_hp_gain":0,"max_hp_loss":0,"event_name":"Living Wall","floor":2,"gold_loss":0,"cards_upgraded":["Zap"]},{"damage_healed":0,"gold_gain":0,"player_choice":"Bought 1 Potion","damage_taken":0,"max_hp_gain":0,"max_hp_loss":0,"event_name":"The Woman in Blue","floor":3,"gold_loss":0},{"damage_healed":26,"gold_gain":0,"player_choice":"Full Heal","damage_taken":0,"max_hp_gain":0,"max_hp_loss":0,"event_name":"Wheel of Change","floor":14,"gold_loss":0},{"damage_healed":0,"gold_gain":0,"player_choice":"Simplicity","damage_taken":0,"max_hp_gain":0,"max_hp_loss":0,"event_name":"Back to Basics","floor":19,"gold_loss":0,"cards_upgraded":["Strike_B","Strike_B","Strike_B","Strike_B","Defend_B","Defend_B","Defend_B","Defend_B"]},{"damage_healed":0,"gold_gain":0,"player_choice":"Cursed","damage_taken":0,"max_hp_gain":0,"max_hp_loss":0,"event_name":"Wheel of Change","floor":21,"gold_loss":0,"cards_obtained":["Decay"]},{"damage_healed":0,"gold_gain":0,"player_choice":"Obtained Relic","damage_taken":0,"relics_obtained":["Calipers"],"max_hp_gain":0,"max_hp_loss":0,"event_name":"Addict","floor":22,"gold_loss":85},{"damage_healed":0,"gold_gain":0,"cards_transformed":["Defend_B","Strike_B"],"player_choice":"Became Test Subject","damage_taken":0,"max_hp_gain":0,"max_hp_loss":0,"event_name":"Drug Dealer","floor":24,"gold_loss":0,"cards_obtained":["Genetic Algorithm","Melter"]},{"cards_removed":["Decay"],"damage_healed":0,"gold_gain":0,"player_choice":"Gave Gold","damage_taken":0,"max_hp_gain":0,"max_hp_loss":0,"event_name":"Beggar","floor":25,"gold_loss":75},{"damage_healed":0,"gold_gain":0,"player_choice":"Became a vampire","damage_taken":0,"max_hp_gain":0,"max_hp_loss":25,"event_name":"Vampires","floor":29,"gold_loss":0,"cards_obtained":["Bite","Bite","Bite","Bite","Bite"]},{"cards_removed":["Pain","Writhe"],"damage_healed":0,"gold_gain":0,"player_choice":"Removed Curses","damage_taken":0,"max_hp_gain":0,"max_hp_loss":0,"event_name":"Fountain of Cleansing","floor":36,"gold_loss":0},{"damage_healed":0,"gold_gain":0,"player_choice":"Memory 2","damage_taken":5,"max_hp_gain":0,"max_hp_loss":0,"event_name":"SensoryStone","floor":38,"gold_loss":0},{"damage_healed":0,"gold_gain":0,"player_choice":"Paid","damage_taken":0,"relics_obtained":["Red Mask"],"max_hp_gain":0,"max_hp_loss":0,"event_name":"Tomb of Lord Red Mask","floor":39,"gold_loss":69},{"cards_removed":["Reinforced Body"],"damage_healed":0,"gold_gain":0,"player_choice":"Removed Skill","damage_taken":0,"max_hp_gain":0,"max_hp_loss":0,"event_name":"Falling","floor":44,"gold_loss":0},{"damage_healed":0,"gold_gain":0,"player_choice":"Fight","damage_taken":0,"max_hp_gain":0,"max_hp_loss":0,"event_name":"MindBloom","floor":45,"gold_loss":0},{"damage_healed":0,"gold_gain":0,"player_choice":"Copied","damage_taken":0,"max_hp_gain":0,"max_hp_loss":0,"event_name":"Duplicator","floor":46,"gold_loss":0,"cards_obtained":["Zap"]}],"is_beta":false,"boss_relics":[{"not_picked":["Nuclear Battery","Eternal Feather"],"picked":"Cursed Key"},{"not_picked":["Calling Bell","Velvet Choker"],"picked":"Inserter"}],"items_purged_floors":[47],"is_endless":false,"potions_floor_spawned":[1,4,6,11,18,23,33,35],"killed_by":"Awakened One","ascension_level":0}