{"gold_per_floor":[114,130,149,159,234,234,262,262,311,328,47,82,82],"floor_reached":13,"playtime":369,"items_purged":["Normality"],"score":113,"play_id":"8d929a29-666c-4234-be24-752cc4895896","local_time":"20180905143218","is_ascension_mode":true,"campfire_choices":[{"data":"Loop","floor":6,"key":"SMITH"},{"data":"Hologram","floor":8,"key":"SMITH"}],"neow_cost":"CURSE","seed_source_timestamp":461790905944836,"circlet_count":0,"master_deck":["Strike_B","Strike_B","Strike_B","Strike_B","Defend_B","Defend_B","Defend_B","Defend_B","Zap","Dualcast","Go for the Eyes","Conserve Battery","Loop+1","Ball Lightning","Hologram+1","Echo Form","HandOfGreed"],"relics":["Cracked Core","Torii","Gremlin Horn","Happy Flower"],"potions_floor_usage":[4,7,7],"damage_taken":[{"damage":2,"enemies":"Small Slimes","floor":1,"turns":3},{"damage":0,"enemies":"2 Louse","floor":2,"turns":3},{"damage":2,"enemies":"Jaw Worm","floor":3,"turns":4},{"damage":0,"enemies":"Lots of Slimes","floor":4,"turns":1},{"damage":13,"enemies":"Gremlin Nob","floor":7,"turns":5},{"damage":2,"enemies":"Looter","floor":10,"turns":3},{"damage":9,"enemies":"3 Louse","floor":12,"turns":2},{"damage":31,"enemies":"3 Sentries","floor":13,"turns":4}],"seed_played":"6315871179155336424","potions_obtained":[{"floor":1,"key":"Explosive Potion"},{"floor":2,"key":"SpeedPotion"},{"floor":3,"key":"Block Potion"}],"is_trial":false,"path_per_floor":["M","M","M","M","?","R","E","R","T","M","$","M"],"character_chosen":"DEFECT","items_purchased":["HandOfGreed"],"campfire_rested":0,"item_purchase_floors":[11],"current_hp_per_floor":[66,66,64,64,53,53,40,40,40,38,38,29,0],"gold":82,"neow_bonus":"ONE_RARE_RELIC","is_prod":false,"is_daily":false,"chose_seed":false,"campfire_upgraded":2,"win_rate":0,"timestamp":1536172338,"path_taken":["M","M","M","M","?","R","E","R","T","M","$","M","E"],"build_version":"2018-08-30","purchased_purges":1,"victory":false,"max_hp_per_floor":[75,75,75,75,75,75,75,75,75,75,75,75,75],"card_choices":[{"not_picked":["Auto Shields","Undo"],"picked":"Go for the Eyes","floor":1},{"not_picked":["Hello World","Stack"],"picked":"Conserve Battery","floor":2},{"not_picked":["Barrage","Coolheaded"],"picked":"Loop","floor":3},{"not_picked":["Reprogram","Fusion"],"picked":"Ball Lightning","floor":4},{"not_picked":["Go for the Eyes","Recycle"],"picked":"Hologram","floor":7},{"not_picked":["Fusion","Force Field"],"picked":"Echo Form","floor":10},{"not_picked":["Leap","Scrape","Lockon"],"picked":"SKIP","floor":12}],"player_experience":513164,"relics_obtained":[{"floor":7,"key":"Gremlin Horn"},{"floor":9,"key":"Happy Flower"}],"event_choices":[{"event_name":"World of Goop","player_choice":"Gather Gold","floor":5,"damage_taken":0}],"is_beta":false,"boss_relics":[],"items_purged_floors":[11],"is_endless":false,"potions_floor_spawned":[1,2,3],"killed_by":"3 Sentries","ascension_level":6}