{"gold_per_floor":[112,124,124,124,124,124,136,61,61,61,61,61,71,82,82,177,177,196,196,196,20,36,54,54,30,30,83,83,95,95,113,113,214,214,232,107,121,121,132,132,148,148,172,182,182,136,154,204,204,204],"floor_reached":50,"playtime":1912,"items_purged":["Strike_B","Decay","Doom and Gloom+1"],"score":605,"play_id":"16d3852d-3804-4a4f-a677-bc5722c64cd7","local_time":"20180819222710","is_ascension_mode":true,"campfire_choices":[{"data":"Zap","floor":6,"key":"SMITH"},{"data":"Sweeping Beam","floor":10,"key":"SMITH"},{"data":"Dualcast","floor":12,"key":"SMITH"},{"data":"Defend_B","floor":15,"key":"SMITH"},{"floor":24,"key":"REST"},{"data":"Defragment","floor":28,"key":"SMITH"},{"floor":30,"key":"REST"},{"floor":32,"key":"REST"},{"floor":40,"key":"REST"},{"data":"Self Repair","floor":42,"key":"SMITH"},{"data":"Electrodynamics","floor":49,"key":"SMITH"}],"neow_cost":"PERCENT_DAMAGE","seed_source_timestamp":29541653727643,"circlet_count":0,"master_deck":["Defend_B+1","Zap+1","Dualcast+1","Sweeping Beam+1","Rebound+1","Echo Form","Conserve Battery+1","Gash+1","Glacier+1","Electrodynamics+1","Defragment+1","Turbo","Gash","All For One","Self Repair+1","Hologram+1","Self Repair+1","Gash"],"relics":["Cracked Core","Shuriken","Bottled Flame","Matryoshka","Astrolabe","Gremlin Horn","Whetstone","Bag of Marbles","Regal Pillow","Nuclear Battery","Vajra","Peace Pipe"],"potions_floor_usage":[23,23,35,37,41,50,50,50],"damage_taken":[{"damage":1,"enemies":"Cultist","floor":1,"turns":3},{"damage":3,"enemies":"Jaw Worm","floor":2,"turns":4},{"damage":0,"enemies":"Small Slimes","floor":7,"turns":2},{"damage":1,"enemies":"2 Fungi Beasts","floor":13,"turns":2},{"damage":18,"enemies":"Exordium Thugs","floor":14,"turns":3},{"damage":45,"enemies":"Hexaghost","floor":16,"turns":8},{"damage":16,"enemies":"3 Byrds","floor":18,"turns":5},{"damage":12,"enemies":"2 Thieves","floor":22,"turns":3},{"damage":2,"enemies":"Chosen and Byrds","floor":23,"turns":4},{"damage":14,"enemies":"Shelled Parasite and Fungi","floor":29,"turns":4},{"damage":27,"enemies":"Centurion and Healer","floor":31,"turns":4},{"damage":16,"enemies":"Automaton","floor":33,"turns":6},{"damage":36,"enemies":"3 Shapes","floor":35,"turns":3},{"damage":13,"enemies":"Flame Bruiser 1 Orb","floor":37,"turns":3},{"damage":12,"enemies":"4 Shapes","floor":39,"turns":3},{"damage":21,"enemies":"Maw","floor":41,"turns":7},{"damage":0,"enemies":"Flame Bruiser 2 Orb","floor":44,"turns":4},{"damage":22,"enemies":"3 Darklings","floor":47,"turns":3},{"damage":47,"floor":48,"turns":5},{"damage":66,"enemies":"Time Eater","floor":50,"turns":7}],"seed_played":"-2365261771047576633","potions_obtained":[{"floor":7,"key":"Ancient Potion"},{"floor":13,"key":"Block Potion"},{"floor":14,"key":"FocusPotion"},{"floor":18,"key":"EssenceOfSteel"},{"floor":31,"key":"PowerPotion"},{"floor":35,"key":"AttackPotion"},{"floor":39,"key":"Weak Potion"},{"floor":44,"key":"Dexterity Potion"},{"floor":48,"key":"Dexterity Potion"}],"is_trial":false,"path_per_floor":["M","M","?","T","$","R","M","$","T","R","?","R","M","M","R","B",null,"M","?","?","$","M","M","R","$","T","T","R","M","R","M","R","B",null,"M","$","M","?","M","R","M","R","T","M","?","$","M","?","R"],"character_chosen":"DEFECT","items_purchased":["Defragment","Conserve Battery","Gash"],"campfire_rested":4,"item_purchase_floors":[21,25,46],"current_hp_per_floor":[49,46,46,46,46,46,46,46,46,46,71,71,70,52,52,7,58,42,42,42,42,30,28,50,50,50,50,50,36,73,46,75,59,71,35,35,22,22,10,47,50,50,50,75,75,75,73,56,56,0],"gold":204,"neow_bonus":"TRANSFORM_TWO_CARDS","is_prod":false,"is_daily":false,"chose_seed":false,"campfire_upgraded":7,"win_rate":0,"timestamp":1534710430,"path_taken":["M","?","?","?","$","R","M","$","T","R","?","R","M","M","R","BOSS","M","?","?","$","M","M","R","$","T","?","R","?","R","M","R","BOSS","M","$","M","?","?","R","M","R","T","M","?","$","M","?","R","BOSS"],"build_version":"2018-08-16","purchased_purges":3,"victory":false,"max_hp_per_floor":[75,75,75,75,75,75,75,75,75,75,75,75,75,75,75,75,75,75,75,75,75,75,75,75,75,75,75,75,75,75,75,75,75,75,75,75,75,75,75,75,75,75,75,75,75,75,75,75,75,75],"card_choices":[{"not_picked":["Go for the Eyes","Cold Snap","Hello World"],"picked":"SKIP","floor":1},{"not_picked":["Hologram","Stack"],"picked":"Coolheaded","floor":2},{"not_picked":["Storm","Turbo","Lockon"],"picked":"SKIP","floor":7},{"not_picked":["Storm","Tempest","Cold Snap"],"picked":"SKIP","floor":13},{"not_picked":["Leap","Turbo"],"picked":"Rebound","floor":14},{"not_picked":["All For One","Seek"],"picked":"Echo Form","floor":16},{"not_picked":["Coolheaded","Sweeping Beam","Stack"],"picked":"SKIP","floor":18},{"not_picked":["Heatsinks","Aggregate"],"picked":"Turbo","floor":22},{"not_picked":["Turbo","Rip and Tear+1","Static Discharge+1"],"picked":"SKIP","floor":23},{"not_picked":["Ball Lightning","Rip and Tear","Steam"],"picked":"SKIP","floor":29},{"not_picked":["Reinforced Body","Compile Driver"],"picked":"Gash","floor":31},{"not_picked":["Buffer","Thunder Strike"],"picked":"All For One","floor":33},{"not_picked":["Doom and Gloom","Force Field"],"picked":"Self Repair","floor":35},{"not_picked":["Steam","Sunder+1"],"picked":"Hologram","floor":37},{"not_picked":["Rebound+1","Compile Driver"],"picked":"Self Repair+1","floor":39},{"not_picked":["Compile Driver","Lockon+1","Stack+1"],"picked":"SKIP","floor":41},{"not_picked":["Aggregate","Recycle","Streamline+1"],"picked":"SKIP","floor":44},{"not_picked":["Redo+1","Cold Snap","Fusion"],"picked":"SKIP","floor":47}],"player_experience":474561,"relics_obtained":[{"floor":4,"key":"Bottled Flame"},{"floor":9,"key":"Matryoshka"},{"floor":26,"key":"Gremlin Horn"},{"floor":26,"key":"Whetstone"},{"floor":27,"key":"Bag of Marbles"},{"floor":27,"key":"Regal Pillow"},{"floor":43,"key":"Vajra"},{"floor":48,"key":"Peace Pipe"}],"event_choices":[{"event_name":"WeMeetAgain","player_choice":"Card","floor":3,"damage_taken":0},{"event_name":"Big Fish","player_choice":"Banana","floor":11,"damage_taken":0},{"event_name":"Transmorgrifier","player_choice":"Transform","floor":19,"damage_taken":0},{"event_name":"Forgotten Altar","player_choice":"Smashed Altar","floor":20,"damage_taken":0},{"event_name":"Falling","player_choice":"Removed Skill","floor":38,"damage_taken":0},{"event_name":"Accursed Blacksmith","player_choice":"Forge","floor":45,"damage_taken":0},{"event_name":"Mysterious Sphere","player_choice":"Fight","floor":48,"damage_taken":0}],"is_beta":false,"boss_relics":[{"not_picked":["Fusion Hammer","Runic Dome"],"picked":"Astrolabe"},{"not_picked":["Lizard Tail","Busted Crown"],"picked":"Nuclear Battery"}],"items_purged_floors":[8,21,36],"is_endless":false,"potions_floor_spawned":[7,13,14,16,18,31,35,39,44,48],"killed_by":"Time Eater","ascension_level":8}