{"gold_per_floor":[116,116,116,66,66,66,98,115,141,17,29,29,43,59,59,158,158,177,177,193,208,208,208,1,11,11,41,41,61,61,61,61,161,161,172,172,185,110,126,161,161,61,61,61],"floor_reached":44,"playtime":1336,"items_purged":["Hemokinesis+1","Sentinel+1"],"score":481,"play_id":"1ef50e71-aa0f-469b-8637-fb073cf631fe","local_time":"20190228193428","is_ascension_mode":false,"campfire_choices":[{"data":"Thunderclap","floor":6.0,"key":"SMITH"},{"data":"Anger","floor":12.0,"key":"SMITH"},{"data":"Bash","floor":15.0,"key":"SMITH"},{"data":"Flex","floor":23.0,"key":"SMITH"},{"data":"Flex","floor":28.0,"key":"SMITH"},{"data":"Twin Strike","floor":30,"key":"SMITH"},{"data":"Defend_R","floor":32,"key":"SMITH"},{"floor":41,"key":"REST"}],"neow_cost":"NONE","seed_source_timestamp":0,"circlet_count":0,"master_deck":["Strike_R","Defend_R","Defend_R","Defend_R","Defend_R+1","Bash+1","Thunderclap+1","Anger+1","Twin Strike+1","Flex+1","Anger+1","Flex+1","Burning Pact+1","Havoc+1","Flex+1","Headbutt+1"],"special_seed":0,"relics":["Burning Blood","Centennial Puzzle","Red Skull","Oddly Smooth Stone","Strawberry","Black Star","Lee\u0027s Waffle","Self Forming Clay","Ancient Tea Set","Pear","Ornamental Fan","Astrolabe","Juzu Bracelet","Bottled Flame","Singing Bowl"],"potions_floor_usage":[33,39],"damage_taken":[{"damage":12.0,"enemies":"Small Slimes","floor":1.0,"turns":4.0},{"damage":36.0,"enemies":"Lagavulin","floor":7.0,"turns":4.0},{"damage":0.0,"enemies":"Cultist","floor":8.0,"turns":3.0},{"damage":5.0,"enemies":"2 Louse","floor":11.0,"turns":3.0},{"damage":0.0,"enemies":"Exordium Thugs","floor":13.0,"turns":3.0},{"damage":5.0,"enemies":"Exordium Wildlife","floor":14.0,"turns":2.0},{"damage":49.0,"enemies":"The Guardian","floor":16.0,"turns":7.0},{"damage":30.0,"enemies":"Spheric Guardian","floor":18.0,"turns":4.0},{"damage":32.0,"enemies":"Shell Parasite","floor":20.0,"turns":5.0},{"damage":16.0,"enemies":"Centurion and Healer","floor":21.0,"turns":4.0},{"damage":21.0,"enemies":"Shelled Parasite and Fungi","floor":25.0,"turns":3.0},{"damage":28.0,"enemies":"Slavers","floor":27.0,"turns":5.0},{"damage":7,"enemies":"Sentry and Sphere","floor":29,"turns":4},{"damage":72,"enemies":"Automaton","floor":33,"turns":9},{"damage":36,"enemies":"3 Darklings","floor":35,"turns":6},{"damage":4,"enemies":"3 Shapes","floor":37,"turns":3},{"damage":32,"enemies":"Jaw Worm Horde","floor":39,"turns":4},{"damage":11,"enemies":"Giant Head","floor":40,"turns":5},{"damage":113,"enemies":"Nemesis","floor":44,"turns":8}],"seed_played":"-3467248686824274119","potions_obtained":[{"floor":1.0,"key":"Fire Potion"},{"floor":13.0,"key":"Regen Potion"},{"floor":14.0,"key":"Poison Potion"},{"floor":21.0,"key":"EssenceOfSteel"},{"floor":29,"key":"Swift Potion"},{"floor":35,"key":"SkillPotion"}],"is_trial":false,"path_per_floor":["M","$","?","?","?","R","E","M","T","$","M","R","M","M","R","B",null,"M","$","M","M","?","R","$","M","T","E","R","M","R","T","R","B",null,"M","?","M","$","M","E","R","$","T","E"],"character_chosen":"IRONCLAD","items_purchased":["Regen Potion","Block Potion","Lee\u0027s Waffle"],"campfire_rested":1,"item_purchase_floors":[10,10,24],"current_hp_per_floor":[74,74,71,71,71,71,41,47,54,54,55,55,61,62,62,19,87,63,63,51,41,41,41,94,79,79,81,81,80,80,80,80,14,104,74,74,76,76,50,45,76,76,76,0],"gold":61,"neow_bonus":"RANDOM_COMMON_RELIC","is_prod":false,"is_daily":false,"chose_seed":false,"campfire_upgraded":7,"win_rate":0,"timestamp":1551400468,"path_taken":["M","$","?","?","?","R","E","M","T","$","?","R","?","M","R","BOSS","M","$","M","M","?","R","?","M","T","E","R","M","R","?","R","BOSS","M","?","M","$","M","E","R","$","T","E"],"build_version":"2019-01-23","purchased_purges":2,"victory":false,"max_hp_per_floor":[80,80,80,80,80,80,80,80,87,87,87,87,87,87,87,87,87,87,87,87,87,87,87,94,94,94,104,104,104,104,104,104,104,104,104,104,104,104,104,104,104,104,104,104],"card_choices":[{"not_picked":["Sever Soul","True Grit"],"picked":"Thunderclap","floor":1.0},{"not_picked":["Infernal Blade","Immolate","Blood for Blood"],"picked":"SKIP","floor":7.0},{"not_picked":["Body Slam","Warcry"],"picked":"Anger","floor":8.0},{"not_picked":["Warcry","Entrench","Second Wind"],"picked":"SKIP","floor":11.0},{"not_picked":["Wild Strike","Clothesline"],"picked":"Twin Strike","floor":13.0},{"not_picked":["Perfected Strike","Wild Strike","Evolve"],"picked":"SKIP","floor":14.0},{"not_picked":["Anger","Armaments"],"picked":"Flex","floor":18.0},{"not_picked":["Twin Strike","Evolve","Pommel Strike"],"picked":"SKIP","floor":20.0},{"not_picked":["Rupture","Battle Trance"],"picked":"Anger+1","floor":21.0},{"not_picked":["Inflame","Corruption+1","Second Wind"],"picked":"SKIP","floor":25.0},{"not_picked":["Iron Wave","Battle Trance","Double Tap"],"picked":"SKIP","floor":27.0},{"not_picked":["Metallicize+1","True Grit","Iron Wave"],"picked":"SKIP","floor":29},{"not_picked":["Hemokinesis+1","Bloodletting","Sword Boomerang"],"picked":"SKIP","floor":35},{"not_picked":["Headbutt+1","Ghostly Armor+1"],"picked":"Havoc+1","floor":37},{"not_picked":["Spot Weakness","Second Wind+1"],"picked":"Flex+1","floor":39},{"not_picked":["Clash","Feed"],"picked":"Headbutt+1","floor":40}],"player_experience":844260,"relics_obtained":[{"floor":7.0,"key":"Oddly Smooth Stone"},{"floor":9.0,"key":"Strawberry"},{"floor":26.0,"key":"Self Forming Clay"},{"floor":27.0,"key":"Ancient Tea Set"},{"floor":27.0,"key":"Pear"},{"floor":31,"key":"Ornamental Fan"},{"floor":40,"key":"Juzu Bracelet"},{"floor":40,"key":"Bottled Flame"},{"floor":43,"key":"Singing Bowl"}],"event_choices":[{"damage_healed":0.0,"max_hp_gain":0.0,"max_hp_loss":0.0,"gold_gain":0.0,"event_name":"Scrap Ooze","player_choice":"Success","floor":3.0,"gold_loss":0.0,"damage_taken":3.0,"relics_obtained":["Red Skull"]},{"cards_removed":["Strike_R"],"damage_healed":0.0,"max_hp_gain":0.0,"max_hp_loss":0.0,"gold_gain":0.0,"event_name":"The Cleric","player_choice":"Card Removal","floor":4.0,"gold_loss":50.0,"damage_taken":0.0},{"damage_healed":0.0,"max_hp_gain":0.0,"max_hp_loss":0.0,"gold_gain":0.0,"event_name":"NoteForYourself","player_choice":"Ignored","floor":5.0,"gold_loss":0.0,"damage_taken":0.0},{"damage_healed":0.0,"max_hp_gain":0.0,"max_hp_loss":0.0,"gold_gain":0.0,"event_name":"Duplicator","player_choice":"Copied","floor":22.0,"gold_loss":0.0,"damage_taken":0.0,"cards_obtained":["Flex"]},{"damage_healed":0,"gold_gain":0,"player_choice":"Memory 1","damage_taken":0,"max_hp_gain":0,"max_hp_loss":0,"event_name":"SensoryStone","floor":36,"gold_loss":0}],"is_beta":false,"boss_relics":[{"not_picked":["Eternal Feather","Runic Cube"],"picked":"Black Star"},{"not_picked":["Calling Bell","Empty Cage"],"picked":"Astrolabe"}],"items_purged_floors":[38,42],"is_endless":false,"potions_floor_spawned":[1,13,14,16,21,29,35],"killed_by":"Nemesis","ascension_level":0}