{"gold_per_floor":[118,129,129,129,144,162,162,162,162,162,179,191,221,233,233,329,329,348,348,348,447,464,464,74,74,74,74,74,74,85,104,104,206,206,219,46,62,62],"floor_reached":38,"playtime":2700,"items_purged":["Scrape","Strike_B"],"score":395,"play_id":"4e1b7f6b-aa31-4f8a-97ad-03d677910074","local_time":"20190506102809","is_ascension_mode":true,"campfire_choices":[{"floor":7.0,"key":"REST"},{"floor":10.0,"key":"REST"},{"floor":15.0,"key":"REST"},{"floor":23.0,"key":"REST"},{"data":"Echo Form","floor":25.0,"key":"SMITH"},{"data":"Loop","floor":27.0,"key":"SMITH"},{"data":"Consume","floor":29.0,"key":"SMITH"},{"floor":32.0,"key":"REST"}],"neow_cost":"NONE","seed_source_timestamp":0,"circlet_count":0,"master_deck":["Strike_B","Strike_B+1","Defend_B","Defend_B","Defend_B","Defend_B","Zap","Dualcast+1","Loop+1","Conserve Battery","Echo Form+1","Cold Snap","Consume+1","Hello World","Reboot","Capacitor","Creative AI","Echo Form"],"special_seed":0,"relics":["Cracked Core","Oddly Smooth Stone","Darkstone Periapt","Omamori","Vajra","Nuclear Battery","Cables","Gremlin Horn","Lizard Tail"],"potions_floor_usage":[37,38,38,38],"damage_taken":[{"damage":3.0,"enemies":"Cultist","floor":1.0,"turns":4.0},{"damage":0.0,"enemies":"Small Slimes","floor":2.0,"turns":3.0},{"damage":1.0,"enemies":"2 Louse","floor":5.0,"turns":3.0},{"damage":13.0,"enemies":"Exordium Thugs","floor":6.0,"turns":5.0},{"damage":6.0,"enemies":"Lots of Slimes","floor":11.0,"turns":4.0},{"damage":17.0,"enemies":"Large Slime","floor":12.0,"turns":5.0},{"damage":19.0,"enemies":"3 Sentries","floor":13.0,"turns":8.0},{"damage":3.0,"enemies":"3 Louse","floor":14.0,"turns":4.0},{"damage":40.0,"enemies":"Hexaghost","floor":16.0,"turns":10.0},{"damage":8.0,"enemies":"Spheric Guardian","floor":18.0,"turns":4.0},{"damage":13.0,"enemies":"Chosen","floor":22.0,"turns":7.0},{"damage":20.0,"enemies":"3 Cultists","floor":30.0,"turns":5.0},{"damage":0.0,"enemies":"Centurion and Healer","floor":31.0,"turns":7.0},{"damage":11.0,"enemies":"Champ","floor":33.0,"turns":19.0},{"damage":14,"enemies":"3 Shapes","floor":35,"turns":6},{"damage":42,"enemies":"3 Darklings","floor":37,"turns":7},{"damage":88,"enemies":"4 Shapes","floor":38,"turns":3}],"seed_played":"6847489609053862849","potions_obtained":[{"floor":1.0,"key":"PowerPotion"},{"floor":2.0,"key":"Block Potion"},{"floor":11.0,"key":"FocusPotion"},{"floor":12.0,"key":"FearPotion"},{"floor":18.0,"key":"SpeedPotion"},{"floor":33.0,"key":"Dexterity Potion"},{"floor":35,"key":"LiquidBronze"},{"floor":37,"key":"Regen Potion"}],"is_trial":false,"path_per_floor":["M","M","?","?","M","M","R","?","T","R","M","M","E","M","R","B",null,"M","?","?","?","M","R","$","R","T","R","$","R","M","M","R","B",null,"M","$","M","M"],"character_chosen":"DEFECT","items_purchased":["Cables","FocusPotion","FocusPotion"],"campfire_rested":5,"item_purchase_floors":[24,24,36],"current_hp_per_floor":[72,72,72,57,56,43,65,62,62,75,69,52,33,30,52,12,75,67,67,67,67,54,75,75,75,75,75,75,75,55,55,75,64,75,61,61,19,0],"gold":62,"neow_bonus":"RANDOM_COMMON_RELIC","is_prod":false,"is_daily":false,"chose_seed":false,"campfire_upgraded":3,"win_rate":0,"timestamp":1557152889,"path_taken":["M","?","?","?","M","M","R","?","T","R","?","M","E","?","R","BOSS","M","?","?","?","M","R","$","R","T","R","$","R","M","?","R","BOSS","M","$","?","M"],"build_version":"2019-01-23","purchased_purges":2,"victory":false,"max_hp_per_floor":[75,75,75,75,75,75,75,75,75,75,75,75,75,75,75,75,75,75,75,75,75,75,75,75,75,75,75,75,75,75,75,75,75,75,75,75,75,75],"card_choices":[{"not_picked":["Leap","Auto Shields"],"picked":"Loop","floor":1.0},{"not_picked":["Stack","Rebound","Streamline"],"picked":"SKIP","floor":2.0},{"not_picked":["BootSequence","Streamline"],"picked":"Conserve Battery","floor":5.0},{"not_picked":["Scrape","Gash"],"picked":"Echo Form","floor":6.0},{"not_picked":["Stack","Self Repair"],"picked":"Cold Snap","floor":11.0},{"not_picked":["Sweeping Beam","Rebound","Double Energy"],"picked":"SKIP","floor":12.0},{"not_picked":["Rebound","Leap"],"picked":"Consume","floor":13.0},{"not_picked":["Stack","Heatsinks"],"picked":"Hello World","floor":14.0},{"not_picked":["Thunder Strike","Amplify"],"picked":"Reboot","floor":16.0},{"not_picked":["Rebound","Ball Lightning","Undo"],"picked":"SKIP","floor":18.0},{"not_picked":["Capacitor","Streamline","Compile Driver"],"picked":"SKIP","floor":22.0},{"not_picked":["Rebound","Heatsinks","Sweeping Beam"],"picked":"SKIP","floor":30.0},{"not_picked":["Recycle","Steam"],"picked":"Creative AI","floor":31.0},{"not_picked":["Amplify","Fission"],"picked":"Echo Form","floor":33.0},{"not_picked":["Hologram+1","Beam Cell","Coolheaded+1"],"picked":"SKIP","floor":35},{"not_picked":["Steam+1","Barrage+1","Conserve Battery"],"picked":"SKIP","floor":37}],"player_experience":106003,"relics_obtained":[{"floor":9.0,"key":"Omamori"},{"floor":13.0,"key":"Vajra"},{"floor":26.0,"key":"Gremlin Horn"}],"event_choices":[{"damage_healed":0.0,"max_hp_gain":0.0,"max_hp_loss":0.0,"gold_gain":0.0,"cards_transformed":["Strike_B"],"event_name":"Living Wall","player_choice":"Change","floor":3.0,"gold_loss":0.0,"damage_taken":0.0,"cards_obtained":["Scrape"]},{"damage_healed":0.0,"max_hp_gain":0.0,"max_hp_loss":0.0,"gold_gain":0.0,"event_name":"Shining Light","player_choice":"Entered Light","floor":4.0,"gold_loss":0.0,"damage_taken":15.0,"cards_upgraded":["Strike_B","Dualcast"]},{"damage_healed":0.0,"max_hp_gain":0.0,"max_hp_loss":0.0,"gold_gain":0.0,"event_name":"Scrap Ooze","player_choice":"Success","floor":8.0,"gold_loss":0.0,"damage_taken":3.0,"relics_obtained":["Darkstone Periapt"]},{"damage_healed":0.0,"max_hp_gain":0.0,"max_hp_loss":0.0,"gold_gain":0.0,"event_name":"Vampires","player_choice":"Ignored","floor":19.0,"gold_loss":0.0,"damage_taken":0.0},{"damage_healed":0.0,"max_hp_gain":0.0,"max_hp_loss":0.0,"gold_gain":0.0,"event_name":"The Library","player_choice":"Read","floor":20.0,"gold_loss":0.0,"damage_taken":0.0,"cards_obtained":["Capacitor"]},{"damage_healed":0.0,"max_hp_gain":0.0,"max_hp_loss":0.0,"gold_gain":99.0,"event_name":"Nest","player_choice":"Stole From Cult","floor":21.0,"gold_loss":0.0,"damage_taken":0.0}],"is_beta":false,"boss_relics":[{"not_picked":["Runic Dome","Sozu"],"picked":"Nuclear Battery"},{"not_picked":["Coffee Dripper","Astrolabe"],"picked":"Lizard Tail"}],"items_purged_floors":[24,36],"is_endless":false,"potions_floor_spawned":[1,2,11,12,18,33,35,37],"killed_by":"4 Shapes","ascension_level":1}