{"gold_per_floor":[117,133,148,148,323,323,350,275,298,318,338,338,356,0,0,0],"floor_reached":16,"playtime":534,"items_purged":["Doubt","Defend_B"],"score":143,"play_id":"3c667e73-70f3-4a6c-8277-16d711b7e163","local_time":"20180818025735","is_ascension_mode":true,"campfire_choices":[{"data":"Zap","floor":6,"key":"SMITH"},{"floor":12,"key":"REST"},{"floor":15,"key":"REST"}],"neow_cost":"NONE","seed_source_timestamp":183175779446933,"circlet_count":0,"master_deck":["Strike_B","Strike_B","Strike_B","Defend_B","Defend_B","Defend_B","Zap+1","Dualcast","Steam","Steam"],"relics":["Cracked Core","Boot","Pen Nib","Question Card"],"potions_floor_usage":[10,16],"damage_taken":[{"damage":0,"enemies":"2 Louse","floor":1,"turns":3},{"damage":4,"enemies":"Small Slimes","floor":2,"turns":3},{"damage":3,"enemies":"Jaw Worm","floor":3,"turns":3},{"damage":49,"enemies":"3 Sentries","floor":7,"turns":10},{"damage":8,"enemies":"Large Slime","floor":10,"turns":5},{"damage":2,"enemies":"2 Fungi Beasts","floor":11,"turns":3},{"damage":6,"enemies":"Lots of Slimes","floor":13,"turns":4},{"damage":66,"enemies":"Slime Boss","floor":16,"turns":8}],"seed_played":"365162052324496157","potions_obtained":[{"floor":3,"key":"Ancient Potion"},{"floor":7,"key":"AttackPotion"},{"floor":10,"key":"Ancient Potion"}],"is_trial":false,"path_per_floor":["M","M","M","?","?","R","E","$","T","M","M","R","M","$","R"],"character_chosen":"DEFECT","items_purchased":["Question Card"],"campfire_rested":2,"item_purchase_floors":[14],"current_hp_per_floor":[68,64,61,66,66,66,17,17,17,9,7,31,25,25,49,0],"gold":0,"neow_bonus":"REMOVE_CARD","is_prod":false,"is_daily":false,"chose_seed":false,"campfire_upgraded":1,"win_rate":0,"timestamp":1534553855,"path_taken":["M","M","M","?","?","R","E","$","T","M","M","R","M","$","R","BOSS"],"build_version":"2018-08-16","purchased_purges":2,"victory":false,"max_hp_per_floor":[75,75,75,80,80,80,80,80,80,80,80,80,80,80,80,80],"card_choices":[{"not_picked":["Turbo","Force Field"],"picked":"Steam","floor":1},{"not_picked":["Streamline","Heatsinks","Sweeping Beam"],"picked":"SKIP","floor":2},{"not_picked":["Storm","Loop"],"picked":"Steam","floor":3},{"not_picked":["Static Discharge","Redo","Hologram"],"picked":"SKIP","floor":7},{"not_picked":["Rainbow","Steam","Consume"],"picked":"SKIP","floor":10},{"not_picked":["White Noise","Hologram","Cold Snap"],"picked":"SKIP","floor":11},{"not_picked":["Turbo","Cold Snap","Undo"],"picked":"SKIP","floor":13}],"player_experience":464867,"relics_obtained":[{"floor":7,"key":"Boot"},{"floor":9,"key":"Pen Nib"}],"event_choices":[{"event_name":"Big Fish","player_choice":"Donut","floor":4,"damage_taken":0},{"event_name":"Liars Game","player_choice":"agreed","floor":5,"damage_taken":0}],"is_beta":false,"boss_relics":[],"items_purged_floors":[8,14],"is_endless":false,"potions_floor_spawned":[3,7,10],"killed_by":"Slime Boss","ascension_level":8}