{"gold_per_floor":[215,227,227,245,255,270,24,24,24,24,24,24,0,19,19,121,121,134,134,144,155,155,155,168,168,168,168,187,204,204,125,125,220,220,233,233,233,249,174,174,174,74,74,86,86,101,101,101,101,101],"floor_reached":50,"playtime":2805,"items_purged":["Strike_B","Strike_B"],"score":518,"play_id":"09e97381-4608-4ce5-a299-581d9c2d06a4","local_time":"20190131010045","is_ascension_mode":true,"campfire_choices":[{"data":"Zap","floor":8,"key":"SMITH"},{"floor":11,"key":"REST"},{"data":"Buffer","floor":15,"key":"SMITH"},{"data":"Beam Cell","floor":23,"key":"SMITH"},{"data":"Loop","floor":25,"key":"SMITH"},{"data":"Redo","floor":27,"key":"SMITH"},{"floor":30,"key":"REST"},{"floor":32,"key":"REST"},{"floor":40,"key":"REST"},{"data":"Buffer","floor":45,"key":"SMITH"},{"data":"Beam Cell","floor":47,"key":"SMITH"},{"data":"Jack Of All Trades","floor":49,"key":"SMITH"}],"neow_cost":"NONE","seed_source_timestamp":90267538772546,"circlet_count":0,"master_deck":["Strike_B","Defend_B","Defend_B","Defend_B","Defend_B","Zap+1","Dualcast","Beam Cell+1","Compile Driver","Buffer+1","Beam Cell+1","Sunder+1","Ball Lightning","Doom and Gloom","Loop+1","Redo+1","Gash+1","Self Repair","Rainbow+1","Barrage","Defragment+1","Capacitor","Buffer+1","Writhe","Steam Power+1","Steam+1","Jack Of All Trades+1"],"relics":["Cracked Core","StoneCalendar","Busted Crown","Shuriken","Sozu","Ornamental Fan"],"potions_floor_usage":[6,14,16,20,24,28,33,35],"damage_taken":[{"damage":1,"enemies":"Cultist","floor":1,"turns":4},{"damage":7,"enemies":"Jaw Worm","floor":2,"turns":2},{"damage":0,"enemies":"Small Slimes","floor":4,"turns":2},{"damage":20,"enemies":"Gremlin Gang","floor":5,"turns":4},{"damage":0,"enemies":"Red Slaver","floor":6,"turns":3},{"damage":0,"enemies":"Exordium Wildlife","floor":14,"turns":3},{"damage":2,"enemies":"Slime Boss","floor":16,"turns":6},{"damage":14,"enemies":"3 Byrds","floor":18,"turns":4},{"damage":22,"enemies":"2 Thieves","floor":20,"turns":3},{"damage":0,"enemies":"Snecko","floor":21,"turns":4},{"damage":20,"enemies":"3 Cultists","floor":24,"turns":5},{"damage":18,"enemies":"Sentry and Sphere","floor":28,"turns":4},{"damage":22,"enemies":"Snake Plant","floor":29,"turns":4},{"damage":44,"enemies":"Collector","floor":33,"turns":7},{"damage":50,"enemies":"3 Darklings","floor":35,"turns":4},{"damage":9,"enemies":"3 Shapes","floor":38,"turns":7},{"damage":0,"enemies":"Maw","floor":44,"turns":6},{"damage":11,"enemies":"Sphere and 2 Shapes","floor":46,"turns":4},{"damage":85,"enemies":"Donu and Deca","floor":50,"turns":6}],"seed_played":"-6546605419787415090","potions_obtained":[{"floor":1,"key":"Dexterity Potion"},{"floor":4,"key":"Energy Potion"},{"floor":6,"key":"Swift Potion"},{"floor":14,"key":"Explosive Potion"},{"floor":18,"key":"FocusPotion"},{"floor":21,"key":"Dexterity Potion"},{"floor":29,"key":"Ancient Potion"},{"floor":33,"key":"PowerPotion"}],"is_trial":false,"path_per_floor":["M","M","?","M","M","M","$","R","T","?","R","$","?","M","R","B",null,"M","?","M","M","$","R","M","R","T","R","M","M","R","$","R","B",null,"M","?","?","M","$","R","?","$","T","M","R","M","R","?","R","B"],"character_chosen":"DEFECT","items_purchased":["Doom and Gloom","Loop","Redo","Gash","Capacitor"],"campfire_rested":4,"item_purchase_floors":[7,7,7,7,31],"current_hp_per_floor":[74,67,67,67,47,47,47,47,47,32,54,54,54,54,54,59,75,68,68,53,60,60,60,47,47,47,47,36,14,36,36,58,14,75,32,32,51,49,49,71,71,71,71,75,75,71,71,71,71,0],"gold":101,"neow_bonus":"HUNDRED_GOLD","is_prod":false,"is_daily":false,"chose_seed":false,"campfire_upgraded":8,"win_rate":0,"timestamp":1548914445,"path_taken":["M","?","?","M","?","M","$","R","T","?","R","$","?","M","R","BOSS","M","?","?","M","$","R","M","R","T","R","M","M","R","$","R","BOSS","M","?","?","M","$","R","?","$","T","M","R","M","R","?","R","BOSS"],"build_version":"2019-01-23","purchased_purges":2,"victory":false,"max_hp_per_floor":[75,75,75,75,75,75,75,75,75,75,75,75,75,75,75,75,75,75,75,75,75,75,75,75,75,75,75,75,75,75,75,75,75,75,75,75,75,75,75,75,75,75,75,75,75,75,75,75,75,75],"card_choices":[{"not_picked":["Heatsinks","Blizzard"],"picked":"Beam Cell","floor":1},{"not_picked":["Steam","Force Field"],"picked":"Compile Driver","floor":2},{"not_picked":["Streamline","Hello World"],"picked":"Beam Cell","floor":4},{"not_picked":["Consume","Force Field"],"picked":"Sunder","floor":5},{"not_picked":["Auto Shields","Rip and Tear"],"picked":"Ball Lightning","floor":6},{"not_picked":["Beam Cell","Leap"],"picked":"Self Repair","floor":14},{"not_picked":["Meteor Strike","Machine Learning"],"picked":"Rainbow","floor":16},{"not_picked":[],"picked":"Barrage","floor":18},{"not_picked":[],"picked":"Defragment+1","floor":20},{"not_picked":["Sunder+1"],"picked":"SKIP","floor":21},{"not_picked":["Sweeping Beam"],"picked":"SKIP","floor":24},{"not_picked":["Loop"],"picked":"SKIP","floor":28},{"not_picked":["Sweeping Beam"],"picked":"SKIP","floor":29},{"not_picked":[],"picked":"Buffer","floor":33},{"not_picked":["Redo"],"picked":"SKIP","floor":35},{"not_picked":[],"picked":"Steam Power+1","floor":38},{"not_picked":[],"picked":"Steam+1","floor":44},{"not_picked":["Undo"],"picked":"SKIP","floor":46},{"not_picked":[],"picked":"Jack Of All Trades","floor":48}],"player_experience":209817,"relics_obtained":[{"floor":9,"key":"StoneCalendar"},{"floor":26,"key":"Shuriken"},{"floor":43,"key":"Ornamental Fan"}],"event_choices":[{"damage_healed":0,"gold_gain":0,"cards_transformed":["Strike_B"],"player_choice":"Transformed","damage_taken":0,"max_hp_gain":0,"max_hp_loss":0,"event_name":"Transmorgrifier","floor":3,"gold_loss":0,"cards_obtained":["Buffer"]},{"damage_healed":0,"gold_gain":0,"player_choice":"Entered Light","damage_taken":15,"max_hp_gain":0,"max_hp_loss":0,"event_name":"Shining Light","floor":10,"gold_loss":0,"cards_upgraded":["Sunder","Gash"]},{"damage_healed":0,"gold_gain":0,"player_choice":"Left Gold","damage_taken":0,"max_hp_gain":0,"max_hp_loss":0,"event_name":"World of Goop","floor":13,"gold_loss":24},{"damage_healed":0,"gold_gain":0,"player_choice":"Forge","damage_taken":0,"max_hp_gain":0,"max_hp_loss":0,"event_name":"Accursed Blacksmith","floor":19,"gold_loss":0,"cards_upgraded":["Rainbow"]},{"damage_healed":0,"gold_gain":0,"player_choice":"Ignored","damage_taken":0,"max_hp_gain":0,"max_hp_loss":0,"event_name":"Tomb of Lord Red Mask","floor":36,"gold_loss":0},{"damage_healed":19,"gold_gain":0,"player_choice":"Writhe","damage_taken":0,"max_hp_gain":0,"max_hp_loss":0,"event_name":"Winding Halls","floor":37,"gold_loss":0,"cards_obtained":["Writhe"]},{"damage_healed":0,"gold_gain":0,"player_choice":"Ignored","damage_taken":0,"max_hp_gain":0,"max_hp_loss":0,"event_name":"Mysterious Sphere","floor":41,"gold_loss":0},{"damage_healed":0,"gold_gain":0,"player_choice":"Memory 1","damage_taken":0,"max_hp_gain":0,"max_hp_loss":0,"event_name":"SensoryStone","floor":48,"gold_loss":0}],"is_beta":false,"boss_relics":[{"not_picked":["Calling Bell","Astrolabe"],"picked":"Busted Crown"},{"not_picked":["Philosopher\u0027s Stone","Coffee Dripper"],"picked":"Sozu"}],"items_purged_floors":[39,42],"is_endless":false,"potions_floor_spawned":[1,4,6,14,18,21,29,33,35,38,46],"killed_by":"Donu and Deca","ascension_level":4}