{"gold_per_floor":[115,135,135,149,20,195,225,225,225,4,16,16],"floor_reached":12,"playtime":308,"items_purged":["Shame","Doubt"],"score":121,"play_id":"4a27443a-2de0-4c1e-b617-67650b4b2b69","local_time":"20190428120426","is_ascension_mode":true,"campfire_choices":[],"neow_cost":"CURSE","seed_source_timestamp":397128519707100,"circlet_count":0,"master_deck":["AscendersBane","Strike_R","Strike_R","Strike_R","Strike_R","Defend_R","Defend_R","Defend_R","Bash","Sword Boomerang","Second Wind","Seeing Red","Shrug It Off","Regret","Burning Pact","Flex","Double Tap","Battle Trance","Power Through","Sentinel"],"relics":["Burning Blood","Paper Frog","Gremlin Horn","Bronze Scales"],"potions_floor_usage":[7,7],"damage_taken":[{"damage":8,"enemies":"Jaw Worm","floor":1,"turns":4},{"damage":3,"enemies":"2 Louse","floor":2,"turns":3},{"damage":2,"enemies":"Small Slimes","floor":4,"turns":3},{"damage":58,"enemies":"Gremlin Nob","floor":7,"turns":5},{"damage":3,"enemies":"Exordium Thugs","floor":11,"turns":2},{"damage":40,"enemies":"Lagavulin","floor":12,"turns":5}],"seed_played":"4518064643075930704","potions_obtained":[{"floor":2,"key":"Explosive Potion"},{"floor":4,"key":"Poison Potion"}],"is_trial":false,"path_per_floor":["M","M","?","M","$","?","E","?","T","$","M","E"],"character_chosen":"IRONCLAD","items_purchased":["Flex","Battle Trance","Power Through"],"campfire_rested":0,"item_purchase_floors":[5,10,10],"current_hp_per_floor":[70,73,73,77,77,77,25,25,25,25,28,0],"gold":16,"neow_bonus":"TRANSFORM_TWO_CARDS","is_prod":false,"is_daily":false,"chose_seed":false,"campfire_upgraded":0,"win_rate":0,"timestamp":1556424266,"path_taken":["M","M","?","M","$","?","E","?","T","$","M","E"],"build_version":"2019-01-23","purchased_purges":2,"victory":false,"max_hp_per_floor":[80,80,80,80,80,80,80,80,80,80,80,80],"card_choices":[{"not_picked":["Clash","Wild Strike"],"picked":"Seeing Red","floor":1},{"not_picked":["Armaments","Carnage"],"picked":"Shrug It Off","floor":2},{"not_picked":["Ghostly Armor","Pommel Strike"],"picked":"Burning Pact","floor":4},{"not_picked":["Sword Boomerang","Body Slam"],"picked":"Double Tap","floor":7},{"not_picked":["Rupture","Reckless Charge"],"picked":"Sentinel","floor":11}],"player_experience":548030,"relics_obtained":[{"floor":7,"key":"Gremlin Horn"},{"floor":9,"key":"Bronze Scales"}],"event_choices":[{"damage_healed":0,"gold_gain":0,"player_choice":"Box","damage_taken":0,"relics_obtained":["Paper Frog"],"max_hp_gain":0,"max_hp_loss":0,"event_name":"Big Fish","floor":3,"gold_loss":0,"cards_obtained":["Regret"]},{"damage_healed":0,"gold_gain":175,"player_choice":"AGREE","damage_taken":0,"max_hp_gain":0,"max_hp_loss":0,"event_name":"Liars Game","floor":6,"gold_loss":0,"cards_obtained":["Doubt"]},{"damage_healed":0,"gold_gain":0,"player_choice":"Searched \u00271\u0027 times","damage_taken":0,"max_hp_gain":0,"max_hp_loss":0,"event_name":"Dead Adventurer","floor":8,"gold_loss":0}],"is_beta":false,"boss_relics":[],"items_purged_floors":[5,10],"is_endless":false,"potions_floor_spawned":[2,4],"killed_by":"Lagavulin","ascension_level":11}