{"gold_per_floor":[115,115,115,134,134,172,172,172,172,196,196,196,196,530,530,620,620,644,226,246,260,260,260,294,344,389,389],"floor_reached":27,"playtime":583,"items_purged":["Injury"],"score":524,"play_id":"af990c3d-6d3f-49fd-9c34-5afd3835de9c","local_time":"20190326154147","is_ascension_mode":true,"campfire_choices":[{"data":"Rip and Tear","floor":7,"key":"SMITH"},{"data":"Rainbow","floor":13,"key":"SMITH"},{"floor":15,"key":"REST"},{"floor":23,"key":"REST"}],"neow_cost":"NONE","seed_source_timestamp":94403308842616,"circlet_count":0,"master_deck":["AscendersBane","Strike_B+1","Strike_B","Strike_B+1","Defend_B","Defend_B","Defend_B","Defend_B","Zap","Dualcast","Streamline","Rip and Tear+1","White Noise","Rainbow+1","Capacitor","Glacier","Biased Cognition","Blizzard+1","White Noise","Flash of Steel+1","Hologram","Consume","Barrage+1"],"relics":["Cracked Core","NeowsBlessing","Golden Idol","DataDisk","Molten Egg 2","Old Coin","Nuclear Battery","Omamori","Whetstone","Regal Pillow"],"potions_floor_usage":[20,21,24],"damage_taken":[{"damage":0,"enemies":"Jaw Worm","floor":1,"turns":1},{"damage":0,"enemies":"2 Louse","floor":4,"turns":1},{"damage":0,"enemies":"Lagavulin","floor":6,"turns":1},{"damage":0,"enemies":"Cultist","floor":10,"turns":2},{"damage":41,"enemies":"Gremlin Nob","floor":14,"turns":4},{"damage":26,"enemies":"The Guardian","floor":16,"turns":8},{"damage":20,"enemies":"Shell Parasite","floor":18,"turns":4},{"damage":5,"enemies":"2 Thieves","floor":20,"turns":4},{"damage":24,"enemies":"Centurion and Healer","floor":21,"turns":10},{"damage":38,"enemies":"Book of Stabbing","floor":24,"turns":5},{"damage":13,"enemies":"Snecko","floor":27,"turns":2}],"seed_played":"-5407819900595227330","potions_obtained":[{"floor":10,"key":"SpeedPotion"},{"floor":16,"key":"Explosive Potion"},{"floor":21,"key":"Regen Potion"}],"is_trial":false,"path_per_floor":["M","$","?","M","$","E","R","?","T","M","?","?","R","E","R","B",null,"M","$","M","M","?","R","E","?","T","M"],"character_chosen":"DEFECT","items_purchased":["White Noise","Flash of Steel+1","Omamori"],"campfire_rested":2,"item_purchase_floors":[19,19,19],"current_hp_per_floor":[64,64,64,64,64,64,64,64,64,64,69,69,69,28,50,24,63,43,43,38,14,14,36,12,12,12,0],"gold":389,"neow_bonus":"THREE_ENEMY_KILL","is_prod":false,"is_daily":false,"chose_seed":false,"campfire_upgraded":2,"win_rate":0,"timestamp":1553629307,"path_taken":["M","$","?","M","$","E","R","?","T","?","?","?","R","E","R","BOSS","M","$","M","M","?","R","E","?","T","M"],"build_version":"2019-01-23","purchased_purges":1,"victory":false,"max_hp_per_floor":[71,71,71,71,71,71,71,71,71,71,76,76,76,76,76,76,76,76,76,76,76,76,76,76,76,76,76],"card_choices":[{"not_picked":["Coolheaded","Go for the Eyes"],"picked":"Streamline","floor":1},{"not_picked":["Redo","Chaos"],"picked":"Rip and Tear","floor":4},{"not_picked":["Hyperbeam","Cold Snap"],"picked":"White Noise","floor":6},{"not_picked":["Tempest","BootSequence"],"picked":"Capacitor","floor":10},{"not_picked":["Sweeping Beam+1","Coolheaded"],"picked":"Glacier","floor":14},{"not_picked":["Echo Form","Hyperbeam+1"],"picked":"Biased Cognition","floor":16},{"not_picked":["Scrape+1","Compile Driver+1"],"picked":"Blizzard+1","floor":18},{"not_picked":["Compile Driver+1","Blizzard+1"],"picked":"Hologram","floor":20},{"not_picked":["Streamline+1","Blizzard+1"],"picked":"Consume","floor":21},{"not_picked":["Steam","Doom and Gloom+1"],"picked":"Barrage+1","floor":24}],"player_experience":880925,"relics_obtained":[{"floor":6,"key":"DataDisk"},{"floor":9,"key":"Molten Egg 2"},{"floor":14,"key":"Old Coin"},{"floor":24,"key":"Whetstone"},{"floor":26,"key":"Regal Pillow"}],"event_choices":[{"damage_healed":0,"gold_gain":0,"player_choice":"Take Wound","damage_taken":0,"relics_obtained":["Golden Idol"],"max_hp_gain":0,"max_hp_loss":0,"event_name":"Golden Idol","floor":3,"gold_loss":0,"cards_obtained":["Injury"]},{"damage_healed":0,"gold_gain":0,"cards_transformed":["Strike_B"],"player_choice":"Transformed","damage_taken":0,"max_hp_gain":0,"max_hp_loss":0,"event_name":"Transmorgrifier","floor":8,"gold_loss":0,"cards_obtained":["Rainbow"]},{"damage_healed":0,"gold_gain":0,"player_choice":"Donut","damage_taken":0,"max_hp_gain":5,"max_hp_loss":0,"event_name":"Big Fish","floor":11,"gold_loss":0},{"damage_healed":0,"gold_gain":0,"player_choice":"Fled","damage_taken":0,"max_hp_gain":0,"max_hp_loss":0,"event_name":"Scrap Ooze","floor":12,"gold_loss":0},{"damage_healed":0,"gold_gain":0,"player_choice":"Ignored","damage_taken":0,"max_hp_gain":0,"max_hp_loss":0,"event_name":"Ghosts","floor":22,"gold_loss":0},{"damage_healed":0,"gold_gain":50,"player_choice":"Stole From Cult","damage_taken":0,"max_hp_gain":0,"max_hp_loss":0,"event_name":"Nest","floor":25,"gold_loss":0}],"is_beta":false,"boss_relics":[{"not_picked":["Fusion Hammer","Empty Cage"],"picked":"Nuclear Battery"}],"items_purged_floors":[19],"is_endless":false,"potions_floor_spawned":[10,16,21],"killed_by":"Snecko","ascension_level":20}