{"gold_per_floor":[219,231,4,14,32,49,49,80,151,151,183,183,194,194,194,194],"floor_reached":16,"playtime":1961,"items_purged":[],"score":118,"play_id":"12f1aed8-47c6-466b-8e2f-267a380b271d","local_time":"20190501212744","is_ascension_mode":true,"campfire_choices":[{"floor":7,"key":"RECALL"},{"floor":12,"key":"REST"},{"floor":15,"key":"REST"}],"neow_cost":"NONE","seed_source_timestamp":0,"circlet_count":0,"master_deck":["Defend_G","Defend_G","Defend_G","Defend_G","Defend_G","Strike_G","Strike_G","Strike_G+1","Strike_G","Strike_G","Survivor","Neutralize","Prepared","Bouncing Flask","Cloak And Dagger","Dodge and Roll","Catalyst","Poisoned Stab","Cloak And Dagger","Underhanded Strike","Escape Plan","Tactician+1"],"special_seed":0,"relics":["Ring of the Snake","Lantern","Meat on the Bone","Tough Bandages"],"potions_floor_usage":[5,5,16],"damage_taken":[{"damage":0.0,"enemies":"2 Louse","floor":1.0,"turns":4.0},{"damage":0,"enemies":"Small Slimes","floor":2,"turns":3},{"damage":0,"enemies":"Cultist","floor":4,"turns":3},{"damage":6,"enemies":"Looter","floor":5,"turns":4},{"damage":3,"enemies":"3 Louse","floor":6,"turns":4},{"damage":33,"enemies":"Lagavulin","floor":8,"turns":7},{"damage":45,"enemies":"3 Sentries","floor":11,"turns":13},{"damage":17,"enemies":"Exordium Thugs","floor":13,"turns":7},{"damage":45,"enemies":"Slime Boss","floor":16,"turns":10}],"seed_played":"-4673476782852732696","potions_obtained":[{"floor":1,"key":"GamblersBrew"},{"floor":4,"key":"Fruit Juice"},{"floor":8,"key":"FairyPotion"},{"floor":13,"key":"Block Potion"}],"is_trial":false,"path_per_floor":["M","M","$","M","M","M","R","E","T","?","E","R","M","?","R","B"],"character_chosen":"THE_SILENT","items_purchased":["Cloak And Dagger","Dodge and Roll","Lantern"],"campfire_rested":2,"item_purchase_floors":[3,3,3],"current_hp_per_floor":[70,70,70,70,69,66,66,33,33,38,13,37,32,16,40,0],"gold":194,"neow_bonus":"HUNDRED_GOLD","is_prod":false,"is_daily":false,"chose_seed":false,"campfire_upgraded":0,"win_rate":0,"timestamp":1556738864,"path_taken":["M","M","$","M","M","M","R","E","T","?","E","R","M","?","R","BOSS"],"build_version":"2019-01-23","purchased_purges":0,"victory":false,"max_hp_per_floor":[70,70,70,70,75,75,75,75,75,80,80,80,80,80,80,80],"card_choices":[{"not_picked":["Expertise","Escape Plan"],"picked":"Prepared","floor":1},{"not_picked":["Dagger Throw","Poisoned Stab"],"picked":"Bouncing Flask","floor":2},{"not_picked":["Acrobatics","Choke"],"picked":"Catalyst","floor":4},{"not_picked":["Slice","Underhanded Strike"],"picked":"Poisoned Stab","floor":5},{"not_picked":["Finisher","Acrobatics"],"picked":"Cloak And Dagger","floor":6},{"not_picked":["Calculated Gamble","Backflip"],"picked":"Underhanded Strike","floor":8},{"not_picked":["Acrobatics","Dodge and Roll"],"picked":"Escape Plan","floor":11},{"not_picked":["Slice","Infinite Blades"],"picked":"Tactician","floor":13}],"player_experience":213947,"relics_obtained":[{"floor":8,"key":"Meat on the Bone"},{"floor":11,"key":"Tough Bandages"}],"event_choices":[{"damage_healed":0,"gold_gain":0,"player_choice":"Donut","damage_taken":0,"max_hp_gain":5,"max_hp_loss":0,"event_name":"Big Fish","floor":10,"gold_loss":0},{"damage_healed":0,"gold_gain":0,"player_choice":"Entered Light","damage_taken":16,"max_hp_gain":0,"max_hp_loss":0,"event_name":"Shining Light","floor":14,"gold_loss":0,"cards_upgraded":["Tactician","Strike_G"]}],"is_beta":false,"boss_relics":[],"items_purged_floors":[],"is_endless":false,"potions_floor_spawned":[1,4,8,13],"killed_by":"Slime Boss","ascension_level":1}