{"gold_per_floor":[117,134,134,209,209,242,262,262,262,9,9,72,85,96,96,197,197,216,141,191,210,228,228,278,305,356,386,398,422,434,595,607,715,777,802,864,892,804,865,879,898,616,616,651,651,668,668,718,718,821,821,839,849,899,446,496,496,514,639,662,712,712,775,221,233,233,332,332,350,400,111,129,179,179,193,193,228,278,253,101,101],"floor_reached":81,"playtime":3051,"items_purged":["Strike_R","Bash","Strike_R","Strike_R","Defend_R"],"score":1610,"play_id":"0cfa063a-8845-49eb-a743-80a52c370712","local_time":"20190121181902","is_ascension_mode":false,"campfire_choices":[{"floor":11.0,"key":"REST"},{"floor":15.0,"key":"REST"},{"floor":23.0,"key":"REST"},{"floor":28,"key":"REST"},{"floor":30,"key":"REST"},{"data":"Fire Breathing","floor":32,"key":"SMITH"},{"floor":45,"key":"REST"},{"floor":47,"key":"REST"},{"floor":49,"key":"REST"},{"data":"Strike_R","floor":57,"key":"PURGE"},{"data":"Defend_R","floor":62,"key":"PURGE"},{"data":"Decay","floor":66,"key":"PURGE"},{"data":"Fiend Fire+1","floor":74,"key":"PURGE"},{"data":"Offering","floor":76,"key":"PURGE"}],"neow_cost":"","seed_source_timestamp":0,"circlet_count":0,"master_deck":["Clash","Anger+1","Fire Breathing+1","Clash","Anger+1","Clash+1","Body Slam+1","Rage+1","Clash","Flex","Panache","Flex","Necronomicurse"],"special_seed":0,"relics":["Unceasing Top","Ornamental Fan","Red Skull","SsserpentHead","Pen Nib","Blue Candle","Black Star","Shuriken","Paper Frog","MawBank","Tiny House","Bag of Marbles","Darkstone Periapt","Boot","Oddly Smooth Stone","Cursed Key","Peace Pipe","Meat on the Bone","Whetstone","Lee\u0027s Waffle","Lizard Tail","FossilizedHelix","Necronomicon","Juzu Bracelet"],"potions_floor_usage":[25,33,33],"damage_taken":[{"damage":6.0,"enemies":"2 Louse","floor":1.0,"turns":3.0},{"damage":1.0,"enemies":"Jaw Worm","floor":2.0,"turns":3.0},{"damage":13.0,"enemies":"3 Sentries","floor":6.0,"turns":7.0},{"damage":0.0,"enemies":"Cultist","floor":7.0,"turns":2.0},{"damage":3.0,"enemies":"Blue Slaver","floor":12.0,"turns":2.0},{"damage":4.0,"enemies":"Large Slime","floor":13.0,"turns":4.0},{"damage":0.0,"enemies":"2 Fungi Beasts","floor":14.0,"turns":2.0},{"damage":20.0,"enemies":"Slime Boss","floor":16.0,"turns":7.0},{"damage":23.0,"enemies":"Shell Parasite","floor":18.0,"turns":4.0},{"damage":16.0,"enemies":"Spheric Guardian","floor":21.0,"turns":4.0},{"damage":18.0,"enemies":"Shelled Parasite and Fungi","floor":22.0,"turns":4.0},{"damage":41,"enemies":"Slavers","floor":25,"turns":5},{"damage":11,"enemies":"Chosen and Byrds","floor":27,"turns":4},{"damage":1,"enemies":"Sentry and Sphere","floor":29,"turns":3},{"damage":31,"enemies":"Collector","floor":33,"turns":4},{"damage":21,"enemies":"Orb Walker","floor":35,"turns":3},{"damage":6,"enemies":"3 Shapes","floor":37,"turns":1},{"damage":15,"enemies":"Sphere and 2 Shapes","floor":39,"turns":2},{"damage":6,"enemies":"Writhing Mass","floor":40,"turns":3},{"damage":7,"enemies":"Jaw Worm Horde","floor":41,"turns":2},{"damage":7,"enemies":"Giant Head","floor":44,"turns":1},{"damage":7,"enemies":"Spire Growth","floor":46,"turns":2},{"damage":6,"enemies":"Awakened One","floor":50,"turns":3},{"damage":0,"enemies":"2 Louse","floor":52,"turns":1},{"damage":6,"enemies":"Cultist","floor":53,"turns":1},{"damage":6,"enemies":"Small Slimes","floor":58,"turns":1},{"damage":0,"enemies":"2 Fungi Beasts","floor":63,"turns":1},{"damage":0,"enemies":"Gremlin Gang","floor":65,"turns":1},{"damage":6,"enemies":"The Guardian","floor":67,"turns":1},{"damage":6,"enemies":"Shell Parasite","floor":69,"turns":1},{"damage":0,"enemies":"Chosen","floor":72,"turns":1},{"damage":0,"enemies":"Centurion and Healer","floor":75,"turns":1},{"damage":0,"enemies":"Gremlin Leader","floor":77,"turns":1},{"damage":1,"enemies":"Snake Plant","floor":81,"turns":1}],"seed_played":"8678858936390460426","potions_obtained":[{"floor":1.0,"key":"BloodPotion"},{"floor":7.0,"key":"Energy Potion"},{"floor":13.0,"key":"Strength Potion"},{"floor":22.0,"key":"Block Potion"},{"floor":27,"key":"AttackPotion"},{"floor":33,"key":"PowerPotion"},{"floor":34,"key":"FairyPotion"}],"is_trial":true,"path_per_floor":["M","M","?","?","?","E","M","?","T","$","R","M","M","M","R","B",null,"M","$","?","M","M","R","?","E","T","M","R","M","R","?","R","B",null,"M","?","M","$","M","M","M","$","T","E","R","M","R","?","R","B",null,"M","M","?","$","?","R","M","?","T","?","R","M","$","M","R","B",null,"M","?","$","M","?","R","M","R","E","?","?","$","M"],"character_chosen":"IRONCLAD","items_purchased":["Blue Candle","Bag of Marbles","Peace Pipe","Lee\u0027s Waffle","Panache","FossilizedHelix","Juzu Bracelet"],"campfire_rested":8,"item_purchase_floors":[10,42,55,64,64,71,80],"current_hp_per_floor":[74,73,70,59,52,39,39,39,39,39,63,60,56,56,80,60,80,57,57,57,41,23,47,73,32,32,21,45,44,68,68,68,37,85,64,64,58,58,43,37,30,30,30,23,48,41,66,66,85,79,85,85,79,62,62,50,50,44,33,39,39,39,51,98,98,98,92,98,92,92,92,92,92,92,92,92,92,82,82,82,81],"gold":101,"neow_bonus":"","is_prod":false,"is_daily":false,"chose_seed":false,"campfire_upgraded":1,"win_rate":0,"timestamp":1548112742,"path_taken":["M","M","?","?","?","E","?","?","T","$","R","?","M","M","R","BOSS","M","$","?","M","M","R","?","E","T","M","R","M","R","?","R","BOSS","M","?","M","$","?","M","M","$","T","E","R","M","R","?","R","BOSS","M","M","?","$","?","R","M","?","T","?","R","?","$","M","R","BOSS","M","?","$","M","?","R","M","R","E","?","?","$","M"],"build_version":"2019-01-17v2","purchased_purges":5,"victory":false,"max_hp_per_floor":[80,80,80,80,80,80,80,80,80,80,80,80,80,80,80,80,80,80,80,80,80,80,80,80,80,80,80,80,80,80,80,80,80,85,85,85,85,85,85,85,85,85,85,85,85,85,85,85,85,85,85,85,85,85,85,85,85,85,85,91,91,91,91,98,98,98,98,98,98,98,98,98,98,98,98,98,98,104,101,101,101],"card_choices":[{"not_picked":["Dropkick","Shockwave"],"picked":"Clash","floor":1.0},{"not_picked":["Carnage","Second Wind"],"picked":"Anger","floor":2.0},{"not_picked":["Feed","Pommel Strike"],"picked":"Fire Breathing","floor":6.0},{"not_picked":["Disarm","Rupture"],"picked":"Clash","floor":7.0},{"not_picked":["Twin Strike","Double Tap","Shrug It Off"],"picked":"SKIP","floor":12.0},{"not_picked":["True Grit","Twin Strike","Entrench"],"picked":"SKIP","floor":13.0},{"not_picked":["Shrug It Off","Havoc","Power Through"],"picked":"SKIP","floor":14.0},{"not_picked":["Barricade","Double Tap"],"picked":"Fiend Fire","floor":16.0},{"not_picked":["Heavy Blade+1","Cleave","Headbutt+1"],"picked":"SKIP","floor":18.0},{"not_picked":["Havoc","Clothesline","Perfected Strike"],"picked":"SKIP","floor":21.0},{"not_picked":["Pummel","Cleave+1"],"picked":"Anger","floor":22.0},{"not_picked":["Fiend Fire","Sword Boomerang"],"picked":"Clash","floor":25},{"not_picked":["Perfected Strike+1","Blood for Blood","Entrench+1"],"picked":"SKIP","floor":27},{"not_picked":["Perfected Strike","Headbutt","Rampage"],"picked":"SKIP","floor":29},{"not_picked":["Dark Embrace","Brutality"],"picked":"Offering","floor":33},{"not_picked":["Whirlwind","Cleave+1","Thunderclap"],"picked":"SKIP","floor":35},{"not_picked":["Second Wind+1","Shrug It Off+1"],"picked":"Body Slam+1","floor":37},{"not_picked":["Inflame+1","Wild Strike"],"picked":"Rage+1","floor":39},{"not_picked":["Feel No Pain+1","Heavy Blade","Wild Strike+1"],"picked":"SKIP","floor":40},{"not_picked":["Impervious","Infernal Blade","True Grit+1"],"picked":"SKIP","floor":41},{"not_picked":["Sword Boomerang+1","True Grit+1"],"picked":"Clash","floor":44},{"not_picked":["Cleave+1","Shrug It Off","Feel No Pain+1"],"picked":"SKIP","floor":46},{"not_picked":["Shrug It Off","Headbutt","Fire Breathing"],"picked":"SKIP","floor":52},{"not_picked":["Headbutt","Armaments"],"picked":"Flex","floor":53},{"not_picked":["Shrug It Off","Wild Strike","True Grit"],"picked":"SKIP","floor":58},{"not_picked":["Pommel Strike","Thunderclap","Headbutt"],"picked":"SKIP","floor":63},{"not_picked":["Perfected Strike","Anger","Shockwave"],"picked":"SKIP","floor":65},{"not_picked":["True Grit","Power Through+1"],"picked":"Flex","floor":69},{"not_picked":["Entrench","Rupture","Pommel Strike"],"picked":"SKIP","floor":72},{"not_picked":["Perfected Strike+1","Hemokinesis","Body Slam"],"picked":"SKIP","floor":75},{"not_picked":["Ghostly Armor","Sword Boomerang","Blood for Blood"],"picked":"SKIP","floor":77}],"player_experience":121910,"relics_obtained":[{"floor":6.0,"key":"Red Skull"},{"floor":9.0,"key":"Pen Nib"},{"floor":25,"key":"Shuriken"},{"floor":25,"key":"Paper Frog"},{"floor":26,"key":"MawBank"},{"floor":43,"key":"Darkstone Periapt"},{"floor":44,"key":"Boot"},{"floor":44,"key":"Oddly Smooth Stone"},{"floor":60,"key":"Whetstone"},{"floor":78,"key":"Necronomicon"}],"event_choices":[{"damage_healed":0.0,"max_hp_gain":0.0,"max_hp_loss":0.0,"gold_gain":0.0,"event_name":"Scrap Ooze","player_choice":"Success","floor":3.0,"gold_loss":0.0,"damage_taken":3.0,"relics_obtained":["Ornamental Fan"]},{"damage_healed":0.0,"max_hp_gain":0.0,"max_hp_loss":0.0,"gold_gain":75.0,"event_name":"World of Goop","player_choice":"Gather Gold","floor":4.0,"gold_loss":0.0,"damage_taken":11.0},{"cards_removed":["Defend_R"],"damage_healed":0.0,"max_hp_gain":0.0,"max_hp_loss":0.0,"gold_gain":0.0,"event_name":"Golden Wing","player_choice":"Card Removal","floor":5.0,"gold_loss":0.0,"damage_taken":7.0},{"damage_healed":0.0,"max_hp_gain":0.0,"max_hp_loss":0.0,"gold_gain":0.0,"event_name":"FaceTrader","player_choice":"Trade","floor":8.0,"gold_loss":0.0,"damage_taken":0.0,"relics_obtained":["SsserpentHead"]},{"damage_healed":0.0,"max_hp_gain":0.0,"max_hp_loss":0.0,"gold_gain":0.0,"event_name":"Vampires","player_choice":"Ignored","floor":20.0,"gold_loss":0.0,"damage_taken":0.0},{"damage_healed":26,"gold_gain":0,"player_choice":"Heal","damage_taken":0,"max_hp_gain":0,"max_hp_loss":0,"event_name":"The Library","floor":24,"gold_loss":0},{"damage_healed":0,"gold_gain":99,"player_choice":"Stole From Cult","damage_taken":0,"max_hp_gain":0,"max_hp_loss":0,"event_name":"Nest","floor":31,"gold_loss":0},{"cards_removed":["Strike_R"],"damage_healed":0,"gold_gain":0,"player_choice":"Card Removal","damage_taken":0,"max_hp_gain":0,"max_hp_loss":0,"event_name":"Wheel of Change","floor":36,"gold_loss":0},{"damage_healed":0,"gold_gain":0,"player_choice":"Ignored","damage_taken":0,"max_hp_gain":0,"max_hp_loss":0,"event_name":"Tomb of Lord Red Mask","floor":48,"gold_loss":0},{"damage_healed":0,"gold_gain":0,"player_choice":"Entered Light","damage_taken":17,"max_hp_gain":0,"max_hp_loss":0,"event_name":"Shining Light","floor":54,"gold_loss":0,"cards_upgraded":["Anger","Anger"]},{"damage_healed":0,"gold_gain":0,"player_choice":"Success","damage_taken":12,"relics_obtained":["Meat on the Bone"],"max_hp_gain":0,"max_hp_loss":0,"event_name":"Scrap Ooze","floor":56,"gold_loss":0},{"damage_healed":0,"gold_gain":75,"player_choice":"Gather Gold","damage_taken":11,"max_hp_gain":0,"max_hp_loss":0,"event_name":"World of Goop","floor":59,"gold_loss":0},{"cards_removed":["Defend_R"],"damage_healed":0,"gold_gain":0,"player_choice":"Offered Basic","damage_taken":0,"max_hp_gain":0,"max_hp_loss":0,"event_name":"Bonfire Elementals","floor":61,"gold_loss":0},{"damage_healed":0,"gold_gain":0,"player_choice":"Ignored","damage_taken":0,"max_hp_gain":0,"max_hp_loss":0,"event_name":"Ghosts","floor":70,"gold_loss":0},{"damage_healed":0,"gold_gain":0,"player_choice":"Ignored","damage_taken":0,"max_hp_gain":0,"max_hp_loss":0,"event_name":"Vampires","floor":73,"gold_loss":0},{"damage_healed":0,"gold_gain":0,"player_choice":"Obtained Book","damage_taken":16,"max_hp_gain":0,"max_hp_loss":0,"event_name":"Cursed Tome","floor":78,"gold_loss":0},{"cards_removed":["Parasite"],"damage_healed":0,"gold_gain":0,"player_choice":"Gave Gold","damage_taken":0,"max_hp_gain":0,"max_hp_loss":0,"event_name":"Beggar","floor":79,"gold_loss":75}],"is_beta":false,"boss_relics":[{"not_picked":["Philosopher\u0027s Stone","Lizard Tail"],"picked":"Black Star"},{"not_picked":["Sozu","Calling Bell"],"picked":"Tiny House"},{"not_picked":["Runic Dome","Orrery"],"picked":"Cursed Key"},{"not_picked":["Busted Crown","Orrery"],"picked":"Lizard Tail"}],"items_purged_floors":[19,38,42,55,64],"is_endless":true,"potions_floor_spawned":[1,7,13,16,22,27,33,35,37,44,50,53,58,75],"killed_by":"Snake Plant","ascension_level":0}