{"gold_per_floor":[118,118,135,135,135,135,135,169,169,169,169,186,186],"floor_reached":13,"playtime":305,"items_purged":[],"score":146,"play_id":"870c5663-0b10-49c9-955f-f30cc135a964","local_time":"20190507175902","is_ascension_mode":true,"campfire_choices":[{"data":"True Grit","floor":6,"key":"SMITH"},{"data":"Dark Embrace","floor":7,"key":"SMITH"},{"data":"1","floor":11,"key":"LIFT"}],"neow_cost":"NONE","seed_source_timestamp":204772697825600,"circlet_count":0,"master_deck":["AscendersBane","Strike_R","Strike_R","Strike_R","Strike_R","Defend_R","Defend_R","Defend_R","Defend_R","Bash","Dark Embrace+1","Wild Strike","True Grit+1","Regret","Infernal Blade","Parasite","Seeing Red"],"relics":["Burning Blood","Anchor","WingedGreaves","Girya","Vajra"],"potions_floor_usage":[13],"damage_taken":[{"damage":2,"enemies":"2 Louse","floor":1,"turns":4},{"damage":0,"enemies":"Cultist","floor":3,"turns":3},{"damage":43,"enemies":"3 Sentries","floor":8,"turns":11},{"damage":0,"enemies":"Small Slimes","floor":12,"turns":3},{"damage":56,"enemies":"Lagavulin","floor":13,"turns":7}],"seed_played":"7284124540367792098","potions_obtained":[{"floor":1,"key":"Dexterity Potion"},{"floor":8,"key":"Ancient Potion"}],"is_trial":false,"path_per_floor":["M","?","M","?","?","R","R","E","T","?","R","M","E"],"character_chosen":"IRONCLAD","items_purchased":[],"campfire_rested":0,"item_purchase_floors":[],"current_hp_per_floor":[72,72,75,57,57,57,57,20,20,38,38,44,0],"gold":186,"neow_bonus":"ONE_RANDOM_RARE_CARD","is_prod":false,"is_daily":false,"chose_seed":false,"campfire_upgraded":2,"win_rate":0,"timestamp":1557223142,"path_taken":["M","?","?","?","?","R","R","E","T","?","R","M","E"],"build_version":"2019-01-23","purchased_purges":0,"victory":false,"max_hp_per_floor":[75,75,75,75,75,75,75,75,75,75,75,75,75],"card_choices":[{"not_picked":["Disarm","Anger"],"picked":"Wild Strike","floor":1},{"not_picked":["Sever Soul","Disarm"],"picked":"True Grit","floor":3},{"not_picked":["Sever Soul","True Grit"],"picked":"Infernal Blade","floor":8},{"not_picked":["True Grit","Havoc"],"picked":"Seeing Red","floor":12}],"player_experience":579738,"relics_obtained":[{"floor":8,"key":"Girya"},{"floor":9,"key":"Vajra"}],"event_choices":[{"cards_removed":["Strike_R"],"damage_healed":0,"gold_gain":0,"player_choice":"Offered Basic","damage_taken":0,"max_hp_gain":0,"max_hp_loss":0,"event_name":"Bonfire Elementals","floor":2,"gold_loss":0},{"damage_healed":0,"gold_gain":0,"player_choice":"Success","damage_taken":18,"relics_obtained":["Anchor"],"max_hp_gain":0,"max_hp_loss":0,"event_name":"Scrap Ooze","floor":4,"gold_loss":0},{"damage_healed":0,"gold_gain":0,"player_choice":"Box","damage_taken":0,"relics_obtained":["WingedGreaves"],"max_hp_gain":0,"max_hp_loss":0,"event_name":"Big Fish","floor":5,"gold_loss":0,"cards_obtained":["Regret"]},{"damage_healed":18,"gold_gain":0,"player_choice":"Healed and dodged fight","damage_taken":0,"max_hp_gain":0,"max_hp_loss":0,"event_name":"Mushrooms","floor":10,"gold_loss":0,"cards_obtained":["Parasite"]}],"is_beta":false,"boss_relics":[],"items_purged_floors":[],"is_endless":false,"potions_floor_spawned":[1,8],"killed_by":"Lagavulin","ascension_level":16}