{"gold_per_floor":[15,33,33,52,52,81,93,93,93,121,141,161,191,191,191,294,294,310,310,235,250,325,325,344,369,369,384,384,410,56,89,89,192,192,203,217,230,230,240,240],"floor_reached":40,"playtime":2764,"items_purged":["Strike_R","Decay"],"score":676,"play_id":"7064819c-1cbe-47cc-8447-819d1dcaf863","local_time":"20190417114615","is_ascension_mode":true,"campfire_choices":[{"data":"Body Slam","floor":8,"key":"SMITH"},{"data":"Flame Barrier","floor":15,"key":"SMITH"},{"data":"RitualDagger","floor":23,"key":"SMITH"},{"data":"Juggernaut","floor":28,"key":"SMITH"},{"data":"Entrench","floor":32,"key":"SMITH"}],"neow_cost":"NO_GOLD","seed_source_timestamp":528369396111100,"circlet_count":0,"master_deck":["Strike_R","Strike_R","Strike_R","Strike_R","Defend_R","Defend_R","Defend_R","Defend_R","Bash","Shrug It Off","Body Slam+1","Flame Barrier+1","Fiend Fire","Battle Trance+1","RitualDagger+1","Double Tap","Juggernaut+1","Entrench+1","Impervious","Seeing Red+1","Sentinel","Shrug It Off"],"relics":["Burning Blood","FossilizedHelix","Magic Flower","Prayer Wheel","Torii","Odd Mushroom","Gambling Chip","Darkstone Periapt","Cursed Key","Ice Cream","Pantograph","Self Forming Clay","Bottled Tornado","Omamori","Runic Dome"],"potions_floor_usage":[10,13,16,25,27,33],"damage_taken":[{"damage":0,"enemies":"Cultist","floor":1,"turns":4},{"damage":0,"enemies":"2 Louse","floor":2,"turns":4},{"damage":0,"enemies":"Small Slimes","floor":4,"turns":4},{"damage":52,"enemies":"3 Sentries","floor":6,"turns":13},{"damage":0,"enemies":"Looter","floor":7,"turns":3},{"damage":2,"enemies":"The Mushroom Lair","floor":10,"turns":5},{"damage":12,"enemies":"Exordium Thugs","floor":11,"turns":5},{"damage":10,"enemies":"Exordium Wildlife","floor":12,"turns":7},{"damage":27,"enemies":"Lagavulin","floor":13,"turns":6},{"damage":10,"enemies":"The Guardian","floor":16,"turns":14},{"damage":2,"enemies":"Shell Parasite","floor":18,"turns":6},{"damage":6,"enemies":"3 Byrds","floor":21,"turns":5},{"damage":10,"enemies":"Centurion and Healer","floor":24,"turns":7},{"damage":0,"enemies":"Book of Stabbing","floor":25,"turns":4},{"damage":0,"enemies":"3 Cultists","floor":27,"turns":5},{"damage":41,"enemies":"Gremlin Leader","floor":29,"turns":5},{"damage":29,"enemies":"Slavers","floor":31,"turns":5},{"damage":34,"enemies":"Automaton","floor":33,"turns":9},{"damage":0,"enemies":"Orb Walker","floor":35,"turns":2},{"damage":4,"enemies":"3 Shapes","floor":36,"turns":4},{"damage":19,"enemies":"Spire Growth","floor":37,"turns":5},{"damage":16,"enemies":"Jaw Worm Horde","floor":39,"turns":3},{"damage":81,"enemies":"Reptomancer","floor":40,"turns":5}],"seed_played":"6592609945659467834","potions_obtained":[{"floor":6,"key":"Poison Potion"},{"floor":12,"key":"AttackPotion"},{"floor":13,"key":"AttackPotion"},{"floor":16,"key":"SpeedPotion"},{"floor":21,"key":"LiquidBronze"},{"floor":24,"key":"Explosive Potion"},{"floor":25,"key":"Fire Potion"},{"floor":31,"key":"Dexterity Potion"},{"floor":33,"key":"Block Potion"}],"is_trial":false,"path_per_floor":["M","M","?","M","?","E","M","R","T","?","M","M","E","T","R","B",null,"M","?","$","M","?","R","M","E","T","M","R","E","$","E","R","B",null,"M","M","M","?","M","E"],"character_chosen":"IRONCLAD","items_purchased":["Bottled Tornado"],"campfire_rested":0,"item_purchase_floors":[30],"current_hp_per_floor":[78,80,68,77,82,39,48,48,48,55,52,51,33,33,33,32,72,79,73,73,76,68,68,67,76,82,91,91,59,59,39,39,52,81,90,91,81,81,74,0],"gold":240,"neow_bonus":"ONE_RARE_RELIC","is_prod":false,"is_daily":false,"chose_seed":false,"campfire_upgraded":5,"win_rate":0,"timestamp":1555472775,"path_taken":["M","?","?","M","?","E","M","R","T","?","M","?","E","?","R","BOSS","M","?","$","M","?","R","?","E","T","?","R","E","$","E","R","BOSS","M","M","M","?","M","E"],"build_version":"2019-01-23","purchased_purges":2,"victory":false,"max_hp_per_floor":[80,80,80,80,85,85,85,85,85,85,85,85,85,85,85,85,85,85,85,85,85,85,85,85,85,91,91,91,91,91,91,91,91,91,91,91,91,86,86,86],"card_choices":[{"not_picked":["Warcry","Pommel Strike"],"picked":"Shrug It Off","floor":1},{"not_picked":["Anger","Pommel Strike"],"picked":"Body Slam","floor":2},{"not_picked":["Heavy Blade","Twin Strike","Clothesline"],"picked":"SKIP","floor":4},{"not_picked":["Anger","Warcry","Limit Break"],"picked":"SKIP","floor":6},{"not_picked":["Sever Soul","Second Wind"],"picked":"Flame Barrier","floor":7},{"not_picked":["Wild Strike","Evolve","Burning Pact"],"picked":"SKIP","floor":7},{"not_picked":["Searing Blow","Infernal Blade","Flex"],"picked":"SKIP","floor":11},{"not_picked":["Armaments","Flex","Rupture"],"picked":"SKIP","floor":11},{"not_picked":["Inflame","Power Through","Armaments"],"picked":"SKIP","floor":12},{"not_picked":["Burning Pact","Anger","Flex"],"picked":"SKIP","floor":12},{"not_picked":["Clash","Spot Weakness"],"picked":"Fiend Fire","floor":13},{"not_picked":["Rupture","True Grit"],"picked":"Battle Trance+1","floor":18},{"not_picked":["Headbutt","Clash","Clothesline+1"],"picked":"SKIP","floor":18},{"not_picked":["Warcry+1","Flex"],"picked":"Double Tap","floor":21},{"not_picked":["Iron Wave","Thunderclap","Twin Strike"],"picked":"SKIP","floor":21},{"not_picked":["Iron Wave","Thunderclap","Twin Strike"],"picked":"SKIP","floor":21},{"not_picked":["Cleave+1","Pommel Strike+1","Sword Boomerang"],"picked":"SKIP","floor":24},{"not_picked":["Searing Blow","Whirlwind","Spot Weakness"],"picked":"SKIP","floor":24},{"not_picked":["Reckless Charge","Warcry+1","Twin Strike+1"],"picked":"SKIP","floor":25},{"not_picked":["True Grit","Flex+1"],"picked":"Juggernaut","floor":27},{"not_picked":["Battle Trance+1","Heavy Blade+1","Cleave"],"picked":"SKIP","floor":27},{"not_picked":["Pommel Strike","Intimidate"],"picked":"Entrench","floor":29},{"not_picked":["Dropkick","Fire Breathing+1","Berserk"],"picked":"SKIP","floor":31},{"not_picked":["Double Tap","Demon Form"],"picked":"Impervious","floor":33},{"not_picked":["Power Through+1","Havoc+1"],"picked":"Seeing Red+1","floor":35},{"not_picked":["Sword Boomerang","Iron Wave","Warcry"],"picked":"SKIP","floor":35},{"not_picked":["Fire Breathing+1","Sword Boomerang"],"picked":"Sentinel","floor":36},{"not_picked":["Iron Wave","Hemokinesis","Bloodletting"],"picked":"SKIP","floor":36},{"not_picked":["Armaments","Feel No Pain+1","Clash+1"],"picked":"SKIP","floor":37},{"not_picked":["Wild Strike","Flex+1","Carnage+1"],"picked":"SKIP","floor":37},{"not_picked":["Thunderclap+1","Sentinel"],"picked":"Shrug It Off","floor":39},{"not_picked":["Immolate","Havoc","Bloodletting"],"picked":"SKIP","floor":39}],"player_experience":503466,"relics_obtained":[{"floor":6,"key":"Prayer Wheel"},{"floor":9,"key":"Torii"},{"floor":10,"key":"Odd Mushroom"},{"floor":13,"key":"Gambling Chip"},{"floor":14,"key":"Darkstone Periapt"},{"floor":25,"key":"Ice Cream"},{"floor":26,"key":"Pantograph"},{"floor":29,"key":"Self Forming Clay"},{"floor":31,"key":"Omamori"}],"event_choices":[{"damage_healed":0,"gold_gain":0,"player_choice":"Success","damage_taken":12,"relics_obtained":["Magic Flower"],"max_hp_gain":0,"max_hp_loss":0,"event_name":"Scrap Ooze","floor":3,"gold_loss":0},{"damage_healed":0,"gold_gain":0,"player_choice":"Donut","damage_taken":0,"max_hp_gain":5,"max_hp_loss":0,"event_name":"Big Fish","floor":5,"gold_loss":0},{"damage_healed":0,"gold_gain":0,"player_choice":"Fought Mushrooms","damage_taken":0,"max_hp_gain":0,"max_hp_loss":0,"event_name":"Mushrooms","floor":10,"gold_loss":0},{"damage_healed":0,"gold_gain":0,"player_choice":"Joined the Cult","damage_taken":6,"max_hp_gain":0,"max_hp_loss":0,"event_name":"Nest","floor":19,"gold_loss":0,"cards_obtained":["RitualDagger"]},{"damage_healed":0,"gold_gain":75,"player_choice":"Touch","damage_taken":8,"max_hp_gain":0,"max_hp_loss":0,"event_name":"FaceTrader","floor":22,"gold_loss":0},{"damage_healed":0,"gold_gain":0,"player_choice":"Max HP","damage_taken":0,"max_hp_gain":0,"max_hp_loss":5,"event_name":"Winding Halls","floor":38,"gold_loss":0}],"is_beta":false,"boss_relics":[{"not_picked":["Calling Bell","Philosopher\u0027s Stone"],"picked":"Cursed Key"},{"not_picked":["Tiny House","Astrolabe"],"picked":"Runic Dome"}],"items_purged_floors":[20,30],"is_endless":false,"potions_floor_spawned":[6,12,13,16,21,24,25,31,33],"killed_by":"Reptomancer","ascension_level":8}