{"gold_per_floor":[117,133,151,151,151,132,132,148,148,168,183,20,35,68,68,168,168,183,183,203,76,93,122,122,122,122,122,122,142,158,158,158,261,311,331,331,331,136,136,136,148,160,160,171,55,55,73,84,84,84],"floor_reached":51,"playtime":4043,"items_purged":["Writhe"],"score":773,"play_id":"ea3a3d30-5a75-4145-8907-2590ac79b1f0","local_time":"20190418155902","is_ascension_mode":false,"campfire_choices":[{"data":"Cloak And Dagger","floor":7.0,"key":"SMITH"},{"data":"Noxious Fumes","floor":15.0,"key":"SMITH"},{"data":"Cloak And Dagger","floor":25,"key":"SMITH"},{"floor":32,"key":"REST"},{"data":"Apotheosis","floor":40,"key":"SMITH"},{"data":"Footwork","floor":46,"key":"SMITH"},{"floor":49,"key":"REST"}],"neow_cost":"PERCENT_DAMAGE","seed_source_timestamp":685331389389700,"circlet_count":0,"master_deck":["Defend_G+1","Defend_G","Defend_G","Defend_G","Strike_G","Strike_G","Survivor","Neutralize","Backflip","Cloak And Dagger+1","Calculated Gamble","Dagger Spray","Tools of the Trade","Tactician","Noxious Fumes+1","Riddle With Holes","Bane","Adrenaline","Venomology","Deadly Poison+1","Accuracy+1","Cloak And Dagger+1","Predator","Blur","Noxious Fumes+1","Terror","Footwork+1","Dagger Spray","Storm of Steel","Backstab","Catalyst+1","Apotheosis+1","Well Laid Plans+1","Footwork+1","Cloak And Dagger","Parasite","Bullet Time"],"special_seed":0,"relics":["Ring of the Snake","Boot","StoneCalendar","Gremlin Horn","Shuriken","Astrolabe","Dream Catcher","Question Card","Potion Belt","MutagenicStrength","Tiny House","Dodecahedron","Mummified Hand"],"potions_floor_usage":[16,18,20,20,22,22,23,23,23,29,33,35,35,41,42,44,44,44,47,47,47,48,50,50],"damage_taken":[{"damage":1.0,"enemies":"2 Louse","floor":1.0,"turns":3.0},{"damage":2.0,"enemies":"Small Slimes","floor":2.0,"turns":5.0},{"damage":1.0,"enemies":"Cultist","floor":3.0,"turns":6.0},{"damage":4.0,"enemies":"Exordium Thugs","floor":6.0,"turns":4.0},{"damage":3.0,"enemies":"Exordium Wildlife","floor":8.0,"turns":6.0},{"damage":2.0,"enemies":"Looter","floor":10.0,"turns":3.0},{"damage":1.0,"enemies":"2 Fungi Beasts","floor":11.0,"turns":3.0},{"damage":0.0,"enemies":"Lots of Slimes","floor":13.0,"turns":2.0},{"damage":0.0,"enemies":"3 Sentries","floor":14.0,"turns":4.0},{"damage":0,"enemies":"The Guardian","floor":16,"turns":7},{"damage":5,"enemies":"2 Thieves","floor":18,"turns":4},{"damage":13,"enemies":"Spheric Guardian","floor":20,"turns":4},{"damage":16,"enemies":"Snake Plant","floor":22,"turns":5},{"damage":8,"enemies":"Book of Stabbing","floor":23,"turns":5},{"damage":23,"enemies":"Centurion and Healer","floor":29,"turns":4},{"damage":26,"enemies":"3 Cultists","floor":30,"turns":6},{"damage":43,"enemies":"Automaton","floor":33,"turns":10},{"damage":19,"enemies":"Orb Walker","floor":35,"turns":5},{"damage":22,"enemies":"3 Darklings","floor":41,"turns":5},{"damage":0,"enemies":"Maw","floor":42,"turns":7},{"damage":3,"enemies":"Jaw Worm Horde","floor":44,"turns":4},{"damage":0,"enemies":"Writhing Mass","floor":47,"turns":5},{"damage":1,"enemies":"3 Darklings","floor":48,"turns":4},{"damage":67,"enemies":"Time Eater","floor":50,"turns":8}],"seed_played":"-3245824880008557017","potions_obtained":[{"floor":1.0,"key":"Ancient Potion"},{"floor":6.0,"key":"EssenceOfSteel"},{"floor":10.0,"key":"AttackPotion"},{"floor":13.0,"key":"Energy Potion"},{"floor":14.0,"key":"Regen Potion"},{"floor":18,"key":"Poison Potion"},{"floor":20,"key":"SkillPotion"},{"floor":33,"key":"Dexterity Potion"},{"floor":34,"key":"Weak Potion"},{"floor":41,"key":"EssenceOfSteel"},{"floor":42,"key":"GamblersBrew"}],"is_trial":false,"path_per_floor":["M","M","M","?","?","M","R","M","T","M","M","$","M","E","R","B",null,"M","?","M","$","M","E","?","R","T","?","?","M","M","?","R","B",null,"M","?","?","$","T","R","M","M","T","M","$","R","M","M","R","B",null],"character_chosen":"THE_SILENT","items_purchased":["Noxious Fumes","Riddle With Holes","Dexterity Potion","Cloak And Dagger","Apotheosis","Footwork","Cloak And Dagger"],"campfire_rested":2,"item_purchase_floors":[12,12,12,21,38,45,45],"current_hp_per_floor":[62,60,59,47,47,43,43,40,40,38,37,37,37,37,37,37,84,79,79,66,66,59,51,51,51,51,51,51,28,2,2,27,8,89,70,70,70,70,70,70,48,48,48,45,45,45,45,44,70,3],"gold":84,"neow_bonus":"TWENTY_PERCENT_HP_BONUS","is_prod":false,"is_daily":false,"chose_seed":false,"campfire_upgraded":5,"win_rate":0.0,"timestamp":1555621142,"path_taken":["M","M","M","?","?","?","R","M","T","M","M","?","M","E","R","BOSS","M","?","M","$","M","E","?","R","T","?","?","?","M","?","R","BOSS","M","?","?","?","?","R","?","M","T","M","?","R","M","M","R","BOSS"],"build_version":"2019-01-23","purchased_purges":1,"victory":true,"max_hp_per_floor":[84,84,84,84,84,84,84,84,84,84,84,84,84,84,84,84,84,84,84,84,84,84,84,84,84,84,84,84,84,84,84,84,84,89,89,89,89,89,89,89,89,89,89,89,89,89,89,89,89,89],"card_choices":[{"not_picked":["Heel Hook","Accuracy"],"picked":"Backflip","floor":1.0},{"not_picked":["Eviscerate","Underhanded Strike"],"picked":"Cloak And Dagger","floor":2.0},{"not_picked":["Acrobatics","Slice","Flying Knee"],"picked":"SKIP","floor":3.0},{"not_picked":["Tactician","Outmaneuver"],"picked":"Calculated Gamble","floor":6.0},{"not_picked":["Finisher","Reflex"],"picked":"Dagger Spray","floor":8.0},{"not_picked":["Leg Sweep","Quick Slash"],"picked":"Tools of the Trade","floor":10.0},{"not_picked":["Acrobatics","Setup"],"picked":"Tactician","floor":11.0},{"not_picked":["PiercingWail","Bouncing Flask"],"picked":"Bane","floor":13.0},{"not_picked":["Deadly Poison","PiercingWail"],"picked":"Adrenaline","floor":14.0},{"not_picked":["Grand Finale","Night Terror"],"picked":"Venomology","floor":16},{"not_picked":["Concentrate","Slice","Blur"],"picked":"SKIP","floor":18},{"not_picked":["Outmaneuver","Slice","Flying Knee"],"picked":"SKIP","floor":20},{"not_picked":["Accuracy","Bouncing Flask"],"picked":"Predator","floor":22},{"not_picked":["Poisoned Stab","PiercingWail"],"picked":"Blur","floor":23},{"not_picked":["Blade Dance+1","PiercingWail+1","Bane+1"],"picked":"Terror","floor":29},{"not_picked":["Poisoned Stab+1","Outmaneuver","Finisher"],"picked":"Footwork+1","floor":30},{"not_picked":["Deadly Poison","Blade Dance","Caltrops"],"picked":"Dagger Spray","floor":32},{"not_picked":["Bullet Time","Envenom","A Thousand Cuts"],"picked":"Storm of Steel","floor":33},{"not_picked":["Slice","Setup","Reflex"],"picked":"Backstab","floor":34},{"not_picked":["Flying Knee+1","Caltrops+1","Endless Agony"],"picked":"Catalyst+1","floor":35},{"not_picked":["Flying Knee+1","Catalyst","Crippling Poison"],"picked":"Well Laid Plans+1","floor":41},{"not_picked":["Sucker Punch","Deadly Poison+1","Dodge and Roll","Blade Dance"],"picked":"SKIP","floor":42},{"not_picked":["Heel Hook+1","Underhanded Strike+1","Cloak And Dagger","Quick Slash"],"picked":"SKIP","floor":44},{"not_picked":["Deadly Poison+1","Masterful Stab+1","Bane+1","Bullet Time"],"picked":"SKIP","floor":47},{"not_picked":["Acrobatics+1","Dodge and Roll","Outmaneuver","Crippling Poison+1"],"picked":"SKIP","floor":48},{"not_picked":["Prepared+1","Deflect+1","Backflip"],"picked":"Bullet Time","floor":49}],"player_experience":112302,"relics_obtained":[{"floor":9.0,"key":"Gremlin Horn"},{"floor":14.0,"key":"Shuriken"},{"floor":23,"key":"Question Card"},{"floor":26,"key":"Potion Belt"},{"floor":39,"key":"Dodecahedron"},{"floor":43,"key":"Mummified Hand"}],"event_choices":[{"damage_healed":0.0,"max_hp_gain":0.0,"max_hp_loss":0.0,"gold_gain":0.0,"event_name":"Scrap Ooze","player_choice":"Success","floor":4.0,"gold_loss":0.0,"damage_taken":12.0,"relics_obtained":["Boot"]},{"damage_healed":0.0,"max_hp_gain":0.0,"max_hp_loss":0.0,"gold_gain":0.0,"event_name":"WeMeetAgain","player_choice":"Gave Potion","floor":5.0,"gold_loss":0.0,"damage_taken":0.0,"relics_obtained":["StoneCalendar"]},{"damage_healed":0,"gold_gain":0,"player_choice":"Opened","damage_taken":0,"relics_obtained":["Dream Catcher"],"max_hp_gain":0,"max_hp_loss":0,"event_name":"The Mausoleum","floor":19,"gold_loss":0,"cards_obtained":["Writhe"]},{"damage_healed":0,"gold_gain":0,"player_choice":"Ignored","damage_taken":0,"max_hp_gain":0,"max_hp_loss":0,"event_name":"Vampires","floor":24,"gold_loss":0},{"damage_healed":0,"gold_gain":0,"player_choice":"Inject Mutagens","damage_taken":0,"relics_obtained":["MutagenicStrength"],"max_hp_gain":0,"max_hp_loss":0,"event_name":"Drug Dealer","floor":27,"gold_loss":0},{"damage_healed":0,"gold_gain":0,"player_choice":"Copied","damage_taken":0,"max_hp_gain":0,"max_hp_loss":0,"event_name":"Duplicator","floor":28,"gold_loss":0,"cards_obtained":["Noxious Fumes"]},{"cards_removed":["Concentrate"],"damage_healed":0,"gold_gain":0,"player_choice":"Elegance","damage_taken":0,"max_hp_gain":0,"max_hp_loss":0,"event_name":"Back to Basics","floor":31,"gold_loss":0},{"cards_removed":["Strike_G"],"damage_healed":0,"gold_gain":0,"player_choice":"Removed Attack","damage_taken":0,"max_hp_gain":0,"max_hp_loss":0,"event_name":"Falling","floor":36,"gold_loss":0},{"damage_healed":0,"gold_gain":0,"player_choice":"Ignored","damage_taken":0,"max_hp_gain":0,"max_hp_loss":0,"event_name":"Mysterious Sphere","floor":37,"gold_loss":0}],"is_beta":false,"boss_relics":[{"not_picked":["Empty Cage","Calling Bell"],"picked":"Astrolabe"},{"not_picked":["Pandora\u0027s Box","HoveringKite"],"picked":"Tiny House"}],"items_purged_floors":[21],"is_endless":false,"potions_floor_spawned":[1,6,10,13,14,18,20,33,41,42],"ascension_level":0}