{"gold_per_floor":[117,192,192,292,311,340,354,354,377,446,464,493,493,108,108,208,258,275,21,31,49,64,92,92,103,103,103,115,127,145,177,177,273,273,291,291,305,305,315,344,219,219,242,258,274,274,293,328,328,328],"floor_reached":51,"playtime":2727,"items_purged":["Strike_B","Defend_B","Beam Cell"],"score":1154,"play_id":"3ea05694-14c8-4b40-b09c-6d0348f6618d","local_time":"20190417092835","is_ascension_mode":true,"campfire_choices":[{"data":"Dualcast","floor":8,"key":"SMITH"},{"data":"Defragment","floor":13,"key":"SMITH"},{"data":"Defragment","floor":15,"key":"SMITH"},{"data":"Defragment","floor":27,"key":"SMITH"},{"data":"Coolheaded","floor":32,"key":"SMITH"},{"floor":42,"key":"REST"},{"floor":49,"key":"REST"}],"neow_cost":"NONE","seed_source_timestamp":520136725360400,"circlet_count":0,"master_deck":["AscendersBane","Strike_B+1","Defend_B","Defend_B","Defend_B","Zap+1","Dualcast+1","Self Repair","Ball Lightning","Tempest","Defragment+1","Defragment+1","Tempest+1","Defragment+1","Electrodynamics","Glacier","Coolheaded+1","Glacier+1","Biased Cognition","Echo Form","Defragment+1","Hologram+1","Deep Breath","Coolheaded+1","Machine Learning","Reinforced Body+1","Storm+1","Tempest+1"],"relics":["Cracked Core","Regal Pillow","DataDisk","Kunai","Whetstone","Mummified Hand","Tiny House","Bronze Scales","Ginger","Prayer Wheel","Art of War","Fusion Hammer","Juzu Bracelet","Ancient Tea Set","Vajra","Dream Catcher"],"potions_floor_usage":[6,11,11,12,23,23,31,33,50,50,50],"damage_taken":[{"damage":8,"enemies":"Small Slimes","floor":1,"turns":3},{"damage":3,"enemies":"Jaw Worm","floor":5,"turns":4},{"damage":32,"enemies":"Gremlin Nob","floor":6,"turns":4},{"damage":2,"enemies":"2 Louse","floor":7,"turns":2},{"damage":12,"enemies":"Lots of Slimes","floor":11,"turns":4},{"damage":20,"enemies":"Lagavulin","floor":12,"turns":4},{"damage":23,"enemies":"Hexaghost","floor":16,"turns":5},{"damage":1,"enemies":"3 Byrds","floor":18,"turns":2},{"damage":0,"enemies":"Chosen","floor":20,"turns":3},{"damage":6,"enemies":"Snake Plant","floor":21,"turns":3},{"damage":9,"enemies":"Centurion and Healer","floor":22,"turns":3},{"damage":18,"enemies":"Slavers","floor":23,"turns":4},{"damage":18,"enemies":"Snecko","floor":25,"turns":3},{"damage":0,"enemies":"Snake Plant","floor":28,"turns":4},{"damage":4,"enemies":"Centurion and Healer","floor":29,"turns":4},{"damage":0,"enemies":"3 Cultists","floor":30,"turns":2},{"damage":24,"enemies":"Book of Stabbing","floor":31,"turns":4},{"damage":1,"enemies":"Collector","floor":33,"turns":7},{"damage":4,"enemies":"3 Shapes","floor":35,"turns":2},{"damage":22,"enemies":"3 Darklings","floor":37,"turns":4},{"damage":0,"enemies":"Spire Growth","floor":39,"turns":3},{"damage":17,"enemies":"Reptomancer","floor":40,"turns":4},{"damage":33,"enemies":"Writhing Mass","floor":44,"turns":5},{"damage":21,"enemies":"Jaw Worm Horde","floor":45,"turns":3},{"damage":0,"enemies":"Sphere and 2 Shapes","floor":47,"turns":3},{"damage":0,"enemies":"Giant Head","floor":48,"turns":6},{"damage":61,"enemies":"Time Eater","floor":50,"turns":4}],"seed_played":"-6469012931818368966","potions_obtained":[{"floor":1,"key":"Swift Potion"},{"floor":7,"key":"EntropicBrew"},{"floor":11,"key":"FearPotion"},{"floor":17,"key":"Weak Potion"},{"floor":21,"key":"Energy Potion"},{"floor":24,"key":"FocusPotion"},{"floor":24,"key":"PowerPotion"},{"floor":31,"key":"PowerPotion"},{"floor":39,"key":"FocusPotion"}],"is_trial":false,"path_per_floor":["M","?","?","?","M","E","M","R","T","T","M","E","R","$","R","B",null,"M","$","M","M","M","E","?","M","T","R","M","M","M","E","R","B",null,"M","?","M","?","M","E","$","R","T","M","M","?","M","E","R","B",null],"character_chosen":"DEFECT","items_purchased":["Mummified Hand","Defragment","Bronze Scales"],"campfire_rested":2,"item_purchase_floors":[14,14,19],"current_hp_per_floor":[60,49,49,49,53,28,33,33,33,33,28,27,27,27,27,11,64,63,63,70,64,62,51,51,40,40,40,47,50,57,40,40,46,72,75,75,60,60,60,50,50,80,80,54,40,40,47,54,80,19],"gold":328,"neow_bonus":"UPGRADE_CARD","is_prod":false,"is_daily":false,"chose_seed":false,"campfire_upgraded":5,"win_rate":0,"timestamp":1555464515,"path_taken":["M","?","?","?","?","E","M","R","T","?","M","E","R","$","R","BOSS","M","$","M","M","M","E","?","?","T","R","M","M","M","E","R","BOSS","M","?","M","?","M","E","$","R","T","M","M","?","M","E","R","BOSS"],"build_version":"2019-01-23","purchased_purges":3,"victory":true,"max_hp_per_floor":[75,75,75,75,75,75,75,75,75,75,75,75,75,75,75,75,80,80,80,80,80,80,80,80,80,80,80,80,80,80,80,80,80,80,80,80,80,80,80,80,80,80,80,80,80,80,80,80,80,80],"card_choices":[{"not_picked":["Rebound","Sweeping Beam"],"picked":"Self Repair","floor":1},{"not_picked":["Doom and Gloom","Melter"],"picked":"Ball Lightning","floor":5},{"not_picked":["Steam","Beam Cell"],"picked":"Tempest","floor":6},{"not_picked":["Go for the Eyes","Recycle"],"picked":"Defragment","floor":7},{"not_picked":["Conserve Battery","Cold Snap"],"picked":"Defragment","floor":11},{"not_picked":["Doom and Gloom","Conserve Battery"],"picked":"Tempest","floor":12},{"not_picked":["Fission","Thunder Strike"],"picked":"Electrodynamics","floor":16},{"not_picked":["Rebound+1","Double Energy"],"picked":"Glacier","floor":18},{"not_picked":["Hologram","Leap"],"picked":"Coolheaded","floor":20},{"not_picked":["Rebound","Sweeping Beam","Genetic Algorithm"],"picked":"SKIP","floor":21},{"not_picked":["Sunder+1","Fusion"],"picked":"Glacier+1","floor":22},{"not_picked":["Rip and Tear+1","Ball Lightning","Creative AI"],"picked":"SKIP","floor":23},{"not_picked":["Ball Lightning+1","Reinforced Body","Turbo"],"picked":"SKIP","floor":25},{"not_picked":["Double Energy","Compile Driver","Chill+1"],"picked":"SKIP","floor":28},{"not_picked":["Rebound+1","Conserve Battery","Barrage"],"picked":"SKIP","floor":28},{"not_picked":["Cold Snap","Rip and Tear","Turbo"],"picked":"SKIP","floor":29},{"not_picked":["Compile Driver+1","Gash","Leap+1"],"picked":"SKIP","floor":29},{"not_picked":["Stack","Barrage"],"picked":"Biased Cognition","floor":30},{"not_picked":["Sweeping Beam","Consume","Steam+1"],"picked":"SKIP","floor":30},{"not_picked":["Steam","Turbo+1","Leap+1"],"picked":"SKIP","floor":31},{"not_picked":["Biased Cognition","Thunder Strike"],"picked":"Echo Form","floor":33},{"not_picked":["Hologram+1","Barrage+1"],"picked":"Defragment+1","floor":35},{"not_picked":["Steam Power","Turbo"],"picked":"Hologram+1","floor":35},{"not_picked":["Dramatic Entrance","Metamorphosis"],"picked":"Deep Breath","floor":36},{"not_picked":["Gash+1","Leap","Conserve Battery+1"],"picked":"SKIP","floor":37},{"not_picked":["Leap+1","Steam+1","Sweeping Beam"],"picked":"SKIP","floor":37},{"not_picked":["Barrage+1","Self Repair"],"picked":"Coolheaded+1","floor":39},{"not_picked":["Coolheaded","Hologram+1","Double Energy+1"],"picked":"SKIP","floor":39},{"not_picked":["Go for the Eyes+1","FTL"],"picked":"Machine Learning","floor":40},{"not_picked":["Barrage+1","Ball Lightning+1"],"picked":"Static Discharge","floor":44},{"not_picked":["Reprogram+1","Double Energy+1"],"picked":"Reinforced Body+1","floor":44},{"not_picked":["Rebound+1","Leap+1"],"picked":"Storm+1","floor":45},{"not_picked":["Recycle+1","Steam","Compile Driver+1"],"picked":"SKIP","floor":45},{"not_picked":["Coolheaded+1","Hello World","Static Discharge"],"picked":"SKIP","floor":47},{"not_picked":["FTL","Genetic Algorithm","Cold Snap+1"],"picked":"SKIP","floor":47},{"not_picked":["Auto Shields+1","White Noise+1","Sunder+1"],"picked":"SKIP","floor":48},{"not_picked":["Cold Snap","Auto Shields"],"picked":"Tempest+1","floor":49}],"player_experience":498693,"relics_obtained":[{"floor":6,"key":"Regal Pillow"},{"floor":9,"key":"DataDisk"},{"floor":10,"key":"Kunai"},{"floor":12,"key":"Whetstone"},{"floor":23,"key":"Ginger"},{"floor":26,"key":"Prayer Wheel"},{"floor":31,"key":"Art of War"},{"floor":40,"key":"Juzu Bracelet"},{"floor":43,"key":"Ancient Tea Set"},{"floor":48,"key":"Dream Catcher"}],"event_choices":[{"damage_healed":0,"gold_gain":75,"player_choice":"Gather Gold","damage_taken":11,"max_hp_gain":0,"max_hp_loss":0,"event_name":"World of Goop","floor":2,"gold_loss":0},{"cards_removed":["Strike_B"],"damage_healed":0,"gold_gain":0,"player_choice":"Forget","damage_taken":0,"max_hp_gain":0,"max_hp_loss":0,"event_name":"Living Wall","floor":3,"gold_loss":0},{"damage_healed":0,"gold_gain":100,"player_choice":"Pray","damage_taken":0,"max_hp_gain":0,"max_hp_loss":0,"event_name":"Golden Shrine","floor":4,"gold_loss":0},{"damage_healed":0,"gold_gain":0,"player_choice":"Got Potions","damage_taken":0,"max_hp_gain":0,"max_hp_loss":0,"event_name":"Lab","floor":24,"gold_loss":0},{"damage_healed":0,"gold_gain":0,"player_choice":"Memory 1","damage_taken":0,"max_hp_gain":0,"max_hp_loss":0,"event_name":"SensoryStone","floor":36,"gold_loss":0},{"damage_healed":0,"gold_gain":0,"cards_transformed":["Strike_B"],"player_choice":"Transformed","damage_taken":0,"max_hp_gain":0,"max_hp_loss":0,"event_name":"Transmorgrifier","floor":38,"gold_loss":0,"cards_obtained":["Beam Cell"]},{"cards_removed":["Static Discharge"],"damage_healed":0,"gold_gain":0,"player_choice":"Gave Card","damage_taken":0,"relics_obtained":["Vajra"],"max_hp_gain":0,"max_hp_loss":0,"event_name":"WeMeetAgain","floor":46,"gold_loss":0}],"is_beta":false,"boss_relics":[{"not_picked":["Calling Bell","White Beast Statue"],"picked":"Tiny House"},{"not_picked":["Lizard Tail","Orrery"],"picked":"Fusion Hammer"}],"items_purged_floors":[14,19,41],"is_endless":false,"potions_floor_spawned":[1,7,11,21,22,25,30,31,39,40,45,47],"ascension_level":10}