{"gold_per_floor":[114,130,146,163,88,120,132,142,195,215,215,248,79,94,94,193,193,210,210,85,65,48,74,88,13,59,73,73],"floor_reached":28,"playtime":1457,"items_purged":["Strike_G","Strike_G","Strike_G"],"score":304,"play_id":"dc586d58-9565-4904-a814-f361fe355ce2","local_time":"20190327103220","is_ascension_mode":false,"campfire_choices":[{"floor":11,"key":"RECALL"},{"floor":15,"key":"REST"}],"neow_cost":"NONE","seed_source_timestamp":292341932717300,"circlet_count":0,"master_deck":["Defend_G","Defend_G","Defend_G","Defend_G","Defend_G","Strike_G","Survivor","Neutralize","Deadly Poison","Predator","Quick Slash","Backflip","Predator","Cloak And Dagger","After Image","Infinite Blades","Heel Hook","Bouncing Flask","Noxious Fumes","Leg Sweep","Malaise","Blade Dance+1","Cloak And Dagger","Outmaneuver+1","Underhanded Strike"],"relics":["HoveringKite","Dream Catcher","Art of War","Black Star","Enchiridion","Bottled Tornado","Strawberry","Potion Belt"],"potions_floor_usage":[6,12,14,18,23,23,27,28,28],"damage_taken":[{"damage":2,"enemies":"Cultist","floor":1,"turns":5},{"damage":0,"enemies":"2 Louse","floor":2,"turns":4},{"damage":3,"enemies":"Small Slimes","floor":3,"turns":4},{"damage":2,"enemies":"Exordium Thugs","floor":4,"turns":5},{"damage":6,"enemies":"Gremlin Nob","floor":6,"turns":3},{"damage":2,"enemies":"Blue Slaver","floor":7,"turns":3},{"damage":0,"enemies":"Exordium Wildlife","floor":8,"turns":2},{"damage":5,"enemies":"Exordium Thugs","floor":10,"turns":3},{"damage":17,"enemies":"Lagavulin","floor":12,"turns":5},{"damage":5,"enemies":"Gremlin Gang","floor":14,"turns":4},{"damage":0,"enemies":"Hexaghost","floor":16,"turns":8},{"damage":0,"enemies":"3 Byrds","floor":18,"turns":6},{"damage":17,"enemies":"2 Thieves","floor":22,"turns":4},{"damage":30,"enemies":"Slavers","floor":23,"turns":6},{"damage":2,"enemies":"Centurion and Healer","floor":24,"turns":7},{"damage":7,"enemies":"Sentry and Sphere","floor":27,"turns":6},{"damage":5,"enemies":"Snake Plant","floor":28,"turns":2}],"seed_played":"-971796359524725153","potions_obtained":[{"floor":1,"key":"Explosive Potion"},{"floor":4,"key":"Explosive Potion"},{"floor":6,"key":"Block Potion"},{"floor":8,"key":"Poison Potion"},{"floor":12,"key":"Poison Potion"},{"floor":16,"key":"Swift Potion"},{"floor":18,"key":"EssenceOfSteel"},{"floor":21,"key":"FearPotion"},{"floor":23,"key":"Block Potion"},{"floor":27,"key":"SkillPotion"}],"is_trial":false,"path_per_floor":["M","M","M","M","$","E","M","M","T","M","R","E","$","M","R","B",null,"M","?","$","?","M","E","M","?","T","M","M"],"character_chosen":"THE_SILENT","items_purchased":["Bouncing Flask"],"campfire_rested":1,"item_purchase_floors":[13],"current_hp_per_floor":[68,68,65,63,63,57,55,55,55,50,50,33,33,28,49,49,70,70,54,54,54,37,14,12,12,12,5,0],"gold":73,"neow_bonus":"BOSS_RELIC","is_prod":false,"is_daily":false,"chose_seed":false,"campfire_upgraded":0,"win_rate":0,"timestamp":1553653940,"path_taken":["M","?","M","M","$","E","M","?","T","M","R","E","$","M","R","BOSS","M","?","$","?","M","E","?","?","T","M","M"],"build_version":"2019-01-23","purchased_purges":3,"victory":false,"max_hp_per_floor":[70,70,70,70,70,70,70,70,70,70,70,70,70,70,70,70,70,70,70,70,70,70,77,77,77,77,77,77],"card_choices":[{"not_picked":["Heel Hook","Blur"],"picked":"Deadly Poison","floor":1},{"not_picked":["Terror","PiercingWail"],"picked":"Predator","floor":2},{"not_picked":["All Out Attack","Footwork"],"picked":"Quick Slash","floor":3},{"not_picked":["Bane","Acrobatics"],"picked":"Backflip","floor":4},{"not_picked":["PiercingWail","Slice"],"picked":"Predator","floor":6},{"not_picked":["Slice","Dagger Throw"],"picked":"Cloak And Dagger","floor":7},{"not_picked":["Setup","Cloak And Dagger"],"picked":"After Image","floor":8},{"not_picked":["Dodge and Roll","Backflip"],"picked":"Infinite Blades","floor":10},{"not_picked":["Backstab","Cloak And Dagger"],"picked":"Heel Hook","floor":12},{"not_picked":["Poisoned Stab","Eviscerate"],"picked":"Noxious Fumes","floor":14},{"not_picked":["Dagger Spray","Riddle With Holes"],"picked":"Leg Sweep","floor":15},{"not_picked":["Wraith Form v2","After Image"],"picked":"Malaise","floor":16},{"not_picked":["PiercingWail+1","Sucker Punch"],"picked":"Blade Dance+1","floor":18},{"not_picked":["Sucker Punch","Slice","Acrobatics"],"picked":"SKIP","floor":22},{"not_picked":["Caltrops","PiercingWail+1"],"picked":"Cloak And Dagger","floor":23},{"not_picked":["Footwork","Deadly Poison+1"],"picked":"Outmaneuver+1","floor":24},{"not_picked":["Storm of Steel","Dagger Spray"],"picked":"Underhanded Strike","floor":27}],"player_experience":439937,"relics_obtained":[{"floor":6,"key":"Dream Catcher"},{"floor":12,"key":"Art of War"},{"floor":19,"key":"Enchiridion"},{"floor":23,"key":"Bottled Tornado"},{"floor":23,"key":"Strawberry"},{"floor":26,"key":"Potion Belt"}],"event_choices":[{"damage_healed":0,"gold_gain":0,"player_choice":"Obtained Book","damage_taken":16,"max_hp_gain":0,"max_hp_loss":0,"event_name":"Cursed Tome","floor":19,"gold_loss":0},{"damage_healed":0,"gold_gain":0,"player_choice":"Bought 1 Potion","damage_taken":0,"max_hp_gain":0,"max_hp_loss":0,"event_name":"The Woman in Blue","floor":21,"gold_loss":0},{"cards_removed":["Strike_G"],"damage_healed":0,"gold_gain":0,"player_choice":"Gave Gold","damage_taken":0,"max_hp_gain":0,"max_hp_loss":0,"event_name":"Beggar","floor":25,"gold_loss":75}],"is_beta":false,"boss_relics":[{"not_picked":["Orrery","Eternal Feather"],"picked":"Black Star"}],"items_purged_floors":[5,13,20],"is_endless":false,"potions_floor_spawned":[1,4,6,8,12,16,18,23,27],"killed_by":"Snake Plant","ascension_level":0}