{"path_per_floor":["M","$","?","M","?","E","M","M","T","M","E","?","R","E","R","B",null,"M","M","$","M","M","R","E","R","T","M","?","E","$","M","R","B",null,"M","M","?","?","M","E","$","R","T","M","$","M","R","E","R","B"],"character_chosen":"DEFECT","items_purchased":["Magnetism","Static Discharge","Ice Cream","PowerPotion"],"gold_per_floor":[118,43,43,68,28,69,84,109,109,128,172,172,172,212,212,340,340,359,373,61,75,95,95,129,129,129,142,142,186,101,122,122,252,252,276,296,365,365,388,419,20,20,43,62,12,31,31,70,70,70],"floor_reached":51,"campfire_rested":3,"playtime":4406,"item_purchase_floors":[],"current_hp_per_floor":[75,75,57,57,57,57,57,57,57,47,45,38,38,46,46,34,75,75,75,75,51,19,41,39,39,39,39,39,13,13,14,36,19,75,75,75,75,66,59,55,55,55,55,43,43,33,55,47,47,42],"items_purged":["Strike_B","Zap","Stack+1","Coolheaded+1","Regret"],"gold":70,"score":816,"play_id":"6588662a-ca0a-4b3d-a0d8-3c9e0aedc11c","local_time":"20180607144005","is_prod":false,"is_daily":false,"chose_seed":false,"is_ascension_mode":true,"campfire_upgraded":5,"win_rate":0,"timestamp":1528353605,"campfire_choices":[{"data":"Defragment","floor":13.0,"key":"SMITH"},{"data":"Dualcast","floor":15.0,"key":"SMITH"},{"floor":23,"key":"REST"},{"data":"Storm","floor":25,"key":"SMITH"},{"floor":32,"key":"REST"},{"data":"Buffer","floor":42,"key":"SMITH"},{"floor":47,"key":"REST"},{"data":"Electrodynamics","floor":49,"key":"SMITH"}],"path_taken":["M","$","?","M","?","E","M","M","T","M","E","?","R","E","R","BOSS","M","M","$","M","?","R","E","R","T","M","?","E","$","M","R","BOSS","M","?","?","?","M","E","$","R","T","M","$","M","R","E","R","BOSS"],"build_version":"2018-05-31","seed_source_timestamp":0,"purchased_purges":5,"victory":true,"master_deck":["Dualcast+1","Defragment+1","Storm+1","Tempest","Hologram","Leap","Buffer+1","Hello World","Sunder","Amplify+1","Stack+1","Turbo+1","Undo+1","Compile Driver","Hologram+1","Magnetism","Leap+1","Biased Cognition","Defragment","Recycle+1","Static Discharge","Consume+1","Electrodynamics+1","Loop","White Noise+1","Madness+1","Madness+1","Loop"],"max_hp_per_floor":[75,75,75,75,75,75,75,75,75,75,75,75,75,75,75,75,75,75,75,75,75,75,75,75,75,75,75,75,75,75,75,75,75,75,75,75,75,75,75,75,75,75,75,75,75,75,75,75,75,75],"relics":["Cracked Core","NeowsBlessing","Golden Idol","Thread and Needle","Toxic Egg 2","Meat on the Bone","Ornamental Fan","Pandora\u0027s Box","Anchor","Matryoshka","Smiling Mask","Cursed Key","Dead Branch","Vajra","Ice Cream","Juzu Bracelet","Dream Catcher","Bottled Tornado"],"card_choices":[{"not_picked":["Coolheaded","Redo"],"picked":"Defragment","floor":1.0},{"not_picked":["Go for the Eyes","Steam Power"],"picked":"Storm","floor":4.0},{"not_picked":["Compile Driver","Coolheaded"],"picked":"Tempest","floor":6.0},{"not_picked":["Beam Cell","Ball Lightning"],"picked":"Hologram","floor":7.0},{"not_picked":["Cold Snap","Aggregate"],"picked":"Leap","floor":8.0},{"not_picked":["Static Discharge","Reprogram+1"],"picked":"Buffer","floor":10.0},{"not_picked":["Coolheaded+1","Rebound"],"picked":"Hello World","floor":11.0},{"not_picked":["Barrage","FTL"],"picked":"Sunder","floor":14.0},{"not_picked":["All For One","Seek+1"],"picked":"Amplify+1","floor":16.0},{"not_picked":["Barrage","Beam Cell"],"picked":"Hologram+1","floor":18.0},{"not_picked":["Rebound+1","Double Energy+1","Streamline"],"picked":"SKIP","floor":19.0},{"not_picked":["Hologram+1","Turbo+1"],"picked":"Leap+1","floor":21},{"not_picked":["Go for the Eyes+1","Hologram+1"],"picked":"Biased Cognition","floor":22},{"not_picked":["Barrage+1","Stack+1"],"picked":"Defragment","floor":24},{"not_picked":["Skim+1","Barrage"],"picked":"Recycle+1","floor":27},{"not_picked":["Go for the Eyes","Rebound","Blizzard"],"picked":"SKIP","floor":29},{"not_picked":["Hologram+1","Streamline"],"picked":"Consume+1","floor":31},{"not_picked":["Fission+1","Hyperbeam"],"picked":"Electrodynamics","floor":33},{"not_picked":["Steam+1","Compile Driver"],"picked":"Loop","floor":35},{"not_picked":["Defragment","Stack+1"],"picked":"White Noise+1","floor":36},{"not_picked":["Sweeping Beam","Capacitor+1","Leap+1"],"picked":"SKIP","floor":39},{"not_picked":["Meteor Strike","Chill+1","Chaos+1"],"picked":"SKIP","floor":40},{"not_picked":["Recycle+1","Self Repair","Hologram+1"],"picked":"SKIP","floor":44},{"not_picked":["Steam+1","Conserve Battery+1"],"picked":"Loop","floor":46},{"not_picked":["Chaos+1","Beam Cell","Compile Driver"],"picked":"SKIP","floor":48}],"player_experience":231885,"potions_floor_usage":[22,22,33,33,39,44,48,50,50],"damage_taken":[{"damage":0.0,"enemies":"2 Louse","floor":1.0,"turns":1.0},{"damage":0.0,"enemies":"Jaw Worm","floor":4.0,"turns":1.0},{"damage":0.0,"enemies":"3 Sentries","floor":6.0,"turns":1.0},{"damage":0.0,"enemies":"Cultist","floor":7.0,"turns":3.0},{"damage":0.0,"enemies":"Looter","floor":8.0,"turns":4.0},{"damage":10.0,"enemies":"Gremlin Gang","floor":10.0,"turns":3.0},{"damage":2.0,"enemies":"Gremlin Nob","floor":11.0,"turns":4.0},{"damage":4.0,"enemies":"Lagavulin","floor":14.0,"turns":5.0},{"damage":24.0,"enemies":"Hexaghost","floor":16.0,"turns":10.0},{"damage":0.0,"enemies":"Spheric Guardian","floor":18.0,"turns":5.0},{"damage":0.0,"enemies":"Shell Parasite","floor":19.0,"turns":5.0},{"damage":24.0,"enemies":"Centurion and Healer","floor":21.0,"turns":8.0},{"damage":44,"enemies":"Cultist and Chosen","floor":22,"turns":9},{"damage":14,"enemies":"Book of Stabbing","floor":24,"turns":9},{"damage":0,"enemies":"Snecko","floor":27,"turns":5},{"damage":38,"enemies":"Gremlin Leader","floor":29,"turns":7},{"damage":11,"enemies":"Sentry and Sphere","floor":31,"turns":4},{"damage":63,"enemies":"Automaton","floor":33,"turns":11},{"damage":0,"enemies":"3 Shapes","floor":35,"turns":2},{"damage":0,"enemies":"3 Darklings","floor":36,"turns":5},{"damage":0,"enemies":"Mysterious Sphere","floor":37,"turns":4},{"damage":7,"enemies":"4 Shapes","floor":39,"turns":2},{"damage":4,"enemies":"Nemesis","floor":40,"turns":5},{"damage":12,"enemies":"Maw","floor":44,"turns":3},{"damage":22,"enemies":"3 Darklings","floor":46,"turns":4},{"damage":8,"enemies":"2 Orb Walkers","floor":48,"turns":4},{"damage":5,"enemies":"Donu and Deca","floor":50,"turns":4}],"relics_obtained":[{"floor":6.0,"key":"Thread and Needle"},{"floor":9.0,"key":"Toxic Egg 2"},{"floor":11.0,"key":"Meat on the Bone"},{"floor":14.0,"key":"Ornamental Fan"},{"floor":24,"key":"Anchor"},{"floor":26,"key":"Matryoshka"},{"floor":29,"key":"Smiling Mask"},{"floor":37,"key":"Dead Branch"},{"floor":40,"key":"Vajra"},{"floor":43,"key":"Juzu Bracelet"},{"floor":43,"key":"Dream Catcher"},{"floor":48,"key":"Bottled Tornado"}],"event_choices":[{"event_name":"Golden Idol","player_choice":"Take Damage","floor":3.0,"damage_taken":0.0},{"event_name":"The Woman in Blue","player_choice":"Bought 3 Potions","floor":5.0,"damage_taken":0.0},{"event_name":"Golden Wing","player_choice":"Card Removal","floor":12.0,"damage_taken":0.0},{"event_name":"Vampires","player_choice":"Ignored","floor":28,"damage_taken":0},{"event_name":"Mysterious Sphere","player_choice":"Fight","floor":37,"damage_taken":0},{"event_name":"Winding Halls","player_choice":"Embrace Madness","floor":38,"damage_taken":0}],"boss_relics":[{"not_picked":["Runic Dome","Black Star"],"picked":"Cursed Key"}],"items_purged_floors":[],"potions_floor_spawned":[1,7,14,16,18,21,24,29,31,35,37,46,48],"seed_played":"8936391235068395105","ascension_level":2,"potions_obtained":[{"floor":1.0,"key":"FairyPotion"},{"floor":5.0,"key":"Block Potion"},{"floor":5.0,"key":"AttackPotion"},{"floor":5.0,"key":"Poison Potion"},{"floor":7.0,"key":"EssenceOfSteel"},{"floor":14.0,"key":"SteroidPotion"},{"floor":16.0,"key":"Strength Potion"},{"floor":18.0,"key":"Strength Potion"},{"floor":21,"key":"Swift Potion"},{"floor":24,"key":"Strength Potion"},{"floor":29,"key":"Strength Potion"},{"floor":31,"key":"Swift Potion"},{"floor":35,"key":"Poison Potion"},{"floor":37,"key":"GamblersBrew"},{"floor":46,"key":"Weak Potion"},{"floor":48,"key":"Swift Potion"}],"is_trial":false}