{"gold_per_floor":[110,110,130,142,159,159,193,193,217,244,258,273,273,293,293,396,396,408,408,180,180,194,219,73,73,128,161,161,161,177,211,211,309,359,372,225,225,189,189,223,235,247],"floor_reached":42,"playtime":1757,"items_purged":[],"score":704,"play_id":"c8c1d9e7-cb8e-49a8-9f60-f519979355ad","local_time":"20180819045258","is_ascension_mode":true,"campfire_choices":[{"floor":6,"key":"REST"},{"data":"Redo","floor":8,"key":"SMITH"},{"floor":15,"key":"REST"},{"floor":25,"key":"REST"},{"floor":32,"key":"REST"},{"floor":41,"key":"REST"}],"neow_cost":"NONE","seed_source_timestamp":37686425178038,"circlet_count":0,"master_deck":["Defend_B","Defend_B","Defend_B","Defend_B","Zap+1","Dualcast+1","Steam","Multi-Cast","Leap+1","Glacier","Redo+1","Buffer","White Noise+1","Electrodynamics","Self Repair","Defragment","Blind","Loop+1","Tempest","Bite","Bite","Bite","Bite","Bite","Creative AI","Defragment+1","Thunder Strike","Tempest"],"relics":["Cracked Core","Whetstone","DataDisk","War Paint","Happy Flower","Lizard Tail","Strawberry","Regal Pillow","Juzu Bracelet","Orichalcum","Red Mask","Tiny House","Girya","MawBank"],"potions_floor_usage":[7,16,18,20,23,27],"damage_taken":[{"damage":2,"enemies":"Jaw Worm","floor":1,"turns":3},{"damage":0,"enemies":"Small Slimes","floor":3,"turns":3},{"damage":0,"enemies":"Cultist","floor":4,"turns":3},{"damage":38,"enemies":"Gremlin Gang","floor":5,"turns":6},{"damage":3,"enemies":"3 Sentries","floor":7,"turns":11},{"damage":5,"enemies":"Lagavulin","floor":10,"turns":10},{"damage":1,"enemies":"Lots of Slimes","floor":11,"turns":6},{"damage":0,"enemies":"Exordium Wildlife","floor":12,"turns":3},{"damage":0,"enemies":"2 Fungi Beasts","floor":14,"turns":4},{"damage":0,"enemies":"Slime Boss","floor":16,"turns":6},{"damage":1,"enemies":"3 Byrds","floor":18,"turns":3},{"damage":29,"enemies":"Shell Parasite","floor":22,"turns":5},{"damage":25,"enemies":"Slavers","floor":23,"turns":4},{"damage":38,"enemies":"Book of Stabbing","floor":27,"turns":6},{"damage":15,"enemies":"Sentry and Sphere","floor":30,"turns":4},{"damage":6,"floor":31,"turns":3},{"damage":76,"enemies":"Automaton","floor":33,"turns":14},{"damage":41,"enemies":"3 Darklings","floor":35,"turns":6},{"damage":12,"floor":37,"turns":6},{"damage":73,"enemies":"Nemesis","floor":40,"turns":9},{"damage":112,"enemies":"Giant Head","floor":42,"turns":8}],"seed_played":"5117833072163442786","potions_obtained":[{"floor":5,"key":"SkillPotion"},{"floor":7,"key":"Energy Potion"},{"floor":12,"key":"AttackPotion"},{"floor":16,"key":"SkillPotion"},{"floor":22,"key":"Energy Potion"},{"floor":31,"key":"FearPotion"},{"floor":33,"key":"Ancient Potion"},{"floor":34,"key":"FairyPotion"}],"is_trial":false,"path_per_floor":["M","?","M","M","M","R","E","R","T","E","M","M","?","M","R","B",null,"M","?","$","?","M","E","$","R","T","E","$","?","M","?","R","B",null,"M","$","?","$","?","E","R"],"character_chosen":"DEFECT","items_purchased":["Defragment","Blind","Fruit Juice","Regal Pillow","Thunder Strike","Tempest"],"campfire_rested":5,"item_purchase_floors":[20,20,20,24,36,38],"current_hp_per_floor":[66,66,66,66,28,50,47,47,47,42,41,41,26,26,48,48,68,67,53,58,58,36,25,25,67,67,36,36,36,34,39,64,27,60,32,32,33,33,33,33,68,0],"gold":247,"neow_bonus":"RANDOM_COMMON_RELIC","is_prod":false,"is_daily":false,"chose_seed":false,"campfire_upgraded":1,"win_rate":0,"timestamp":1534647178,"path_taken":["M","?","?","M","M","R","E","R","T","E","M","?","?","M","R","BOSS","M","?","$","?","?","E","$","R","T","E","$","?","M","?","R","BOSS","M","$","?","?","?","E","R","E"],"build_version":"2018-08-16","purchased_purges":0,"victory":false,"max_hp_per_floor":[75,75,75,75,75,75,75,75,75,75,75,75,75,75,75,75,75,75,80,85,85,85,92,92,92,92,92,92,64,64,64,64,64,69,69,69,69,69,69,69,69,69],"card_choices":[{"not_picked":["Cold Snap","Barrage"],"picked":"Steam","floor":1},{"not_picked":["Blizzard","Compile Driver"],"picked":"Leap","floor":3},{"not_picked":["Leap","Gash"],"picked":"Glacier","floor":4},{"not_picked":["Beam Cell","Leap"],"picked":"Redo","floor":5},{"not_picked":["Genetic Algorithm","Blizzard"],"picked":"Buffer","floor":7},{"not_picked":["Rebound","Compile Driver","Leap"],"picked":"SKIP","floor":10},{"not_picked":["Coolheaded","Conserve Battery","Chaos"],"picked":"SKIP","floor":11},{"not_picked":["Cold Snap","Coolheaded"],"picked":"White Noise","floor":12},{"not_picked":["Coolheaded","Gash"],"picked":"Ball Lightning","floor":14},{"not_picked":["Buffer","Machine Learning"],"picked":"Electrodynamics","floor":16},{"not_picked":["Coolheaded+1","Leap"],"picked":"Self Repair","floor":18},{"not_picked":["Barrage","Rebound"],"picked":"Loop+1","floor":22},{"not_picked":["Rebound","Beam Cell+1"],"picked":"Tempest","floor":23},{"not_picked":["Compile Driver","Beam Cell+1","Rip and Tear"],"picked":"SKIP","floor":27},{"not_picked":["Chill+1","Beam Cell","Hologram"],"picked":"SKIP","floor":30},{"not_picked":["Machine Learning","Biased Cognition"],"picked":"Creative AI","floor":33},{"not_picked":["Hello World","Aggregate"],"picked":"Defragment+1","floor":35},{"not_picked":["Barrage+1","Coolheaded","Stack+1"],"picked":"SKIP","floor":40}],"player_experience":84807,"relics_obtained":[{"floor":7,"key":"DataDisk"},{"floor":9,"key":"War Paint"},{"floor":10,"key":"Happy Flower"},{"floor":23,"key":"Strawberry"},{"floor":26,"key":"Juzu Bracelet"},{"floor":27,"key":"Orichalcum"},{"floor":31,"key":"Red Mask"},{"floor":37,"key":"Girya"},{"floor":40,"key":"MawBank"}],"event_choices":[{"event_name":"Living Wall","player_choice":"Change","floor":2,"damage_taken":0},{"event_name":"Shining Light","player_choice":"Entered Light","floor":13,"damage_taken":0},{"event_name":"Forgotten Altar","player_choice":"Shed Blood","floor":19,"damage_taken":0},{"event_name":"Drug Dealer","player_choice":"Ignored","floor":21,"damage_taken":0},{"event_name":"Vampires","player_choice":"Became a vampire","floor":29,"damage_taken":0},{"event_name":"Masked Bandits","player_choice":"Fought Bandits","floor":31,"damage_taken":0},{"event_name":"MindBloom","player_choice":"Fight","floor":37,"damage_taken":0},{"event_name":"Falling","player_choice":"Removed Attack","floor":39,"damage_taken":0}],"is_beta":true,"boss_relics":[{"not_picked":["Philosopher\u0027s Stone","Snecko Eye"],"picked":"Lizard Tail"},{"not_picked":["Runic Pyramid","FrozenCore"],"picked":"Tiny House"}],"items_purged_floors":[],"is_endless":false,"potions_floor_spawned":[5,7,12,16,22,31,33,37],"killed_by":"Giant Head","ascension_level":6}