{"gold_per_floor":[116,20,35,35,50,50,63,63,63,89,107,142,142,122],"floor_reached":14,"playtime":281,"items_purged":[],"score":185,"play_id":"665d8928-1dde-44d3-a7ff-25a359d910fd","local_time":"20181107151042","is_ascension_mode":true,"campfire_choices":[{"data":"Electrodynamics","floor":6.0,"key":"SMITH"},{"data":"Gash","floor":8.0,"key":"SMITH"}],"neow_cost":"PERCENT_DAMAGE","seed_source_timestamp":0,"circlet_count":0,"master_deck":["AscendersBane","Strike_B","Strike_B","Strike_B","Strike_B","Defend_B","Defend_B","Defend_B","Defend_B","Zap","Dualcast","Ball Lightning","Flash of Steel","Barrage+1","Electrodynamics+1","Gash+1","Gash","Hologram","FTL"],"special_seed":0,"relics":["Cracked Core","Dead Branch","Matryoshka","Kunai","Centennial Puzzle","Ancient Tea Set","Shuriken"],"potions_floor_usage":[14],"damage_taken":[{"damage":1.0,"enemies":"Cultist","floor":1.0,"turns":3.0},{"damage":4.0,"enemies":"Jaw Worm","floor":3.0,"turns":3.0},{"damage":2.0,"enemies":"2 Louse","floor":5.0,"turns":2.0},{"damage":7.0,"enemies":"Exordium Wildlife","floor":7.0,"turns":2.0},{"damage":5.0,"enemies":"3 Sentries","floor":10.0,"turns":2.0},{"damage":14.0,"enemies":"Exordium Thugs","floor":11.0,"turns":2.0},{"damage":6.0,"enemies":"Lagavulin","floor":12.0,"turns":4.0},{"damage":11,"enemies":"Looter","floor":14,"turns":1}],"seed_played":"-1721240796109207359","potions_obtained":[{"floor":7.0,"key":"SpeedPotion"},{"floor":10.0,"key":"AttackPotion"},{"floor":12.0,"key":"AttackPotion"}],"is_trial":false,"path_per_floor":["M","$","M","?","M","R","M","R","T","E","M","E","T","M"],"character_chosen":"DEFECT","items_purchased":["Flash of Steel"],"campfire_rested":0,"item_purchase_floors":[2],"current_hp_per_floor":[45,45,41,41,39,39,32,32,32,27,13,7,7,0],"gold":122,"neow_bonus":"ONE_RARE_RELIC","is_prod":false,"is_daily":false,"chose_seed":false,"campfire_upgraded":2,"win_rate":0,"timestamp":1541621442,"path_taken":["M","$","?","?","M","R","M","R","T","E","M","E","?","M"],"build_version":"2018-11-01","purchased_purges":0,"victory":false,"max_hp_per_floor":[71,71,71,71,71,71,71,71,71,71,71,71,71,71],"card_choices":[{"not_picked":["Leap","Melter"],"picked":"Ball Lightning","floor":1.0},{"not_picked":["Conserve Battery","Genetic Algorithm"],"picked":"Barrage","floor":3.0},{"not_picked":["Coolheaded","Turbo"],"picked":"Electrodynamics","floor":5.0},{"not_picked":["Sweeping Beam","Compile Driver"],"picked":"Gash","floor":7.0},{"not_picked":["Steam","Turbo"],"picked":"Gash","floor":10.0},{"not_picked":["Steam Power","Rebound"],"picked":"Hologram","floor":11.0},{"not_picked":["Rebound","Multi-Cast"],"picked":"FTL","floor":12.0}],"player_experience":698816,"relics_obtained":[{"floor":9.0,"key":"Matryoshka"},{"floor":10.0,"key":"Kunai"},{"floor":12.0,"key":"Centennial Puzzle"},{"floor":13.0,"key":"Ancient Tea Set"},{"floor":13.0,"key":"Shuriken"}],"event_choices":[{"damage_healed":0.0,"max_hp_gain":0.0,"max_hp_loss":0.0,"gold_gain":0.0,"event_name":"Living Wall","player_choice":"Grow","floor":4.0,"gold_loss":0.0,"damage_taken":0.0,"cards_upgraded":["Barrage"]}],"is_beta":false,"boss_relics":[],"items_purged_floors":[],"is_endless":false,"potions_floor_spawned":[7,10,12],"killed_by":"Looter","ascension_level":17}