{"gold_per_floor":[112,128,21,21,38,38,38,54,54,74,74,94,125,135,135,238,238,253,272,0,0,0,0,0,0],"floor_reached":25,"playtime":1532,"items_purged":[],"score":233,"play_id":"74a90dd4-7989-4bc4-a3e2-e15f14ac96a1","local_time":"20180730035154","is_ascension_mode":true,"campfire_choices":[{"floor":6,"key":"REST"},{"floor":11,"key":"REST"},{"floor":15,"key":"REST"},{"floor":23,"key":"REST"}],"neow_cost":"NONE","seed_source_timestamp":1570366723088695,"circlet_count":0,"master_deck":["Strike_B","Strike_B","Strike_B","Defend_B","Defend_B","Defend_B","Zap","Dualcast","Heatsinks","Force Field","Self Repair","Heatsinks","Self Repair","Meteor Strike","Self Repair"],"relics":["Fusion Hammer","Anchor","Meat on the Bone","Nuclear Battery","Runic Capacitor","Nilry\u0027s Codex"],"potions_floor_usage":[13,16,19,25],"damage_taken":[{"damage":5,"enemies":"Small Slimes","floor":1,"turns":3},{"damage":0,"enemies":"Cultist","floor":2,"turns":4},{"damage":6,"enemies":"Jaw Worm","floor":5,"turns":6},{"damage":10,"enemies":"Exordium Wildlife","floor":8,"turns":3},{"damage":1,"enemies":"Looter","floor":10,"turns":4},{"damage":10,"enemies":"2 Fungi Beasts","floor":12,"turns":5},{"damage":11,"enemies":"Lagavulin","floor":13,"turns":8},{"damage":15,"enemies":"Exordium Thugs","floor":14,"turns":5},{"damage":73,"enemies":"Slime Boss","floor":16,"turns":16},{"damage":47,"enemies":"Shell Parasite","floor":18,"turns":11},{"damage":36,"enemies":"3 Byrds","floor":19,"turns":7},{"damage":54,"enemies":"3 Cultists","floor":25,"turns":5}],"seed_played":"7356628838925760891","potions_obtained":[{"floor":8,"key":"SteroidPotion"},{"floor":14,"key":"FearPotion"},{"floor":16,"key":"Dexterity Potion"},{"floor":19,"key":"SteroidPotion"}],"is_trial":false,"path_per_floor":["M","M","$","?","M","R","?","M","T","M","R","M","E","M","R","B",null,"M","M","$","?","?","R","$"],"character_chosen":"DEFECT","items_purchased":["Heatsinks","Force Field","Runic Capacitor","Self Repair"],"campfire_rested":4,"item_purchase_floors":[3,3,20,20],"current_hp_per_floor":[70,70,70,70,64,75,68,58,58,57,75,72,68,60,75,28,75,54,44,44,44,28,50,50,0],"gold":0,"neow_bonus":"BOSS_RELIC","is_prod":false,"is_daily":false,"chose_seed":false,"campfire_upgraded":0,"win_rate":0,"timestamp":1532915514,"path_taken":["M","M","$","?","M","R","?","?","T","M","R","M","E","?","R","BOSS","M","M","$","?","?","R","$","M"],"build_version":"2018-07-26","purchased_purges":0,"victory":false,"max_hp_per_floor":[75,75,75,75,75,75,75,75,75,75,75,75,75,75,75,75,75,75,75,75,75,75,75,75,75],"card_choices":[{"not_picked":["Steam","Sweeping Beam","Gash"],"picked":"SKIP","floor":1},{"not_picked":["Stack","Go for the Eyes","Sweeping Beam"],"picked":"SKIP","floor":2},{"not_picked":["Turbo","Lockon","Ball Lightning"],"picked":"SKIP","floor":5},{"not_picked":["Reprogram","Skim","Steam"],"picked":"SKIP","floor":8},{"not_picked":["Blizzard","Skim"],"picked":"Self Repair","floor":10},{"not_picked":["Rebound","Undo"],"picked":"Heatsinks","floor":12},{"not_picked":["Beam Cell","Fusion","Fission"],"picked":"SKIP","floor":13},{"not_picked":["Ball Lightning","Cold Snap"],"picked":"Self Repair","floor":14},{"not_picked":["Rebound","Barrage+1","Fusion"],"picked":"SKIP","floor":18},{"not_picked":["Leap","Steam"],"picked":"Meteor Strike","floor":19}],"player_experience":343757,"relics_obtained":[{"floor":9,"key":"Anchor"},{"floor":13,"key":"Meat on the Bone"},{"floor":22,"key":"Nilry\u0027s Codex"}],"event_choices":[{"event_name":"Bonfire Elementals","player_choice":"BASIC","floor":4,"damage_taken":0},{"event_name":"Golden Wing","player_choice":"Card Removal","floor":7,"damage_taken":0},{"event_name":"Addict","player_choice":"Ignored","floor":21,"damage_taken":0},{"event_name":"Cursed Tome","player_choice":"Obtained Book","floor":22,"damage_taken":0}],"is_beta":false,"boss_relics":[{"not_picked":["Runic Pyramid","Runic Dome"],"picked":"Nuclear Battery"}],"items_purged_floors":[],"is_endless":false,"potions_floor_spawned":[8,14,16,19],"killed_by":"3 Cultists","ascension_level":3}