{"gold_per_floor":[112,37,57,132,145,170,170,170,170,170,188,188,520,520,520,623,623,634,645,645],"floor_reached":20,"playtime":768,"items_purged":["Decay"],"score":278,"play_id":"0c830781-b279-4960-9d95-515d8febf604","local_time":"20180904141906","is_ascension_mode":true,"campfire_choices":[{"floor":7,"key":"REST"},{"data":"Zap","floor":10,"key":"SMITH"},{"floor":12,"key":"REST"},{"data":"All For One","floor":15,"key":"SMITH"}],"neow_cost":"CURSE","seed_source_timestamp":374198167018286,"circlet_count":0,"master_deck":["Strike_B","Strike_B","Defend_B","Defend_B","Defend_B","Zap+1","Dualcast","Doom and Gloom","All For One+1","Turbo","Echo Form","Chill","Reprogram","Sweeping Beam","Steam Power","Thunder Strike","Stack+1","Go for the Eyes+1"],"relics":["Cracked Core","Kunai","Oddly Smooth Stone","Old Coin","White Beast Statue"],"potions_floor_usage":[6,13,18,19],"damage_taken":[{"damage":17,"enemies":"Small Slimes","floor":1,"turns":3},{"damage":7,"enemies":"Jaw Worm","floor":3,"turns":2},{"damage":1,"enemies":"Cultist","floor":5,"turns":3},{"damage":20,"enemies":"Gremlin Nob","floor":6,"turns":3},{"damage":0,"enemies":"2 Fungi Beasts","floor":11,"turns":2},{"damage":10,"enemies":"3 Sentries","floor":13,"turns":4},{"damage":0,"enemies":"Slime Boss","floor":16,"turns":5},{"damage":33,"enemies":"3 Byrds","floor":18,"turns":6},{"damage":33,"enemies":"Shell Parasite","floor":19,"turns":6},{"damage":18,"enemies":"Shelled Parasite and Fungi","floor":20,"turns":1}],"seed_played":"7212935724535821552","potions_obtained":[{"floor":1,"key":"Poison Potion"},{"floor":3,"key":"Energy Potion"},{"floor":11,"key":"EssenceOfSteel"},{"floor":18,"key":"Swift Potion"},{"floor":19,"key":"Poison Potion"}],"is_trial":false,"path_per_floor":["M","$","M","?","M","E","R","?","T","R","M","R","E","?","R","B",null,"M","M"],"character_chosen":"DEFECT","items_purchased":[],"campfire_rested":2,"item_purchase_floors":[],"current_hp_per_floor":[58,58,51,40,39,19,41,41,41,41,41,63,53,53,53,53,75,42,9,0],"gold":645,"neow_bonus":"TRANSFORM_TWO_CARDS","is_prod":false,"is_daily":false,"chose_seed":false,"campfire_upgraded":2,"win_rate":0,"timestamp":1536085146,"path_taken":["M","$","M","?","M","E","R","?","T","R","M","R","E","?","R","BOSS","M","M","?"],"build_version":"2018-08-30","purchased_purges":1,"victory":false,"max_hp_per_floor":[75,75,75,75,75,75,75,75,75,75,75,75,75,75,75,75,75,75,75,75],"card_choices":[{"not_picked":["Static Discharge","Stack"],"picked":"Turbo","floor":1},{"not_picked":["Rebound","Streamline","Storm"],"picked":"SKIP","floor":3},{"not_picked":["Hello World","Barrage"],"picked":"Echo Form","floor":5},{"not_picked":["Turbo","Steam"],"picked":"Chill","floor":6},{"not_picked":["Capacitor","Leap"],"picked":"Reprogram","floor":11},{"not_picked":["Compile Driver","Stack"],"picked":"Sweeping Beam","floor":13},{"not_picked":["All For One","Reboot"],"picked":"Thunder Strike","floor":16},{"not_picked":["Conserve Battery","Turbo"],"picked":"Stack+1","floor":18},{"not_picked":["Stack+1","Turbo"],"picked":"Go for the Eyes+1","floor":19}],"player_experience":502556,"relics_obtained":[{"floor":6,"key":"Kunai"},{"floor":9,"key":"Oddly Smooth Stone"},{"floor":13,"key":"Old Coin"}],"event_choices":[{"event_name":"World of Goop","player_choice":"Gather Gold","floor":4,"damage_taken":0},{"event_name":"Dead Adventurer","player_choice":"Searched \u00270\u0027 times","floor":8,"damage_taken":0},{"event_name":"Transmorgrifier","player_choice":"Transform","floor":14,"damage_taken":0}],"is_beta":false,"boss_relics":[{"not_picked":["Runic Pyramid","Velvet Choker"],"picked":"White Beast Statue"}],"items_purged_floors":[2],"is_endless":false,"potions_floor_spawned":[1,3,11,18,19],"killed_by":"Shelled Parasite and Fungi","ascension_level":4}