{"gold_per_floor":[119,132,8,28,28,63,63,63],"floor_reached":8,"playtime":785,"items_purged":[],"score":59,"play_id":"4abf056e-7b48-4537-8ede-91c4b40b9b12","local_time":"20190504205844","is_ascension_mode":true,"campfire_choices":[],"neow_cost":"NONE","seed_source_timestamp":78069878877700,"circlet_count":0,"master_deck":["Defend_G","Defend_G","Defend_G","Defend_G","Defend_G","Strike_G","Strike_G","Strike_G","Strike_G","Strike_G","Survivor","Neutralize+1","Poisoned Stab","Bane","Footwork","Bane","Leg Sweep+1"],"relics":["Ring of the Snake","Juzu Bracelet","Ancient Tea Set","Meat on the Bone"],"potions_floor_usage":[6],"damage_taken":[{"damage":7,"enemies":"Small Slimes","floor":1,"turns":6},{"damage":0,"enemies":"Cultist","floor":2,"turns":3},{"damage":0,"enemies":"2 Louse","floor":4,"turns":2},{"damage":3,"enemies":"Lagavulin","floor":6,"turns":8},{"damage":50,"enemies":"3 Sentries","floor":8,"turns":16}],"seed_played":"6144444240591081540","potions_obtained":[{"floor":1,"key":"EssenceOfSteel"}],"is_trial":false,"path_per_floor":["M","M","$","M","?","E","?","E"],"character_chosen":"THE_SILENT","items_purchased":["Footwork","Energy Potion"],"campfire_rested":0,"item_purchase_floors":[3,3],"current_hp_per_floor":[63,63,63,63,63,60,46,0],"gold":63,"neow_bonus":"RANDOM_COMMON_RELIC","is_prod":false,"is_daily":false,"chose_seed":false,"campfire_upgraded":0,"win_rate":0,"timestamp":1556996324,"path_taken":["M","M","$","M","?","E","?","E"],"build_version":"2019-01-23","purchased_purges":0,"victory":false,"max_hp_per_floor":[70,70,70,70,70,70,70,70],"card_choices":[{"not_picked":["Quick Slash","Sucker Punch"],"picked":"Poisoned Stab","floor":1},{"not_picked":["Setup","Prepared"],"picked":"Bane","floor":2},{"not_picked":["Acrobatics","Escape Plan"],"picked":"Bane","floor":4},{"not_picked":["Dagger Throw","All Out Attack"],"picked":"Leg Sweep","floor":6}],"player_experience":242593,"relics_obtained":[{"floor":6,"key":"Meat on the Bone"}],"event_choices":[{"damage_healed":0,"gold_gain":0,"player_choice":"Gave Potion","damage_taken":0,"relics_obtained":["Ancient Tea Set"],"max_hp_gain":0,"max_hp_loss":0,"event_name":"WeMeetAgain","floor":5,"gold_loss":0},{"damage_healed":0,"gold_gain":0,"player_choice":"Entered Light","damage_taken":14,"max_hp_gain":0,"max_hp_loss":0,"event_name":"Shining Light","floor":7,"gold_loss":0,"cards_upgraded":["Leg Sweep","Neutralize"]}],"is_beta":false,"boss_relics":[],"items_purged_floors":[],"is_endless":false,"potions_floor_spawned":[1],"killed_by":"3 Sentries","ascension_level":1}