{"gold_per_floor":[13,13,30,43,60,60,86,105,131,96,96,122,135,147,147,222,222,242,255,3,20,20,20,52,52,78,112,37,48,48,63,63,63],"floor_reached":33,"playtime":1268,"items_purged":[],"score":648,"play_id":"0baeb254-b2c2-4b12-8c05-1aa0c37a44a1","local_time":"20190303130956","is_ascension_mode":true,"campfire_choices":[{"data":"Corpse Explosion","floor":6.0,"key":"SMITH"},{"data":"Cloak And Dagger","floor":11.0,"key":"SMITH"},{"floor":15.0,"key":"REST"},{"data":"Footwork","floor":23,"key":"SMITH"},{"floor":25,"key":"REST"},{"floor":30,"key":"REST"},{"data":"Night Terror","floor":32,"key":"SMITH"}],"neow_cost":"NO_GOLD","seed_source_timestamp":0,"circlet_count":0,"master_deck":["AscendersBane","Survivor","Neutralize","Dagger Spray","Cloak And Dagger+1","Corpse Explosion+1","Slice","Dash","Distraction","Unload","Burst","Setup","Adrenaline","Night Terror+1","Burst","Backstab","Underhanded Strike","Corpse Explosion","Backstab","Reflex","Dodge and Roll","Footwork+1","Cloak And Dagger","Underhanded Strike+1"],"special_seed":0,"relics":["Ring of the Snake","Gambling Chip","Pantograph","Ancient Tea Set","Strawberry","Pandora\u0027s Box","ClockworkSouvenir","Vajra","Bronze Scales","Omamori"],"potions_floor_usage":[19,24],"damage_taken":[{"damage":3.0,"enemies":"2 Louse","floor":1.0,"turns":4.0},{"damage":0.0,"enemies":"Small Slimes","floor":3.0,"turns":2.0},{"damage":1.0,"enemies":"Jaw Worm","floor":4.0,"turns":5.0},{"damage":4.0,"enemies":"2 Fungi Beasts","floor":5.0,"turns":2.0},{"damage":10.0,"enemies":"3 Sentries","floor":7.0,"turns":2.0},{"damage":8.0,"enemies":"Exordium Wildlife","floor":8.0,"turns":3.0},{"damage":16.0,"enemies":"Lagavulin","floor":12.0,"turns":5.0},{"damage":0.0,"enemies":"3 Louse","floor":13.0,"turns":1.0},{"damage":4.0,"enemies":"Looter","floor":14.0,"turns":3.0},{"damage":65.0,"enemies":"The Guardian","floor":16.0,"turns":11.0},{"damage":0,"enemies":"2 Thieves","floor":18,"turns":1},{"damage":21,"enemies":"Shell Parasite","floor":19,"turns":5},{"damage":0,"enemies":"3 Cultists","floor":21,"turns":2},{"damage":23,"enemies":"Book of Stabbing","floor":24,"turns":6},{"damage":21,"enemies":"Slavers","floor":27,"turns":3},{"damage":0,"enemies":"Cultist and Chosen","floor":29,"turns":2},{"damage":1,"enemies":"Centurion and Healer","floor":31,"turns":2},{"damage":82,"enemies":"Champ","floor":33,"turns":12}],"seed_played":"-3433465404435739322","potions_obtained":[{"floor":4.0,"key":"AttackPotion"},{"floor":7.0,"key":"Strength Potion"},{"floor":12.0,"key":"SpeedPotion"},{"floor":13.0,"key":"SkillPotion"},{"floor":14.0,"key":"FairyPotion"},{"floor":19,"key":"Weak Potion"},{"floor":27,"key":"LiquidBronze"}],"is_trial":false,"path_per_floor":["M","?","M","M","M","R","E","M","T","?","R","E","M","M","R","B",null,"M","M","$","M","?","R","E","R","T","E","?","M","R","M","R","B"],"character_chosen":"THE_SILENT","items_purchased":["Footwork","ClockworkSouvenir"],"campfire_rested":3,"item_purchase_floors":[20,20],"current_hp_per_floor":[56,56,56,55,51,51,41,33,33,49,49,40,40,36,57,8,57,57,36,36,36,36,36,13,34,34,13,13,13,34,33,33,0],"gold":63,"neow_bonus":"ONE_RARE_RELIC","is_prod":false,"is_daily":false,"chose_seed":false,"campfire_upgraded":4,"win_rate":0,"timestamp":1551636596,"path_taken":["M","?","M","M","M","R","E","M","T","?","R","E","M","M","R","BOSS","M","M","$","M","?","R","E","R","T","E","?","M","R","M","R","BOSS"],"build_version":"2019-01-23","purchased_purges":0,"victory":false,"max_hp_per_floor":[66,66,66,66,66,66,66,66,66,66,66,73,73,73,73,73,73,73,73,73,73,73,73,73,73,73,73,73,73,73,73,73,73],"card_choices":[{"not_picked":["Backflip","Blur"],"picked":"Dagger Spray","floor":1.0},{"not_picked":["Underhanded Strike","PiercingWail"],"picked":"Cloak And Dagger","floor":3.0},{"not_picked":["Sucker Punch","Choke"],"picked":"Corpse Explosion","floor":4.0},{"not_picked":["Outmaneuver","Prepared"],"picked":"Slice","floor":5.0},{"not_picked":["Setup","Slice"],"picked":"Dash","floor":7.0},{"not_picked":["Tactician","Poisoned Stab"],"picked":"Distraction","floor":8.0},{"not_picked":["Caltrops","Flying Knee","Prepared"],"picked":"SKIP","floor":12.0},{"not_picked":["Quick Slash","Sucker Punch","Crippling Poison"],"picked":"SKIP","floor":13.0},{"not_picked":["Bane","Outmaneuver"],"picked":"Unload","floor":14.0},{"not_picked":["Phantasmal Killer","Glass Knife"],"picked":"Burst","floor":16.0},{"not_picked":["Bane","Deadly Poison+1"],"picked":"Dodge and Roll","floor":18},{"not_picked":["Night Terror","Skewer","Acrobatics"],"picked":"SKIP","floor":19},{"not_picked":["Quick Slash","Blade Dance"],"picked":"Cloak And Dagger","floor":21},{"not_picked":["Well Laid Plans","Setup"],"picked":"Underhanded Strike+1","floor":24},{"not_picked":["Flying Knee+1","Caltrops","Bouncing Flask"],"picked":"SKIP","floor":27},{"not_picked":["Eviscerate+1","Slice","Cloak And Dagger"],"picked":"SKIP","floor":29},{"not_picked":["Infinite Blades","Underhanded Strike+1","Blade Dance"],"picked":"SKIP","floor":31}],"player_experience":850236,"relics_obtained":[{"floor":7.0,"key":"Pantograph"},{"floor":9.0,"key":"Ancient Tea Set"},{"floor":12.0,"key":"Strawberry"},{"floor":24,"key":"Vajra"},{"floor":26,"key":"Bronze Scales"},{"floor":27,"key":"Omamori"}],"event_choices":[{"damage_healed":0.0,"max_hp_gain":0.0,"max_hp_loss":0.0,"gold_gain":0.0,"event_name":"Scrap Ooze","player_choice":"Fled","floor":2.0,"gold_loss":0.0,"damage_taken":0.0},{"damage_healed":16.0,"max_hp_gain":0.0,"max_hp_loss":0.0,"gold_gain":0.0,"event_name":"The Cleric","player_choice":"Healed","floor":10.0,"gold_loss":35.0,"damage_taken":0.0},{"damage_healed":0,"gold_gain":0,"player_choice":"Ignored","damage_taken":0,"max_hp_gain":0,"max_hp_loss":0,"event_name":"Vampires","floor":22,"gold_loss":0},{"cards_removed":["Poisoned Stab"],"damage_healed":0,"gold_gain":0,"player_choice":"Gave Gold","damage_taken":0,"max_hp_gain":0,"max_hp_loss":0,"event_name":"Beggar","floor":28,"gold_loss":75}],"is_beta":false,"boss_relics":[{"not_picked":["White Beast Statue","Lizard Tail"],"picked":"Pandora\u0027s Box"}],"items_purged_floors":[],"is_endless":false,"potions_floor_spawned":[4,7,12,13,14,19,27],"killed_by":"Champ","ascension_level":20}