{"gold_per_floor":[368,385,385,229,229,229,562,145,145,179,194,194,214,228,228,305,305,317,109,109,109,109,109,121,121,121,121,138,151,151,169,169,242,242,262,262,262,275,286,286,286,286,286,302,302,86,86,102,102,102,102,102,24,55,55],"floor_reached":56,"playtime":1910,"items_purged":["Strike_R","Strike_R","Defend_R"],"score":1865,"play_id":"b2116787-d048-418e-955d-442e3269242c","local_time":"20190305154159","is_ascension_mode":true,"campfire_choices":[{"data":"Whirlwind","floor":6.0,"key":"SMITH"},{"data":"True Grit","floor":12.0,"key":"SMITH"},{"data":"Inflame","floor":15.0,"key":"SMITH"},{"data":"Pommel Strike","floor":23.0,"key":"SMITH"},{"data":"Flex","floor":27.0,"key":"SMITH"},{"data":"Battle Trance","floor":32.0,"key":"SMITH"},{"floor":40.0,"key":"REST"},{"data":"Limit Break","floor":42.0,"key":"SMITH"},{"data":"Shockwave","floor":45.0,"key":"SMITH"},{"floor":47.0,"key":"RECALL"},{"floor":49.0,"key":"REST"},{"data":"Evolve","floor":52.0,"key":"SMITH"}],"neow_cost":"TEN_PERCENT_HP_LOSS","seed_source_timestamp":246262064839846,"circlet_count":0,"master_deck":["AscendersBane","Defend_R","True Grit+1","Whirlwind+1","Inflame+1","Disarm","Shockwave+1","Flex+1","Fiend Fire","Impervious+1","Disarm+1","True Grit+1","Pommel Strike+1","Battle Trance+1","Limit Break+1","Shrug It Off","Evolve+1","Body Slam"],"special_seed":0,"relics":["Burning Blood","Old Coin","Sundial","Ornamental Fan","Anchor","Astrolabe","ClockworkSouvenir","Orichalcum","Bottled Flame","Enchiridion","Empty Cage","WarpedTongs","Bronze Scales"],"potions_floor_usage":[55],"damage_taken":[{"damage":6.0,"enemies":"Jaw Worm","floor":1.0,"turns":5.0},{"damage":7.0,"enemies":"Small Slimes","floor":2.0,"turns":4.0},{"damage":32.0,"enemies":"Gremlin Nob","floor":7.0,"turns":4.0},{"damage":25.0,"enemies":"Lagavulin","floor":10.0,"turns":9.0},{"damage":4.0,"enemies":"2 Louse","floor":11.0,"turns":3.0},{"damage":0.0,"enemies":"Exordium Wildlife","floor":13.0,"turns":2.0},{"damage":0.0,"enemies":"Blue Slaver","floor":14.0,"turns":5.0},{"damage":9.0,"enemies":"The Guardian","floor":16.0,"turns":11.0},{"damage":30.0,"enemies":"2 Thieves","floor":18.0,"turns":4.0},{"damage":0.0,"enemies":"3 Byrds","floor":24.0,"turns":5.0},{"damage":3.0,"enemies":"Cultist and Chosen","floor":28.0,"turns":8.0},{"damage":0.0,"enemies":"Centurion and Healer","floor":29.0,"turns":3.0},{"damage":0.0,"enemies":"Snake Plant","floor":31.0,"turns":3.0},{"damage":8.0,"enemies":"Champ","floor":33.0,"turns":10.0},{"damage":1.0,"enemies":"Orb Walker","floor":35.0,"turns":3.0},{"damage":43.0,"enemies":"3 Darklings","floor":38.0,"turns":5.0},{"damage":26.0,"enemies":"Maw","floor":39.0,"turns":7.0},{"damage":6.0,"enemies":"Writhing Mass","floor":44.0,"turns":8.0},{"damage":7.0,"enemies":"4 Shapes","floor":48.0,"turns":6.0},{"damage":23.0,"enemies":"Awakened One","floor":50.0,"turns":11.0},{"damage":40.0,"enemies":"Shield and Spear","floor":54.0,"turns":6.0},{"damage":29,"enemies":"The Heart","floor":55,"turns":9}],"seed_played":"-3453552261734792741","potions_obtained":[{"floor":1.0,"key":"AttackPotion"},{"floor":7.0,"key":"Explosive Potion"},{"floor":11.0,"key":"PowerPotion"},{"floor":14.0,"key":"AttackPotion"},{"floor":24.0,"key":"Block Potion"},{"floor":29.0,"key":"PowerPotion"},{"floor":38.0,"key":"AttackPotion"},{"floor":39.0,"key":"Weak Potion"},{"floor":54.0,"key":"Fire Potion"}],"is_trial":false,"path_per_floor":["M","M","?","$","?","R","E","$","T","E","M","R","M","M","R","B",null,"M","$","?","?","$","R","M","T","T","R","M","M","?","M","R","B",null,"M","?","?","M","M","R","?","R","T","M","R","$","R","M","R","B",null,"R","$","E","B",null],"character_chosen":"IRONCLAD","items_purchased":["Whirlwind","Disarm","Sundial","ClockworkSouvenir","Evolve","Body Slam","Ancient Potion"],"campfire_rested":2,"item_purchase_floors":[4,8,8,19,46,46,53],"current_hp_per_floor":[68,67,67,67,72,72,46,46,46,27,29,29,35,41,41,38,64,40,40,40,40,40,40,46,46,46,46,49,55,34,40,40,38,64,69,69,69,32,12,33,33,33,33,33,33,33,33,32,53,36,64,64,64,30,7],"gold":55,"neow_bonus":"TWO_FIFTY_GOLD","is_prod":false,"is_daily":false,"chose_seed":false,"campfire_upgraded":9,"win_rate":0,"timestamp":1551771719,"path_taken":["M","M","?","$","?","R","E","$","T","E","M","R","M","M","R","BOSS","M","$","?","?","$","R","M","?","T","R","M","?","?","M","R","BOSS","M","?","?","?","M","R","?","R","T","M","R","$","R","M","R","BOSS","R","$","E","BOSS"],"build_version":"2019-01-23","purchased_purges":3,"victory":true,"max_hp_per_floor":[68,68,68,68,73,73,73,73,73,73,73,73,73,73,73,73,73,73,73,73,73,73,73,73,73,73,73,73,73,73,73,73,73,73,73,73,73,73,73,73,73,73,73,73,73,73,73,73,73,73,73,73,73,73,73],"card_choices":[{"not_picked":["Corruption","Clothesline"],"picked":"True Grit","floor":1.0},{"not_picked":["Ghostly Armor","Dropkick","Armaments"],"picked":"SKIP","floor":2.0},{"not_picked":["Havoc","Reckless Charge"],"picked":"Inflame","floor":7.0},{"not_picked":["Metallicize","Havoc","Dark Embrace"],"picked":"SKIP","floor":10.0},{"not_picked":["Entrench","Twin Strike"],"picked":"Shockwave","floor":11.0},{"not_picked":["Hemokinesis","Wild Strike","Cleave"],"picked":"SKIP","floor":13.0},{"not_picked":["Rampage","Warcry"],"picked":"Flex","floor":14.0},{"not_picked":["Immolate","Exhume"],"picked":"Fiend Fire","floor":16.0},{"not_picked":["Twin Strike","Evolve","Armaments"],"picked":"SKIP","floor":18.0},{"not_picked":["Corruption","Inflame","Dropkick"],"picked":"SKIP","floor":24.0},{"not_picked":["Spot Weakness","Heavy Blade+1"],"picked":"Battle Trance","floor":28.0},{"not_picked":["Heavy Blade","Seeing Red","Clash"],"picked":"SKIP","floor":29.0},{"not_picked":["Entrench","Warcry","Headbutt"],"picked":"SKIP","floor":31.0},{"not_picked":["Dark Embrace","Fiend Fire"],"picked":"Limit Break","floor":33.0},{"not_picked":["Anger+1","Armaments+1","Searing Blow"],"picked":"SKIP","floor":35.0},{"not_picked":["Whirlwind","Reckless Charge+1","Clash"],"picked":"SKIP","floor":38.0},{"not_picked":["Metallicize+1","Pommel Strike+1"],"picked":"Shrug It Off","floor":39.0},{"not_picked":["Exhume","Reckless Charge","Pommel Strike"],"picked":"SKIP","floor":44.0},{"not_picked":["Dual Wield","Thunderclap+1","Cleave"],"picked":"SKIP","floor":48.0},{"not_picked":["Cleave","Berserk","True Grit"],"picked":"SKIP","floor":54.0}],"player_experience":1121126,"relics_obtained":[{"floor":7.0,"key":"Old Coin"},{"floor":9.0,"key":"Ornamental Fan"},{"floor":10.0,"key":"Anchor"},{"floor":25.0,"key":"Orichalcum"},{"floor":26.0,"key":"Bottled Flame"},{"floor":30.0,"key":"Enchiridion"},{"floor":54.0,"key":"Bronze Scales"}],"event_choices":[{"cards_removed":["Strike_R"],"damage_healed":0.0,"max_hp_gain":0.0,"max_hp_loss":0.0,"gold_gain":0.0,"event_name":"Living Wall","player_choice":"Forget","floor":3.0,"gold_loss":0.0,"damage_taken":0.0},{"damage_healed":0.0,"max_hp_gain":5.0,"max_hp_loss":0.0,"gold_gain":0.0,"event_name":"Big Fish","player_choice":"Donut","floor":5.0,"gold_loss":0.0,"damage_taken":0.0},{"damage_healed":0.0,"max_hp_gain":0.0,"max_hp_loss":0.0,"gold_gain":0.0,"event_name":"Vampires","player_choice":"Ignored","floor":20.0,"gold_loss":0.0,"damage_taken":0.0},{"damage_healed":0.0,"max_hp_gain":0.0,"max_hp_loss":0.0,"gold_gain":0.0,"event_name":"The Library","player_choice":"Read","floor":21.0,"gold_loss":0.0,"damage_taken":0.0,"cards_obtained":["Pommel Strike"]},{"damage_healed":0.0,"max_hp_gain":0.0,"max_hp_loss":0.0,"gold_gain":0.0,"event_name":"Cursed Tome","player_choice":"Obtained Book","floor":30.0,"gold_loss":0.0,"damage_taken":21.0},{"damage_healed":0.0,"max_hp_gain":0.0,"max_hp_loss":0.0,"gold_gain":0.0,"event_name":"Tomb of Lord Red Mask","player_choice":"Ignored","floor":36.0,"gold_loss":0.0,"damage_taken":0.0},{"damage_healed":0.0,"max_hp_gain":0.0,"max_hp_loss":0.0,"gold_gain":0.0,"event_name":"Accursed Blacksmith","player_choice":"Rummage","floor":37.0,"gold_loss":0.0,"damage_taken":0.0,"relics_obtained":["WarpedTongs"],"cards_obtained":["Pain"]},{"cards_removed":["Pain"],"damage_healed":0.0,"max_hp_gain":0.0,"max_hp_loss":0.0,"gold_gain":0.0,"event_name":"Fountain of Cleansing","player_choice":"Removed Curses","floor":41.0,"gold_loss":0.0,"damage_taken":0.0}],"is_beta":false,"boss_relics":[{"not_picked":["Lizard Tail","Orrery"],"picked":"Astrolabe"},{"not_picked":["Fusion Hammer","Tiny House"],"picked":"Empty Cage"}],"items_purged_floors":[4,8,46],"is_endless":false,"potions_floor_spawned":[1,7,11,14,24,28,29,38,39,54],"ascension_level":15}