{"gold_per_floor":[16,16,33,43,55,55,86,86,86,261,261,117,117,135,135,232,232,244,204,222,222,91,116,36,54,54,54,85,85,85,108,108,205,205,224,278,297,25,44,44,71,90,90,90,108,124,142,142,142,142],"floor_reached":50,"playtime":3847,"items_purged":["Strike_G","Concentrate+1"],"score":535,"play_id":"bdb6dc74-9867-4a4d-b7d8-89859d4fe248","local_time":"20190414141118","is_ascension_mode":false,"campfire_choices":[{"data":"Deadly Poison","floor":6,"key":"SMITH"},{"floor":8,"key":"RECALL"},{"data":"Concentrate","floor":15,"key":"SMITH"},{"floor":27,"key":"REST"},{"floor":29,"key":"REST"},{"data":"Noxious Fumes","floor":32,"key":"SMITH"},{"floor":40,"key":"REST"},{"floor":44,"key":"REST"},{"floor":49,"key":"REST"}],"neow_cost":"NO_GOLD","seed_source_timestamp":312610569951674,"circlet_count":0,"master_deck":["Defend_G","Defend_G","Survivor","Neutralize","Deadly Poison+1","Blade Dance","Noxious Fumes+1","Flying Knee","Corpse Explosion","Quick Slash","Bouncing Flask","Bane","Blur","Backflip","Bane","Noxious Fumes+1","Noxious Fumes","Dash","Injury","Backflip","Doubt","Adrenaline","Endless Agony+1","Storm of Steel+1","Blur+1","Crippling Poison+1","Sucker Punch+1","PiercingWail","Parasite","Cloak And Dagger+1","Accuracy","Dodge and Roll+1","Doubt","Deadly Poison+1","After Image","Cloak And Dagger"],"relics":["Ring of the Snake","Question Card","Pear","Cursed Key","Oddly Smooth Stone","Snake Skull","Lantern","Astrolabe","Peace Pipe","Regal Pillow","Meat on the Bone","Shuriken"],"potions_floor_usage":[28,36,36,39,42],"damage_taken":[{"damage":4,"enemies":"2 Louse","floor":1,"turns":6},{"damage":0,"enemies":"Jaw Worm","floor":3,"turns":4},{"damage":0,"enemies":"Small Slimes","floor":4,"turns":5},{"damage":0,"enemies":"Blue Slaver","floor":5,"turns":4},{"damage":27,"enemies":"3 Sentries","floor":7,"turns":14},{"damage":7,"enemies":"Exordium Thugs","floor":14,"turns":5},{"damage":24,"enemies":"The Guardian","floor":16,"turns":9},{"damage":5,"enemies":"Shell Parasite","floor":18,"turns":5},{"damage":17,"enemies":"2 Thieves","floor":20,"turns":3},{"damage":29,"enemies":"Slavers","floor":23,"turns":2},{"damage":17,"enemies":"Snake Plant","floor":25,"turns":4},{"damage":19,"enemies":"Book of Stabbing","floor":28,"turns":6},{"damage":38,"enemies":"Champ","floor":33,"turns":10},{"damage":4,"enemies":"3 Shapes","floor":35,"turns":3},{"damage":56,"enemies":"2 Orb Walkers","floor":36,"turns":6},{"damage":11,"enemies":"Orb Walker","floor":37,"turns":3},{"damage":7,"enemies":"Writhing Mass","floor":39,"turns":6},{"damage":57,"enemies":"Giant Head","floor":41,"turns":9},{"damage":7,"enemies":"4 Shapes","floor":42,"turns":4},{"damage":22,"enemies":"Spire Growth","floor":45,"turns":5},{"damage":31,"enemies":"Maw","floor":46,"turns":7},{"damage":15,"enemies":"Transient","floor":47,"turns":5},{"damage":67,"enemies":"Donu and Deca","floor":50,"turns":7}],"seed_played":"7676256454036472757","potions_obtained":[{"floor":3,"key":"Explosive Potion"},{"floor":7,"key":"Block Potion"},{"floor":18,"key":"GhostInAJar"},{"floor":20,"key":"Energy Potion"},{"floor":33,"key":"Swift Potion"},{"floor":37,"key":"Fire Potion"},{"floor":39,"key":"FairyPotion"},{"floor":42,"key":"Strength Potion"},{"floor":45,"key":"Strength Potion"}],"is_trial":false,"path_per_floor":["M","?","M","M","M","R","E","R","T","?","?","$","?","M","R","B",null,"M","$","M","?","$","E","$","M","T","R","E","R","?","T","R","B",null,"M","?","M","$","M","R","E","M","T","R","M","M","M","?","R","B"],"character_chosen":"THE_SILENT","items_purchased":["Noxious Fumes","Bouncing Flask","Blur","Backflip","Bane","Noxious Fumes","Regal Pillow","PiercingWail"],"campfire_rested":5,"item_purchase_floors":[12,19,22,22,22,24,38,38],"current_hp_per_floor":[66,66,66,66,66,66,39,39,49,49,42,42,42,35,35,11,80,75,75,58,58,58,29,29,12,12,36,17,41,41,41,41,3,80,76,20,9,9,2,41,8,13,13,52,42,23,20,20,59,0],"gold":142,"neow_bonus":"REMOVE_TWO","is_prod":false,"is_daily":false,"chose_seed":false,"campfire_upgraded":3,"win_rate":0,"timestamp":1555269078,"path_taken":["M","?","M","M","M","R","E","R","T","?","?","$","?","?","R","BOSS","M","?","M","?","$","E","$","?","T","R","E","R","?","?","R","BOSS","M","?","M","$","M","R","E","M","T","R","M","M","M","?","R","BOSS"],"build_version":"2019-01-23","purchased_purges":2,"victory":false,"max_hp_per_floor":[70,70,70,70,70,70,70,70,80,80,80,80,80,80,80,80,80,80,80,80,80,80,80,80,80,80,80,80,80,80,80,80,80,80,80,80,80,80,80,80,80,80,80,80,80,80,80,80,80,80],"card_choices":[{"not_picked":["Bane","Sucker Punch"],"picked":"Deadly Poison","floor":1},{"not_picked":["Prepared","Reflex","Heel Hook"],"picked":"SKIP","floor":3},{"not_picked":["Reflex","Cloak And Dagger","PiercingWail"],"picked":"SKIP","floor":4},{"not_picked":["Choke","Eviscerate"],"picked":"Blade Dance","floor":5},{"not_picked":["Underhanded Strike","Sucker Punch"],"picked":"Concentrate","floor":7},{"not_picked":["Choke","Storm of Steel","Cloak And Dagger"],"picked":"Flying Knee","floor":14},{"not_picked":["Unload","Storm of Steel","Phantasmal Killer"],"picked":"Corpse Explosion","floor":16},{"not_picked":["Sucker Punch","Slice","Calculated Gamble"],"picked":"Quick Slash","floor":18},{"not_picked":["Dodge and Roll+1","Crippling Poison+1","Masterful Stab+1"],"picked":"Bane","floor":20},{"not_picked":["Slice+1","Finisher+1","Cloak And Dagger+1"],"picked":"Noxious Fumes","floor":23},{"not_picked":["Poisoned Stab","Riddle With Holes+1","Masterful Stab+1"],"picked":"Dash","floor":25},{"not_picked":["Deflect","Dagger Throw+1","Well Laid Plans"],"picked":"Backflip","floor":28},{"not_picked":["Die Die Die","Storm of Steel","Glass Knife"],"picked":"Adrenaline","floor":33},{"not_picked":["Choke+1","Backflip","Cloak And Dagger"],"picked":"Blur+1","floor":35},{"not_picked":["Dagger Spray+1","Leg Sweep+1","Bane+1"],"picked":"Crippling Poison+1","floor":36},{"not_picked":["Prepared","Choke","Dagger Throw"],"picked":"Sucker Punch+1","floor":37},{"not_picked":["Leg Sweep+1","Outmaneuver","PiercingWail"],"picked":"Cloak And Dagger+1","floor":39},{"not_picked":["Skewer","Dodge and Roll","Blur"],"picked":"Accuracy","floor":41},{"not_picked":["Sucker Punch","Setup+1","Quick Slash+1"],"picked":"Dodge and Roll+1","floor":42},{"not_picked":["Night Terror","Dagger Throw+1","Prepared+1"],"picked":"Deadly Poison+1","floor":45},{"not_picked":["Calculated Gamble","Choke","Cloak And Dagger+1"],"picked":"After Image","floor":46},{"not_picked":["Bane+1","Accuracy+1","Quick Slash+1"],"picked":"Cloak And Dagger","floor":47}],"player_experience":183695,"relics_obtained":[{"floor":7,"key":"Question Card"},{"floor":9,"key":"Pear"},{"floor":23,"key":"Oddly Smooth Stone"},{"floor":28,"key":"Snake Skull"},{"floor":31,"key":"Lantern"},{"floor":36,"key":"Peace Pipe"},{"floor":41,"key":"Meat on the Bone"},{"floor":43,"key":"Shuriken"}],"event_choices":[{"cards_removed":["Strike_G"],"damage_healed":0,"gold_gain":0,"player_choice":"Forget","damage_taken":0,"max_hp_gain":0,"max_hp_loss":0,"event_name":"Living Wall","floor":2,"gold_loss":0},{"damage_healed":0,"gold_gain":175,"player_choice":"AGREE","damage_taken":0,"max_hp_gain":0,"max_hp_loss":0,"event_name":"Liars Game","floor":10,"gold_loss":0,"cards_obtained":["Doubt"]},{"cards_removed":["Doubt"],"damage_healed":0,"gold_gain":0,"player_choice":"Card Removal","damage_taken":7,"max_hp_gain":0,"max_hp_loss":0,"event_name":"Golden Wing","floor":11,"gold_loss":0},{"damage_healed":0,"gold_gain":0,"player_choice":"Upgraded","damage_taken":0,"max_hp_gain":0,"max_hp_loss":0,"event_name":"Upgrade Shrine","floor":13,"gold_loss":0,"cards_upgraded":["Noxious Fumes"]},{"cards_removed":["Concentrate"],"damage_healed":0,"gold_gain":0,"player_choice":"Elegance","damage_taken":0,"max_hp_gain":0,"max_hp_loss":0,"event_name":"Back to Basics","floor":21,"gold_loss":0},{"damage_healed":0,"gold_gain":0,"player_choice":"Ignored","damage_taken":0,"max_hp_gain":0,"max_hp_loss":0,"event_name":"Ghosts","floor":30,"gold_loss":0},{"damage_healed":0,"gold_gain":0,"player_choice":"Fight","damage_taken":0,"max_hp_gain":0,"max_hp_loss":0,"event_name":"Mysterious Sphere","floor":36,"gold_loss":0},{"cards_removed":["Strike_G"],"damage_healed":0,"gold_gain":0,"player_choice":"Purged","damage_taken":0,"max_hp_gain":0,"max_hp_loss":0,"event_name":"Purifier","floor":48,"gold_loss":0}],"is_beta":false,"boss_relics":[{"not_picked":["Pandora\u0027s Box","Tiny House"],"picked":"Cursed Key"},{"not_picked":["Fusion Hammer","Sozu"],"picked":"Astrolabe"}],"items_purged_floors":[12,38],"is_endless":false,"potions_floor_spawned":[3,7,18,20,33,37,39,42,45],"killed_by":"Donu and Deca","ascension_level":0}