{"path_per_floor":["M","M","$","M","M","R","E","M","T","?","R","M","M","$","R","B",null,"M","T","M","?","M","R","E","T","T","M","?","E","$","?","R","B",null,"M","T"],"character_chosen":"THE_SILENT","items_purchased":["Catalyst","Bane","Flash of Steel","Regen Potion","Thinking Ahead","Block Potion"],"gold_per_floor":[111,121,25,39,56,56,118,130,130,205,205,225,239,20,20,121,121,140,140,160,260,273,273,302,371,371,391,306,337,28,28,28,127,157,171,221],"floor_reached":37,"campfire_rested":2,"playtime":3023,"current_hp_per_floor":[63,60,60,60,55,55,27,24,24,13,31,35,27,27,27,27,63,38,38,19,19,14,14,16,16,16,26,26,6,6,6,39,15,68,21,21],"items_purged":["Strike_G","Strike_G"],"gold":221,"score":359,"play_id":"5ee383b1-7193-40e5-80ac-51e8960aa95b","is_prod":false,"is_daily":false,"is_ascension_mode":false,"campfire_upgraded":3,"path_taken":["M","?","?","M","M","R","E","M","T","?","R","M","M","$","R","BOSS","M","?","M","?","M","R","E","?","T","M","?","E","$","?","R","BOSS","M","?","M"],"build_version":"2018-02-15-PROD1","purchased_purges":2,"victory":false,"master_deck":["Defend_G","Defend_G","Defend_G","Defend_G","Strike_G","Strike_G","Survivor+1","Neutralize","Flechettes","Flying Knee","Deadly Poison","Escape Plan","Catalyst","Bane","Predator","Footwork+1","Well Laid Plans","Backflip","Prepared+1","Flash of Steel","Envenom+1","Footwork+1","Well Laid Plans+1","Blur","Deadly Poison+1","Acrobatics","Thinking Ahead","Burst","Heel Hook+1","Deadly Poison+1"],"max_hp_per_floor":[63,63,63,63,63,63,63,63,63,63,63,63,63,63,63,63,63,63,63,63,63,63,63,63,63,63,63,63,63,63,63,63,63,68,68,68],"relics":["Ring of the Snake","Tiny Chest","Bird Faced Urn","Lizard Tail","Peace Pipe","Art of War","Smiling Mask","Regal Pillow","Frozen Egg 2","Kunai","Tiny House","Bag of Marbles"],"card_choices":[{"not_picked":["Leg Sweep","Finisher"],"picked":"Deadly Poison"},{"not_picked":["Flechettes","Prepared"],"picked":"Escape Plan"},{"not_picked":["Quick Slash","Masterful Stab"],"picked":"Predator"},{"not_picked":["Poisoned Stab","Dagger Spray"],"picked":"Footwork"},{"not_picked":["Outmaneuver","Flying Knee"],"picked":"Well Laid Plans"},{"not_picked":["Flying Knee","Sucker Punch"],"picked":"Backflip"},{"not_picked":["Flechettes","Riddle With Holes"],"picked":"Prepared"},{"not_picked":["Doppelganger","Glass Knife"],"picked":"Envenom"},{"not_picked":["Slice","Flechettes"],"picked":"Footwork"},{"not_picked":["Dagger Spray","Prepared"],"picked":"Well Laid Plans"},{"not_picked":["Finisher","Slice"],"picked":"Blur"},{"not_picked":["Backstab","Well Laid Plans"],"picked":"Deadly Poison"},{"not_picked":["PiercingWail","Predator"],"picked":"Acrobatics"},{"not_picked":["Envenom","Bullet Time"],"picked":"Burst"},{"not_picked":["Terror","Outmaneuver"],"picked":"Heel Hook"},{"not_picked":["Deflect","Flechettes"],"picked":"Deadly Poison"}],"player_experience":123190,"potions_floor_usage":[7,16,16,16,24,33],"damage_taken":[{"damage":0,"enemies":"Cultist","floor":1,"turns":3},{"damage":3,"enemies":"Jaw Worm","floor":2,"turns":4},{"damage":0,"enemies":"Small Slimes","floor":4,"turns":2},{"damage":5,"enemies":"2 Fungi Beasts","floor":5,"turns":3},{"damage":28,"enemies":"Lagavulin","floor":7,"turns":8},{"damage":3,"enemies":"Red Slaver","floor":8,"turns":4},{"damage":0,"enemies":"Blue Slaver","floor":12,"turns":4},{"damage":12,"enemies":"3 Louse","floor":13,"turns":3},{"damage":19,"enemies":"Slime Boss","floor":16,"turns":8},{"damage":27,"enemies":"Spheric Guardian","floor":18,"turns":7},{"damage":23,"enemies":"2 Thieves","floor":20,"turns":4},{"damage":15,"enemies":"Snake Plant","floor":22,"turns":6},{"damage":8,"enemies":"Book of Stabbing","floor":24,"turns":7},{"damage":0,"enemies":"Snecko","floor":27,"turns":6},{"damage":65,"enemies":"Slavers","floor":29,"turns":6},{"damage":34,"enemies":"Collector","floor":33,"turns":11},{"damage":53,"enemies":"3 Shapes","floor":35,"turns":8},{"damage":26,"enemies":"3 Darklings","floor":37,"turns":2}],"event_choices":[{"event_name":"World of Goop","player_choice":"Gather Gold","floor":10,"damage_taken":0},{"event_name":"Golden Shrine","player_choice":"Pray","floor":21,"damage_taken":0},{"event_name":"Addict","player_choice":"Obtained Relic","floor":28,"damage_taken":0},{"event_name":"Drug Dealer","player_choice":"Ignored","floor":31,"damage_taken":0}],"boss_relics":[{"not_picked":["Snecko Eye","Question Card"],"picked":"Lizard Tail"},{"not_picked":["Runic Pyramid","Eternal Feather"],"picked":"Tiny House"}],"potions_floor_spawned":[1,2,7,8,22,33],"seed_played":"-6153421689281055224","killed_by":"3 Darklings","ascension_level":0,"is_trial":false}