{"gold_per_floor":[115,125,125,10,23,23,23,34,57,57,57,57,87,97,97,173,173,183,199,218,218,218,218,218],"floor_reached":24,"playtime":406,"items_purged":[],"score":431,"play_id":"50f7eb3b-aec8-4a68-9b5a-9fa5e5ec8bb1","local_time":"20190304154945","is_ascension_mode":true,"campfire_choices":[{"data":"Perfected Strike","floor":6,"key":"SMITH"},{"data":"Perfected Strike","floor":12,"key":"SMITH"},{"data":"Perfected Strike","floor":15,"key":"SMITH"},{"floor":23,"key":"REST"}],"neow_cost":"NONE","seed_source_timestamp":162099385230348,"circlet_count":0,"master_deck":["AscendersBane","Strike_R","Strike_R","Strike_R","Strike_R","Strike_R","Defend_R","Defend_R","Defend_R","Bash","Perfected Strike+1","Pommel Strike","Burning Pact","Twin Strike","Pain","Perfected Strike+1","Pommel Strike","Perfected Strike+1","Berserk","Pommel Strike","Armaments+1"],"relics":["Burning Blood","NeowsBlessing","WarpedTongs","Bag of Preparation","Strawberry","Philosopher\u0027s Stone","Enchiridion"],"potions_floor_usage":[24],"damage_taken":[{"damage":0,"enemies":"Cultist","floor":1,"turns":1},{"damage":0,"enemies":"Jaw Worm","floor":2,"turns":1},{"damage":0,"enemies":"Small Slimes","floor":5,"turns":1},{"damage":14,"enemies":"Red Slaver","floor":8,"turns":2},{"damage":37,"enemies":"Lagavulin","floor":13,"turns":4},{"damage":2,"enemies":"Exordium Wildlife","floor":14,"turns":2},{"damage":2,"enemies":"Slime Boss","floor":16,"turns":5},{"damage":11,"enemies":"Shell Parasite","floor":18,"turns":2},{"damage":26,"enemies":"3 Byrds","floor":19,"turns":3},{"damage":17,"enemies":"3 Cultists","floor":20,"turns":4},{"damage":52,"enemies":"Gremlin Leader","floor":24,"turns":4}],"seed_played":"-2635620990469891748","potions_obtained":[{"floor":2,"key":"Strength Potion"},{"floor":14,"key":"Regen Potion"}],"is_trial":false,"path_per_floor":["M","M","?","$","M","R","?","M","T","$","?","R","E","M","R","B",null,"M","M","M","?","?","R","E"],"character_chosen":"IRONCLAD","items_purchased":["Pommel Strike","Burning Pact"],"campfire_rested":1,"item_purchase_floors":[4,4],"current_hp_per_floor":[74,75,75,75,75,75,75,67,67,67,75,75,51,55,55,59,76,71,51,40,40,19,43,0],"gold":218,"neow_bonus":"THREE_ENEMY_KILL","is_prod":false,"is_daily":false,"chose_seed":false,"campfire_upgraded":3,"win_rate":0,"timestamp":1551685785,"path_taken":["M","?","?","?","M","R","?","?","T","$","?","R","E","M","R","BOSS","M","M","?","?","?","R","E"],"build_version":"2019-01-23","purchased_purges":0,"victory":false,"max_hp_per_floor":[75,75,75,75,75,75,75,75,75,75,75,75,82,82,82,82,82,82,82,82,82,82,82,82],"card_choices":[{"not_picked":["Sword Boomerang","Spot Weakness"],"picked":"Perfected Strike","floor":1},{"not_picked":["Clash","Sword Boomerang","Sever Soul"],"picked":"SKIP","floor":2},{"not_picked":["Clash","Inflame"],"picked":"Twin Strike","floor":5},{"not_picked":["Thunderclap","Flex"],"picked":"Perfected Strike","floor":8},{"not_picked":["Ghostly Armor","Infernal Blade"],"picked":"Pommel Strike","floor":13},{"not_picked":["Pommel Strike","Ghostly Armor"],"picked":"Perfected Strike","floor":14},{"not_picked":["Barricade","Demon Form"],"picked":"Berserk","floor":16},{"not_picked":["Seeing Red","Body Slam"],"picked":"Pommel Strike","floor":18},{"not_picked":["Twin Strike","Wild Strike"],"picked":"Armaments+1","floor":19},{"not_picked":["Clash","Iron Wave+1","Spot Weakness"],"picked":"SKIP","floor":20}],"player_experience":1103112,"relics_obtained":[{"floor":9,"key":"Bag of Preparation"},{"floor":13,"key":"Strawberry"},{"floor":22,"key":"Enchiridion"}],"event_choices":[{"cards_removed":["Defend_R"],"damage_healed":0,"gold_gain":0,"player_choice":"Offered Basic","damage_taken":0,"max_hp_gain":0,"max_hp_loss":0,"event_name":"Bonfire Elementals","floor":3,"gold_loss":0},{"damage_healed":0,"gold_gain":0,"player_choice":"Rummage","damage_taken":0,"relics_obtained":["WarpedTongs"],"max_hp_gain":0,"max_hp_loss":0,"event_name":"Accursed Blacksmith","floor":7,"gold_loss":0,"cards_obtained":["Pain"]},{"damage_healed":8,"gold_gain":0,"player_choice":"Full Heal","damage_taken":0,"max_hp_gain":0,"max_hp_loss":0,"event_name":"Wheel of Change","floor":11,"gold_loss":0},{"damage_healed":0,"gold_gain":0,"player_choice":"Ignored","damage_taken":0,"max_hp_gain":0,"max_hp_loss":0,"event_name":"Vampires","floor":21,"gold_loss":0},{"damage_healed":0,"gold_gain":0,"player_choice":"Obtained Book","damage_taken":21,"max_hp_gain":0,"max_hp_loss":0,"event_name":"Cursed Tome","floor":22,"gold_loss":0}],"is_beta":false,"boss_relics":[{"not_picked":["Busted Crown","Black Blood"],"picked":"Philosopher\u0027s Stone"}],"items_purged_floors":[],"is_endless":false,"potions_floor_spawned":[2,14,20],"killed_by":"Gremlin Leader","ascension_level":15}