{"gold_per_floor":[114,114,124,124,134,134,59,75,98,124,124,140,140,40,40,141,141,155,76,76,93,93,93],"floor_reached":23,"playtime":893,"items_purged":["Decay","Strike_R"],"score":179,"play_id":"648cb884-e04c-46da-bfcd-0d7fb8472550","local_time":"20190421133900","is_ascension_mode":false,"campfire_choices":[{"data":"Pommel Strike","floor":6,"key":"SMITH"},{"data":"Corruption","floor":11,"key":"SMITH"},{"data":"Sentinel","floor":13,"key":"SMITH"},{"data":"True Grit","floor":15,"key":"SMITH"}],"neow_cost":"NONE","seed_source_timestamp":882646685614100,"circlet_count":0,"master_deck":["Strike_R","Strike_R","Strike_R","Defend_R","Defend_R","Defend_R","Defend_R","Bash","Double Tap","Sentinel+1","Pommel Strike+1","Thunderclap","Corruption+1","True Grit+1","Offering","Shrug It Off","Impervious","Shrug It Off","Shrug It Off"],"relics":["Burning Blood","Happy Flower","Bag of Preparation","Odd Mushroom","Black Star"],"potions_floor_usage":[10,23],"damage_taken":[{"damage":0,"enemies":"Small Slimes","floor":1,"turns":3},{"damage":8,"enemies":"Cultist","floor":3,"turns":3},{"damage":4,"enemies":"2 Louse","floor":5,"turns":3},{"damage":12,"enemies":"Blue Slaver","floor":8,"turns":2},{"damage":27,"enemies":"The Mushroom Lair","floor":10,"turns":3},{"damage":0,"enemies":"Lots of Slimes","floor":12,"turns":2},{"damage":54,"enemies":"Slime Boss","floor":16,"turns":11},{"damage":11,"enemies":"3 Byrds","floor":18,"turns":4},{"damage":11,"enemies":"2 Thieves","floor":21,"turns":4},{"damage":75,"enemies":"Gremlin Leader","floor":23,"turns":8}],"seed_played":"-4354815970991106691","potions_obtained":[{"floor":3,"key":"BloodPotion"},{"floor":12,"key":"Ancient Potion"},{"floor":16,"key":"PowerPotion"},{"floor":18,"key":"SpeedPotion"}],"is_trial":false,"path_per_floor":["M","?","M","?","M","R","$","M","T","?","R","M","R","$","R","B",null,"M","$","?","M","?","E"],"character_chosen":"IRONCLAD","items_purchased":["Impervious"],"campfire_rested":0,"item_purchase_floors":[19],"current_hp_per_floor":[80,80,78,71,73,73,73,67,67,54,54,60,60,60,60,12,80,75,75,75,70,70,0],"gold":93,"neow_bonus":"TRANSFORM_CARD","is_prod":false,"is_daily":false,"chose_seed":false,"campfire_upgraded":4,"win_rate":0,"timestamp":1555825140,"path_taken":["M","?","?","?","M","R","$","M","T","?","R","M","R","$","R","BOSS","M","$","?","M","?","E"],"build_version":"2019-01-23","purchased_purges":2,"victory":false,"max_hp_per_floor":[80,80,80,80,80,80,80,80,80,80,80,80,80,80,80,80,80,80,80,80,80,80,80],"card_choices":[{"not_picked":["Clash","Sword Boomerang","Feel No Pain"],"picked":"SKIP","floor":1},{"not_picked":["Wild Strike","Heavy Blade"],"picked":"Sentinel","floor":3},{"not_picked":["Cleave","Perfected Strike"],"picked":"Pommel Strike","floor":5},{"not_picked":["Entrench","Twin Strike"],"picked":"Thunderclap","floor":8},{"not_picked":["Fire Breathing","Heavy Blade"],"picked":"Corruption","floor":10},{"not_picked":["Twin Strike","Headbutt"],"picked":"True Grit","floor":12},{"not_picked":["Brutality","Barricade"],"picked":"Offering","floor":16},{"not_picked":["Cleave","Inflame"],"picked":"Shrug It Off","floor":18},{"not_picked":["Combust","Rampage"],"picked":"Shrug It Off","floor":21}],"player_experience":518558,"relics_obtained":[{"floor":9,"key":"Bag of Preparation"},{"floor":10,"key":"Odd Mushroom"}],"event_choices":[{"damage_healed":0,"gold_gain":0,"player_choice":"Cursed","damage_taken":0,"max_hp_gain":0,"max_hp_loss":0,"event_name":"Wheel of Change","floor":2,"gold_loss":0,"cards_obtained":["Decay"]},{"damage_healed":0,"gold_gain":0,"player_choice":"Success","damage_taken":7,"relics_obtained":["Happy Flower"],"max_hp_gain":0,"max_hp_loss":0,"event_name":"Scrap Ooze","floor":4,"gold_loss":0},{"damage_healed":0,"gold_gain":0,"player_choice":"Fought Mushrooms","damage_taken":0,"max_hp_gain":0,"max_hp_loss":0,"event_name":"Mushrooms","floor":10,"gold_loss":0},{"damage_healed":0,"gold_gain":0,"player_choice":"Read","damage_taken":0,"max_hp_gain":0,"max_hp_loss":0,"event_name":"The Library","floor":20,"gold_loss":0,"cards_obtained":["Shrug It Off"]},{"damage_healed":0,"gold_gain":0,"player_choice":"Bought 0 Potions","damage_taken":0,"max_hp_gain":0,"max_hp_loss":0,"event_name":"The Woman in Blue","floor":22,"gold_loss":0}],"is_beta":false,"boss_relics":[{"not_picked":["Coffee Dripper","Runic Cube"],"picked":"Black Star"}],"items_purged_floors":[7,14],"is_endless":false,"potions_floor_spawned":[3,12,16,18],"killed_by":"Gremlin Leader","ascension_level":0}