{"path_per_floor":["M","M","?","M","$","R","E","M","T","?","?","M","M","$","R","B",null,"M","M","$","M"],"character_chosen":"THE_SILENT","items_purchased":["Acrobatics","Blur","Infinite Blades","Prepared"],"gold_per_floor":[113,131,131,150,21,21,48,60,141,91,91,109,122,49,49,180,180,203,228,0,20,20],"floor_reached":22,"campfire_rested":1,"playtime":907,"current_hp_per_floor":[35,35,35,35,35,35,20,16,16,16,16,9,9,9,28,14,65,65,51,51,24,0],"items_purged":["Defend_G","Strike_G"],"gold":20,"score":216,"play_id":"bb403f39-b1a8-4e8e-a771-b2f388fb6dd7","local_time":"20180513171511","is_prod":false,"is_daily":false,"chose_seed":false,"is_ascension_mode":true,"campfire_upgraded":1,"timestamp":1526202911,"path_taken":["M","M","?","M","$","R","E","M","T","?","?","M","M","?","R","BOSS","M","M","?","?","M"],"build_version":"2018-05-10","seed_source_timestamp":88552448197333,"purchased_purges":2,"victory":false,"master_deck":["Defend_G","Defend_G","Defend_G","Defend_G","Strike_G","Strike_G","Survivor","Neutralize","Die Die Die","Deadly Poison+1","Deadly Poison","Acrobatics","Bouncing Flask","Backflip","Flechettes","Blur","Envenom+1","Cloak And Dagger+1","Infinite Blades+1","Prepared"],"max_hp_per_floor":[70,70,70,70,70,70,70,70,70,70,65,65,65,65,65,65,65,65,65,65,65,65],"relics":["Ring of the Snake","Sundial","Frozen Egg 2","Golden Idol","White Beast Statue"],"card_choices":[{"not_picked":["Phantasmal Killer","Venomology"],"picked":"Die Die Die","floor":0},{"not_picked":["Escape Plan","Sucker Punch"],"picked":"Deadly Poison","floor":1},{"not_picked":["Backflip","Slice"],"picked":"Deadly Poison","floor":2},{"not_picked":["Choke","Crippling Poison"],"picked":"Bouncing Flask","floor":7},{"not_picked":["Quick Slash","Dagger Throw"],"picked":"Backflip","floor":8},{"not_picked":["Choke","Deflect"],"picked":"Flechettes","floor":12},{"not_picked":["Doppelganger","Venomology"],"picked":"Envenom","floor":16},{"not_picked":["Quick Slash","Slice"],"picked":"Cloak And Dagger","floor":19}],"player_experience":168717,"potions_floor_usage":[7,16,16,19,21,22],"damage_taken":[{"damage":0,"enemies":"2 Louse","floor":1,"turns":1},{"damage":0,"enemies":"Cultist","floor":2,"turns":3},{"damage":0,"enemies":"Small Slimes","floor":4,"turns":2},{"damage":15,"enemies":"3 Sentries","floor":7,"turns":7},{"damage":4,"enemies":"2 Fungi Beasts","floor":8,"turns":3},{"damage":7,"enemies":"Exordium Wildlife","floor":12,"turns":5},{"damage":0,"enemies":"Lots of Slimes","floor":13,"turns":1},{"damage":14,"enemies":"Hexaghost","floor":16,"turns":8},{"damage":0,"enemies":"Spheric Guardian","floor":18,"turns":3},{"damage":14,"enemies":"2 Thieves","floor":19,"turns":3},{"damage":27,"enemies":"Sentry and Sphere","floor":21,"turns":6},{"damage":29,"enemies":"Cultist and Chosen","floor":22,"turns":4}],"event_choices":[{"event_name":"Wheel of Change","player_choice":"Card Removal","floor":3,"damage_taken":0},{"event_name":"The Cleric","player_choice":"Card Removal","floor":10,"damage_taken":0},{"event_name":"Golden Idol","player_choice":"Lose Max HP","floor":11,"damage_taken":0}],"boss_relics":[{"not_picked":["Snecko Eye","Eternal Feather"],"picked":"White Beast Statue"}],"potions_floor_spawned":[1,12,13,18,19,21],"seed_played":"4558738770333835374","killed_by":"Cultist and Chosen","ascension_level":3,"is_trial":false}