{"gold_per_floor":[119,130,5,5,19,19,19,0,23,23,41,41,76,87,87,165,165,178,178,193,207,157,157,182,202,202,66,79,79,79,79,79,156,156,168,168,168,178,78,78,103,103],"floor_reached":42,"playtime":1331,"items_purged":["Strike_R","Strike_R"],"score":755,"play_id":"4d93927f-0c7d-49d8-8622-92496837e3f7","local_time":"20190430171552","is_ascension_mode":true,"campfire_choices":[{"data":"Flex","floor":6.0,"key":"SMITH"},{"data":"Defend_R","floor":10.0,"key":"SMITH"},{"data":"Disarm","floor":15.0,"key":"SMITH"},{"data":"Whirlwind","floor":23.0,"key":"SMITH"},{"data":"Bludgeon","floor":32.0,"key":"SMITH"},{"floor":40.0,"key":"REST"}],"neow_cost":"NONE","seed_source_timestamp":24892417586100,"circlet_count":0,"master_deck":["AscendersBane","Strike_R","Strike_R","Defend_R+1","Defend_R","Defend_R","Defend_R","Bash","Double Tap","Shockwave","Flex+1","Trip","Reaper","Disarm+1","Uppercut","Bloodletting+1","Whirlwind+1","Bludgeon+1","Spot Weakness+1","Burning Pact+1","Exhume+1","Flame Barrier+1","Offering+1","Headbutt","RitualDagger","Offering+1","Inflame","Secret Weapon+1","Seeing Red+1","Dropkick"],"special_seed":0,"relics":["Burning Blood","Vajra","Toxic Egg 2","Velvet Choker","Juzu Bracelet","Mummified Hand","Kunai","PreservedInsect","Philosopher\u0027s Stone","The Courier"],"potions_floor_usage":[],"damage_taken":[{"damage":0.0,"enemies":"Small Slimes","floor":1.0,"turns":3.0},{"damage":8.0,"enemies":"2 Louse","floor":2.0,"turns":3.0},{"damage":4.0,"enemies":"Cultist","floor":5.0,"turns":3.0},{"damage":7.0,"enemies":"Looter","floor":8.0,"turns":4.0},{"damage":26.0,"enemies":"Gremlin Gang","floor":11.0,"turns":6.0},{"damage":32.0,"enemies":"Gremlin Nob","floor":13.0,"turns":4.0},{"damage":18.0,"enemies":"Lots of Slimes","floor":14.0,"turns":5.0},{"damage":36.0,"enemies":"Hexaghost","floor":16.0,"turns":9.0},{"damage":9.0,"enemies":"Shell Parasite","floor":18.0,"turns":3.0},{"damage":6.0,"enemies":"3 Byrds","floor":20.0,"turns":6.0},{"damage":26.0,"enemies":"Cultist and Chosen","floor":21.0,"turns":5.0},{"damage":35.0,"enemies":"Slavers","floor":24.0,"turns":3.0},{"damage":26.0,"enemies":"Snake Plant","floor":25.0,"turns":3.0},{"damage":5.0,"enemies":"Centurion and Healer","floor":28.0,"turns":5.0},{"damage":51.0,"enemies":"Collector","floor":33.0,"turns":6.0},{"damage":6.0,"enemies":"Orb Walker","floor":35.0,"turns":1.0},{"damage":34.0,"enemies":"3 Darklings","floor":38.0,"turns":2.0},{"damage":42.0,"enemies":"Nemesis","floor":41.0,"turns":5.0},{"damage":29,"enemies":"Sphere and 2 Shapes","floor":42,"turns":3}],"seed_played":"-5655699976476792314","potions_obtained":[{"floor":2.0,"key":"PowerPotion"},{"floor":13.0,"key":"Poison Potion"},{"floor":14.0,"key":"Strength Potion"},{"floor":16.0,"key":"SkillPotion"},{"floor":20.0,"key":"Ancient Potion"},{"floor":28.0,"key":"Dexterity Potion"},{"floor":33.0,"key":"Explosive Potion"},{"floor":41.0,"key":"Weak Potion"}],"is_trial":false,"path_per_floor":["M","M","$","?","M","R","?","M","T","R","M","$","E","M","R","B",null,"M","?","M","M","?","R","E","M","T","$","M","?","T","?","R","B",null,"M","?","?","M","$","R","E","M"],"character_chosen":"IRONCLAD","items_purchased":["Flex","Offering+1"],"campfire_rested":1,"item_purchase_floors":[3,27],"current_hp_per_floor":[74,72,72,72,74,74,74,75,75,75,55,55,43,61,61,41,67,64,64,72,52,52,52,54,34,34,34,44,38,38,38,38,20,61,70,70,70,42,42,64,29,0],"gold":103,"neow_bonus":"ONE_RANDOM_RARE_CARD","is_prod":false,"is_daily":false,"chose_seed":false,"campfire_upgraded":5,"win_rate":0,"timestamp":1556615752,"path_taken":["M","M","$","?","M","R","?","M","T","R","M","$","E","?","R","BOSS","M","?","?","?","?","R","E","M","T","$","M","?","?","?","R","BOSS","M","?","?","M","$","R","E","M"],"build_version":"2019-01-23","purchased_purges":2,"victory":false,"max_hp_per_floor":[75,75,75,75,75,75,75,75,75,75,75,75,75,75,75,75,75,75,75,75,75,75,75,75,75,75,75,75,75,75,75,75,75,75,75,75,75,75,75,75,75,75],"card_choices":[{"not_picked":["Havoc","Thunderclap","Evolve"],"picked":"SKIP","floor":1.0},{"not_picked":["Sever Soul","Perfected Strike"],"picked":"Shockwave","floor":2.0},{"not_picked":["Rage","Body Slam","Cleave"],"picked":"SKIP","floor":5.0},{"not_picked":["Wild Strike","Corruption"],"picked":"Disarm","floor":8.0},{"not_picked":["Anger","Shockwave"],"picked":"Uppercut","floor":11.0},{"not_picked":["True Grit","Reckless Charge"],"picked":"Bloodletting","floor":13.0},{"not_picked":["Body Slam","Cleave"],"picked":"Whirlwind","floor":14.0},{"not_picked":["Reaper","Juggernaut"],"picked":"Bludgeon","floor":16.0},{"not_picked":["Clothesline+1","Iron Wave"],"picked":"Spot Weakness+1","floor":18.0},{"not_picked":["Thunderclap","Heavy Blade"],"picked":"Burning Pact+1","floor":20.0},{"not_picked":["Disarm+1","Bloodletting+1","Anger"],"picked":"SKIP","floor":21.0},{"not_picked":["Clash","Corruption"],"picked":"Exhume+1","floor":24.0},{"not_picked":["Pommel Strike","Combust"],"picked":"Flame Barrier+1","floor":25.0},{"not_picked":["Body Slam+1","Anger"],"picked":"Headbutt","floor":28.0},{"not_picked":["Fiend Fire","Double Tap+1"],"picked":"Offering+1","floor":33.0},{"not_picked":["Clash","Whirlwind+1"],"picked":"Inflame","floor":35.0},{"not_picked":["Finesse+1","Mind Blast"],"picked":"Secret Weapon+1","floor":36.0},{"not_picked":["Rage+1","Corruption"],"picked":"Seeing Red+1","floor":38.0},{"not_picked":["Dropkick","Carnage+1","Flex+1"],"picked":"SKIP","floor":41.0},{"not_picked":["Carnage+1","Flex+1"],"picked":"Dropkick","floor":41.0}],"player_experience":562002,"relics_obtained":[{"floor":9.0,"key":"Vajra"},{"floor":13.0,"key":"Toxic Egg 2"},{"floor":24.0,"key":"Juzu Bracelet"},{"floor":26.0,"key":"Mummified Hand"},{"floor":30.0,"key":"Kunai"},{"floor":41.0,"key":"The Courier"}],"event_choices":[{"cards_removed":["Strike_R"],"damage_healed":0.0,"max_hp_gain":0.0,"max_hp_loss":0.0,"gold_gain":0.0,"event_name":"Living Wall","player_choice":"Forget","floor":4.0,"gold_loss":0.0,"damage_taken":0.0},{"damage_healed":0.0,"max_hp_gain":0.0,"max_hp_loss":0.0,"gold_gain":0.0,"event_name":"Match and Keep!","player_choice":"2 cards matched","floor":7.0,"gold_loss":0.0,"damage_taken":0.0,"cards_obtained":["Trip","Reaper"]},{"damage_healed":0.0,"max_hp_gain":0.0,"max_hp_loss":0.0,"gold_gain":0.0,"event_name":"N\u0027loth","player_choice":"Ignored","floor":19.0,"gold_loss":0.0,"damage_taken":0.0},{"damage_healed":0.0,"max_hp_gain":0.0,"max_hp_loss":0.0,"gold_gain":0.0,"event_name":"The Joust","player_choice":"Bet on Owner","floor":22.0,"gold_loss":50.0,"damage_taken":0.0},{"damage_healed":0.0,"max_hp_gain":0.0,"max_hp_loss":0.0,"gold_gain":0.0,"event_name":"Nest","player_choice":"Joined the Cult","floor":29.0,"gold_loss":0.0,"damage_taken":6.0,"cards_obtained":["RitualDagger"]},{"damage_healed":0.0,"max_hp_gain":0.0,"max_hp_loss":0.0,"gold_gain":0.0,"event_name":"The Mausoleum","player_choice":"Opened","floor":31.0,"gold_loss":0.0,"damage_taken":0.0,"relics_obtained":["PreservedInsect"]},{"damage_healed":0.0,"max_hp_gain":0.0,"max_hp_loss":0.0,"gold_gain":0.0,"event_name":"SensoryStone","player_choice":"Memory 1","floor":36.0,"gold_loss":0.0,"damage_taken":0.0},{"damage_healed":0.0,"max_hp_gain":0.0,"max_hp_loss":0.0,"gold_gain":0.0,"event_name":"Tomb of Lord Red Mask","player_choice":"Ignored","floor":37.0,"gold_loss":0.0,"damage_taken":0.0}],"is_beta":false,"boss_relics":[{"not_picked":["Busted Crown","Astrolabe"],"picked":"Velvet Choker"},{"not_picked":["Lizard Tail","Runic Dome"],"picked":"Philosopher\u0027s Stone"}],"items_purged_floors":[3,39],"is_endless":false,"potions_floor_spawned":[2,13,14,16,20,28,33,41],"killed_by":"Sphere and 2 Shapes","ascension_level":14}