{"path_per_floor":["M","?","M","?","?","M","R","$","T","?","M","R","M","E","R","B",null,"M","M","$","M","?"],"character_chosen":"IRONCLAD","items_purchased":["Inflame","Explosive Potion","Blood Vial","Bottled Flame"],"gold_per_floor":[15,15,29,29,279,289,289,88,388,352,364,364,381,411,411,486,486,501,518,12,32,32],"floor_reached":23,"campfire_rested":1,"playtime":663,"current_hp_per_floor":[62,62,56,56,56,56,56,56,56,56,57,57,43,42,64,15,60,34,31,31,14,14],"items_purged":["Regret","Parasite"],"gold":32,"score":334,"play_id":"aae6c601-0158-40f9-98ff-1c408a134a65","local_time":"20180307143710","is_prod":false,"is_daily":false,"is_ascension_mode":true,"campfire_upgraded":2,"timestamp":1520451430,"path_taken":["M","?","M","?","?","M","R","$","T","?","M","R","M","E","R","BOSS","M","M","$","M","?","E"],"build_version":"2018-03-01-PROD1","purchased_purges":2,"victory":false,"master_deck":["Strike_R","Strike_R","Strike_R","Strike_R","Strike_R","Defend_R","Defend_R","Defend_R","Defend_R","Bash","Double Tap","Heavy Blade+1","Headbutt","Perfected Strike+1","Inflame","Thunderclap","Offering","Battle Trance","Feed","Flex"],"max_hp_per_floor":[75,75,75,75,75,75,75,75,75,75,75,75,75,75,75,75,75,75,75,72,72,72],"relics":["Burning Blood","Old Coin","Happy Flower","Sozu","Blood Vial","Bottled Flame"],"card_choices":[{"not_picked":["Barricade","Exhume"],"picked":"Double Tap"},{"not_picked":["Armaments","Shrug It Off"],"picked":"Heavy Blade"},{"not_picked":["Double Tap","Havoc"],"picked":"Headbutt"},{"not_picked":["Havoc","Anger"],"picked":"Perfected Strike"},{"not_picked":["Perfected Strike","Corruption"],"picked":"Thunderclap"},{"not_picked":["Seeing Red","Pommel Strike"],"picked":"Offering"},{"not_picked":["Entrench","Body Slam"],"picked":"Battle Trance"},{"not_picked":["Barricade","Exhume"],"picked":"Feed"},{"not_picked":["Clothesline","Hemokinesis"],"picked":"Flex"}],"player_experience":423224,"potions_floor_usage":[11,14],"damage_taken":[{"damage":12,"enemies":"Small Slimes","floor":1,"turns":3},{"damage":12,"enemies":"Jaw Worm","floor":3,"turns":2},{"damage":6,"enemies":"2 Louse","floor":6,"turns":2},{"damage":5,"enemies":"Gremlin Gang","floor":11,"turns":3},{"damage":20,"enemies":"3 Louse","floor":13,"turns":3},{"damage":7,"enemies":"3 Sentries","floor":14,"turns":4},{"damage":55,"enemies":"The Guardian","floor":16,"turns":8},{"damage":32,"enemies":"2 Thieves","floor":18,"turns":4},{"damage":9,"enemies":"Chosen","floor":19,"turns":4},{"damage":25,"enemies":"Snake Plant","floor":21,"turns":3},{"damage":24,"enemies":"Slavers","floor":23,"turns":1}],"event_choices":[{"event_name":"Liars Game","player_choice":"disagreed","floor":2,"damage_taken":0},{"event_name":"The Cleric","player_choice":"Leave","floor":4,"damage_taken":0},{"event_name":"Golden Shrine","player_choice":"Desecrate","floor":5,"damage_taken":0},{"event_name":"World of Goop","player_choice":"Left","floor":10,"damage_taken":0},{"event_name":"Addict","player_choice":"Ignored","floor":22,"damage_taken":0}],"boss_relics":[{"not_picked":["Eternal Feather","Mark of Pain"],"picked":"Sozu"}],"potions_floor_spawned":[13,14,16,19],"seed_played":"-8341664029387972339","killed_by":"Slavers","ascension_level":15,"is_trial":false}