{"gold_per_floor":[119,44,119,119,131,162,212,222,249,75,95,95,115,149,149,226,226,236,236,236,77,92,92,92,127,127,127,177,191,191,291,291,365,365,383,399,399,414,89,115,126,137,160,160,160],"floor_reached":45,"playtime":1669,"items_purged":["Strike_B","Strike_B+1","Strike_B+1"],"score":1116,"play_id":"5bdde0d2-314f-4a68-96b4-1b44da7ed011","local_time":"20190301153246","is_ascension_mode":true,"campfire_choices":[{"data":"Defragment","floor":15.0,"key":"SMITH"},{"data":"Defragment","floor":23.0,"key":"SMITH"},{"data":"Zap","floor":27.0,"key":"SMITH"},{"data":"Skim","floor":30.0,"key":"SMITH"},{"data":"Coolheaded","floor":32.0,"key":"SMITH"},{"data":"Buffer","floor":44,"key":"SMITH"}],"neow_cost":"NONE","seed_source_timestamp":84986792020113,"circlet_count":0,"master_deck":["AscendersBane","Strike_B+1","Defend_B+1","Defend_B+1","Defend_B+1","Defend_B+1","Zap+1","Dualcast","Defragment+1","Defragment+1","Coolheaded+1","Force Field","Glacier","Self Repair","Cold Snap","Stack","Double Energy","Skim+1","Electrodynamics","Conserve Battery","Turbo","Hologram+1","BootSequence","Turbo+1","Undo","Buffer+1","Tempest","Ball Lightning+1","FTL","Parasite","Loop+1"],"special_seed":0,"relics":["Cracked Core","NeowsBlessing","Art of War","Centennial Puzzle","Cables","Omamori","Sozu","Smiling Mask","Bottled Lightning","Gambling Chip","Darkstone Periapt","Calling Bell","PreservedInsect","Gremlin Horn","Emotion Chip","Spirit Poop","Shuriken","Kunai"],"potions_floor_usage":[],"damage_taken":[{"damage":0.0,"enemies":"Jaw Worm","floor":1.0,"turns":1.0},{"damage":0.0,"enemies":"2 Louse","floor":5.0,"turns":1.0},{"damage":0.0,"enemies":"3 Sentries","floor":6.0,"turns":1.0},{"damage":0.0,"enemies":"Cultist","floor":8.0,"turns":4.0},{"damage":11.0,"enemies":"Looter","floor":11.0,"turns":4.0},{"damage":4.0,"enemies":"Gremlin Gang","floor":13.0,"turns":7.0},{"damage":22.0,"enemies":"Gremlin Nob","floor":14.0,"turns":5.0},{"damage":0.0,"enemies":"The Guardian","floor":16.0,"turns":12.0},{"damage":0.0,"enemies":"Shell Parasite","floor":18.0,"turns":11.0},{"damage":2.0,"enemies":"3 Byrds","floor":22.0,"turns":2.0},{"damage":20.0,"enemies":"Book of Stabbing","floor":25.0,"turns":9.0},{"damage":29.0,"enemies":"Cultist and Chosen","floor":29.0,"turns":7.0},{"damage":3.0,"enemies":"Colosseum Slavers","floor":31.0,"turns":4.0},{"damage":26.0,"enemies":"Colosseum Nobs","floor":31.0,"turns":4.0},{"damage":7.0,"enemies":"Collector","floor":33.0,"turns":17.0},{"damage":20.0,"enemies":"3 Darklings","floor":35.0,"turns":3.0},{"damage":5.0,"enemies":"Orb Walker","floor":36.0,"turns":3.0},{"damage":6.0,"enemies":"Maw","floor":38.0,"turns":7.0},{"damage":39.0,"enemies":"Nemesis","floor":40.0,"turns":9.0},{"damage":14.0,"enemies":"Writhing Mass","floor":41.0,"turns":6.0},{"damage":7.0,"enemies":"4 Shapes","floor":42.0,"turns":3.0},{"damage":29,"enemies":"Spire Growth","floor":45,"turns":2}],"seed_played":"5857533331732539962","potions_obtained":[{"floor":4.0,"key":"Energy Potion"},{"floor":4.0,"key":"FocusPotion"}],"is_trial":false,"path_per_floor":["M","$","?","?","M","E","?","M","T","$","M","?","M","E","R","B",null,"M","?","?","$","M","R","?","E","T","R","?","M","R","?","R","B",null,"M","M","?","M","$","E","M","M","T","R","M"],"character_chosen":"DEFECT","items_purchased":["Defragment","Self Repair","Cold Snap","Turbo","Shuriken"],"campfire_rested":0,"item_purchase_floors":[2,10,10,21,39],"current_hp_per_floor":[64,64,53,53,53,53,46,46,46,46,42,42,45,30,30,37,63,70,70,70,70,71,71,71,58,58,58,58,36,36,21,21,21,65,52,54,54,55,55,23,22,15,15,15,0],"gold":160,"neow_bonus":"THREE_ENEMY_KILL","is_prod":false,"is_daily":false,"chose_seed":false,"campfire_upgraded":6,"win_rate":0,"timestamp":1551425566,"path_taken":["M","$","?","?","?","E","?","?","T","?","M","?","?","E","R","BOSS","M","?","?","$","M","R","?","E","T","R","?","?","R","?","R","BOSS","M","M","?","M","?","E","M","M","T","R","M"],"build_version":"2019-01-23","purchased_purges":3,"victory":false,"max_hp_per_floor":[71,71,71,71,71,71,71,71,71,71,71,71,71,71,71,71,71,71,71,71,71,71,71,71,71,71,71,71,71,71,71,71,71,77,77,77,77,77,77,77,83,83,83,83,83],"card_choices":[{"not_picked":["Compile Driver","FTL"],"picked":"Defragment","floor":1.0},{"not_picked":["Genetic Algorithm","Chill"],"picked":"Coolheaded","floor":5.0},{"not_picked":["Lockon","Beam Cell"],"picked":"Force Field","floor":6.0},{"not_picked":["Rebound","Auto Shields"],"picked":"Glacier","floor":8.0},{"not_picked":["Leap","Sweeping Beam"],"picked":"Stack","floor":11.0},{"not_picked":["Streamline","Leap"],"picked":"Double Energy","floor":13.0},{"not_picked":["Redo","Turbo"],"picked":"Skim","floor":14.0},{"not_picked":["Amplify","Multi-Cast"],"picked":"Electrodynamics","floor":16.0},{"not_picked":["Barrage","Leap"],"picked":"Conserve Battery","floor":18.0},{"not_picked":["Redo+1","Ball Lightning"],"picked":"Hologram+1","floor":22.0},{"not_picked":["Chaos","Glacier"],"picked":"BootSequence","floor":25.0},{"not_picked":["Beam Cell+1","Double Energy"],"picked":"Turbo+1","floor":29.0},{"not_picked":["FTL","Chill+1"],"picked":"Undo","floor":31.0},{"not_picked":["Amplify","Multi-Cast"],"picked":"Buffer","floor":33.0},{"not_picked":["Sweeping Beam","Lockon"],"picked":"Tempest","floor":35.0},{"not_picked":["Sweeping Beam","Compile Driver","Beam Cell"],"picked":"SKIP","floor":36.0},{"not_picked":["Cold Snap","Barrage"],"picked":"Ball Lightning+1","floor":38.0},{"not_picked":["Compile Driver","Multi-Cast"],"picked":"FTL","floor":40.0},{"not_picked":["Go for the Eyes","Compile Driver"],"picked":"Loop+1","floor":41.0},{"not_picked":["Barrage","Consume","Beam Cell"],"picked":"SKIP","floor":42.0}],"player_experience":1049768,"relics_obtained":[{"floor":6.0,"key":"Art of War"},{"floor":9.0,"key":"Centennial Puzzle"},{"floor":14.0,"key":"Omamori"},{"floor":25.0,"key":"Smiling Mask"},{"floor":26.0,"key":"Bottled Lightning"},{"floor":31.0,"key":"Gambling Chip"},{"floor":31.0,"key":"Darkstone Periapt"},{"floor":34.0,"key":"PreservedInsect"},{"floor":34.0,"key":"Gremlin Horn"},{"floor":34.0,"key":"Emotion Chip"},{"floor":40.0,"key":"Kunai"}],"event_choices":[{"damage_healed":0.0,"max_hp_gain":0.0,"max_hp_loss":0.0,"gold_gain":75.0,"event_name":"World of Goop","player_choice":"Gather Gold","floor":3.0,"gold_loss":0.0,"damage_taken":11.0},{"damage_healed":0.0,"max_hp_gain":0.0,"max_hp_loss":0.0,"gold_gain":0.0,"event_name":"Lab","player_choice":"Got Potions","floor":4.0,"gold_loss":0.0,"damage_taken":0.0},{"damage_healed":0.0,"max_hp_gain":0.0,"max_hp_loss":0.0,"gold_gain":50.0,"event_name":"FaceTrader","player_choice":"Touch","floor":7.0,"gold_loss":0.0,"damage_taken":7.0},{"damage_healed":0.0,"max_hp_gain":0.0,"max_hp_loss":0.0,"gold_gain":0.0,"event_name":"WeMeetAgain","player_choice":"Gave Potion","floor":12.0,"gold_loss":0.0,"damage_taken":0.0,"relics_obtained":["Cables"]},{"damage_healed":0.0,"max_hp_gain":0.0,"max_hp_loss":0.0,"gold_gain":0.0,"event_name":"Ghosts","player_choice":"Ignored","floor":19.0,"gold_loss":0.0,"damage_taken":0.0},{"damage_healed":0.0,"max_hp_gain":0.0,"max_hp_loss":0.0,"gold_gain":0.0,"event_name":"Back to Basics","player_choice":"Simplicity","floor":20.0,"gold_loss":0.0,"damage_taken":0.0,"cards_upgraded":["Strike_B","Strike_B","Strike_B","Defend_B","Defend_B","Defend_B","Defend_B"]},{"damage_healed":0.0,"max_hp_gain":0.0,"max_hp_loss":0.0,"gold_gain":0.0,"event_name":"Vampires","player_choice":"Ignored","floor":24.0,"gold_loss":0.0,"damage_taken":0.0},{"damage_healed":0.0,"max_hp_gain":0.0,"max_hp_loss":0.0,"gold_gain":50.0,"event_name":"Golden Shrine","player_choice":"Pray","floor":28.0,"gold_loss":0.0,"damage_taken":0.0},{"damage_healed":0.0,"max_hp_gain":0.0,"max_hp_loss":0.0,"gold_gain":0.0,"event_name":"Colosseum","player_choice":"Fight","floor":31.0,"gold_loss":0.0,"damage_taken":0.0},{"damage_healed":0.0,"max_hp_gain":0.0,"max_hp_loss":0.0,"gold_gain":0.0,"event_name":"Colosseum","player_choice":"Fought Nobs","floor":31.0,"gold_loss":0.0,"damage_taken":0.0},{"cards_removed":["Decay"],"damage_healed":0.0,"max_hp_gain":0.0,"max_hp_loss":0.0,"gold_gain":0.0,"event_name":"Bonfire Elementals","player_choice":"Offered Curse","floor":37.0,"gold_loss":0.0,"damage_taken":0.0,"relics_obtained":["Spirit Poop"]}],"is_beta":false,"boss_relics":[{"not_picked":["Velvet Choker","Orrery"],"picked":"Sozu"},{"not_picked":["Black Star","White Beast Statue"],"picked":"Calling Bell"}],"items_purged_floors":[10,21,39],"is_endless":false,"potions_floor_spawned":[5,6,11,22,25,31,36,40],"killed_by":"Spire Growth","ascension_level":20}