{"gold_per_floor":[363,363,363,363,382,382,411,486,486,486,36,36,52,52,52,153,153,153],"floor_reached":18,"playtime":496,"items_purged":["Decay"],"score":218,"play_id":"cf6701be-baa1-4bcc-904e-6aec3c824f3d","local_time":"20190401223636","is_ascension_mode":true,"campfire_choices":[{"data":"Predator","floor":6,"key":"SMITH"},{"floor":10,"key":"REST"},{"floor":12,"key":"REST"},{"data":"Dagger Throw","floor":15,"key":"SMITH"}],"neow_cost":"TEN_PERCENT_HP_LOSS","seed_source_timestamp":1691534115321509,"circlet_count":0,"master_deck":["Defend_G","Defend_G","Defend_G","Defend_G","Defend_G","Strike_G","Strike_G","Strike_G","Strike_G","Survivor","Neutralize","Dagger Throw+1","Predator+1","Reflex+1","Acrobatics","Sucker Punch","Envenom"],"relics":["Ring of the Snake","Darkstone Periapt","Orichalcum","Oddly Smooth Stone","Omamori","Sling","Ectoplasm"],"potions_floor_usage":[16],"damage_taken":[{"damage":0,"enemies":"Small Slimes","floor":1,"turns":3},{"damage":5,"enemies":"Jaw Worm","floor":5,"turns":4},{"damage":27,"enemies":"Lagavulin","floor":7,"turns":6},{"damage":0,"enemies":"Cultist","floor":13,"turns":2},{"damage":35,"enemies":"Slime Boss","floor":16,"turns":9},{"damage":0,"enemies":"Shell Parasite","floor":18,"turns":1}],"seed_played":"-3198371056375771117","potions_obtained":[{"floor":13,"key":"Fire Potion"},{"floor":16,"key":"Swift Potion"}],"is_trial":false,"path_per_floor":["M","?","?","?","M","R","E","?","T","R","$","R","M","?","R","B",null,"M"],"character_chosen":"THE_SILENT","items_purchased":["Omamori","Sling","Acrobatics"],"campfire_rested":2,"item_purchase_floors":[11,11,11],"current_hp_per_floor":[63,56,53,59,54,54,27,16,16,36,36,56,56,56,56,21,57,57],"gold":153,"neow_bonus":"TWO_FIFTY_GOLD","is_prod":false,"is_daily":false,"chose_seed":false,"campfire_upgraded":2,"win_rate":0,"timestamp":1554183396,"path_taken":["M","?","?","?","?","R","E","?","T","R","$","R","M","?","R","BOSS","M"],"build_version":"2019-01-23","purchased_purges":1,"victory":false,"max_hp_per_floor":[63,63,63,69,69,69,69,69,69,69,69,69,69,69,69,69,69,69],"card_choices":[{"not_picked":["Dodge and Roll","Slice"],"picked":"Dagger Throw","floor":1},{"not_picked":["Dagger Spray","Prepared"],"picked":"Predator","floor":5},{"not_picked":["Storm of Steel","Flying Knee"],"picked":"Reflex","floor":7},{"not_picked":["Slice","Deflect"],"picked":"Sucker Punch","floor":13},{"not_picked":["Bullet Time","Adrenaline"],"picked":"Envenom","floor":16}],"player_experience":444871,"relics_obtained":[{"floor":7,"key":"Orichalcum"},{"floor":9,"key":"Oddly Smooth Stone"}],"event_choices":[{"cards_removed":["Strike_G"],"damage_healed":0,"gold_gain":0,"player_choice":"Card Removal","damage_taken":7,"max_hp_gain":0,"max_hp_loss":0,"event_name":"Golden Wing","floor":2,"gold_loss":0},{"damage_healed":0,"gold_gain":0,"player_choice":"Success","damage_taken":3,"relics_obtained":["Darkstone Periapt"],"max_hp_gain":0,"max_hp_loss":0,"event_name":"Scrap Ooze","floor":3,"gold_loss":0},{"damage_healed":0,"gold_gain":0,"player_choice":"Cursed","damage_taken":0,"max_hp_gain":0,"max_hp_loss":0,"event_name":"Wheel of Change","floor":4,"gold_loss":0,"cards_obtained":["Decay"]},{"damage_healed":0,"gold_gain":75,"player_choice":"Gather Gold","damage_taken":11,"max_hp_gain":0,"max_hp_loss":0,"event_name":"World of Goop","floor":8,"gold_loss":0},{"damage_healed":0,"gold_gain":0,"player_choice":"Upgraded","damage_taken":0,"max_hp_gain":0,"max_hp_loss":0,"event_name":"Upgrade Shrine","floor":14,"gold_loss":0,"cards_upgraded":["Reflex"]}],"is_beta":false,"boss_relics":[{"not_picked":["Coffee Dripper","Empty Cage"],"picked":"Ectoplasm"}],"items_purged_floors":[11],"is_endless":false,"potions_floor_spawned":[13,16],"killed_by":"Shell Parasite","ascension_level":8}