{"gold_per_floor":[114,114,389,409,224,255,255,286,286,298,320,359,391,29,29,29],"floor_reached":16,"playtime":1055,"items_purged":["Regret"],"score":118,"play_id":"d030d4be-c1be-4eae-a6c1-2f422b3cb479","local_time":"20181230031603","is_ascension_mode":false,"campfire_choices":[{"floor":7,"key":"REST"},{"floor":10,"key":"REST"},{"floor":15,"key":"REST"}],"neow_cost":"NONE","seed_source_timestamp":130403881080197,"circlet_count":0,"master_deck":["Strike_B","Strike_B","Strike_B","Strike_B","Defend_B","Defend_B","Defend_B","Zap","Dualcast","Loop","Steam","Heatsinks","Capacitor","Sunder","Coolheaded","FTL","Auto Shields","Double Energy","Beam Cell","Meteor Strike"],"relics":["Cracked Core","Centennial Puzzle","Bottled Lightning","Art of War","MawBank","Thread and Needle","Gremlin Horn"],"potions_floor_usage":[8,12,12,16],"damage_taken":[{"damage":5,"enemies":"Cultist","floor":1,"turns":4},{"damage":5,"enemies":"2 Louse","floor":4,"turns":3},{"damage":57,"enemies":"Lagavulin","floor":6,"turns":7},{"damage":24,"enemies":"Gremlin Nob","floor":8,"turns":4},{"damage":9,"enemies":"Small Slimes","floor":11,"turns":3},{"damage":12,"enemies":"3 Sentries","floor":12,"turns":6},{"damage":0,"enemies":"Looter","floor":13,"turns":2},{"damage":30,"enemies":"The Guardian","floor":16,"turns":9}],"seed_played":"6051167856561136305","potions_obtained":[{"floor":1,"key":"Dexterity Potion"},{"floor":6,"key":"SteroidPotion"},{"floor":8,"key":"Poison Potion"},{"floor":11,"key":"Fire Potion"}],"is_trial":false,"path_per_floor":["M","?","?","M","$","E","R","E","T","R","M","E","M","$","R","B"],"character_chosen":"DEFECT","items_purchased":["Capacitor","Sunder","Gremlin Horn","Meteor Strike"],"campfire_rested":3,"item_purchase_floors":[5,5,14,14],"current_hp_per_floor":[70,70,70,65,65,8,30,6,6,28,19,7,7,7,29,0],"gold":29,"neow_bonus":"RANDOM_COMMON_RELIC","is_prod":false,"is_daily":false,"chose_seed":false,"campfire_upgraded":0,"win_rate":0.0,"timestamp":1546168563,"path_taken":["M","?","?","M","$","E","R","E","T","R","M","E","?","$","R","BOSS"],"build_version":"2018-12-20","purchased_purges":1,"victory":false,"max_hp_per_floor":[75,75,75,75,75,75,75,75,75,75,75,75,75,75,75,75],"card_choices":[{"not_picked":["Sweeping Beam","Darkness"],"picked":"Loop","floor":1},{"not_picked":["Coolheaded","Rebound"],"picked":"Heatsinks","floor":4},{"not_picked":["Redo","Cold Snap"],"picked":"Coolheaded","floor":6},{"not_picked":["Cold Snap","Gash"],"picked":"FTL","floor":8},{"not_picked":["Conserve Battery","Sweeping Beam"],"picked":"Auto Shields","floor":11},{"not_picked":["Capacitor","Auto Shields"],"picked":"Double Energy","floor":12},{"not_picked":["Barrage","BootSequence"],"picked":"Beam Cell","floor":13}],"player_experience":156952,"relics_obtained":[{"floor":6,"key":"Bottled Lightning"},{"floor":8,"key":"Art of War"},{"floor":9,"key":"MawBank"},{"floor":12,"key":"Thread and Needle"}],"event_choices":[{"damage_healed":0,"gold_gain":0,"cards_transformed":["Defend_B"],"player_choice":"Change","damage_taken":0,"max_hp_gain":0,"max_hp_loss":0,"event_name":"Living Wall","floor":2,"gold_loss":0,"cards_obtained":["Steam"]},{"damage_healed":0,"gold_gain":275,"player_choice":"Desecrate","damage_taken":0,"max_hp_gain":0,"max_hp_loss":0,"event_name":"Golden Shrine","floor":3,"gold_loss":0,"cards_obtained":["Regret"]}],"is_beta":false,"boss_relics":[],"items_purged_floors":[5],"is_endless":false,"potions_floor_spawned":[1,6,8,11],"killed_by":"The Guardian","ascension_level":0}