{"gold_per_floor":[109,33,46,60,76,96,124,140,140,174,197,209,39,53,53,157,157,172,172,172,183,22,22],"floor_reached":23,"playtime":1584,"items_purged":[],"score":205,"play_id":"c20cd40c-4aa6-4745-a226-2698a7ce0b55","local_time":"20190219163955","is_ascension_mode":false,"campfire_choices":[{"data":"Defragment","floor":12,"key":"SMITH"},{"floor":15,"key":"REST"}],"neow_cost":"NONE","seed_source_timestamp":252706183590943,"circlet_count":0,"master_deck":["Strike_B+1","Strike_B+1","Strike_B+1","Strike_B+1","Defend_B+1","Defend_B+1","Defend_B+1","Defend_B+1","Zap+1","Dualcast","Conserve Battery","Static Discharge","Conserve Battery","Stack","Self Repair","White Noise","Machine Learning","Redo","Rainbow","Defragment+1","Defragment","Reprogram","Thunder Strike","Lockon","Coolheaded","Auto Shields","Stack","Stack","Storm","Melter","Seek"],"relics":["Cracked Core","Vajra","Orichalcum","MawBank","Omamori","Orrery","Potion Belt"],"potions_floor_usage":[16,16,16],"damage_taken":[{"damage":1,"enemies":"Cultist","floor":1,"turns":3},{"damage":14,"enemies":"Jaw Worm","floor":3,"turns":4},{"damage":10,"enemies":"Small Slimes","floor":4,"turns":3},{"damage":3,"enemies":"Looter","floor":5,"turns":3},{"damage":2,"enemies":"Large Slime","floor":6,"turns":5},{"damage":24,"enemies":"Lagavulin","floor":7,"turns":9},{"damage":6,"enemies":"3 Louse","floor":8,"turns":5},{"damage":7,"enemies":"3 Sentries","floor":10,"turns":4},{"damage":13,"enemies":"Looter","floor":11,"turns":4},{"damage":16,"enemies":"Red Slaver","floor":14,"turns":4},{"damage":5,"enemies":"Slime Boss","floor":16,"turns":6},{"damage":15,"enemies":"Spheric Guardian","floor":18,"turns":5},{"damage":29,"enemies":"3 Byrds","floor":21,"turns":3},{"damage":36,"enemies":"Gremlin Leader","floor":23,"turns":2}],"seed_played":"-4699399478603662836","potions_obtained":[{"floor":3,"key":"Energy Potion"},{"floor":4,"key":"AttackPotion"},{"floor":10,"key":"EssenceOfSteel"},{"floor":11,"key":"PowerPotion"},{"floor":16,"key":"SpeedPotion"},{"floor":21,"key":"Weak Potion"}],"is_trial":false,"path_per_floor":["M","$","M","M","M","M","E","M","T","E","M","R","$","M","R","B",null,"M","?","?","M","$","E"],"character_chosen":"DEFECT","items_purchased":["Static Discharge","Defragment","Omamori","Seek"],"campfire_rested":1,"item_purchase_floors":[2,13,13,22],"current_hp_per_floor":[74,74,60,50,47,52,35,36,36,29,23,23,23,14,36,38,75,60,60,60,31,31,0],"gold":22,"neow_bonus":"UPGRADE_CARD","is_prod":false,"is_daily":false,"chose_seed":false,"campfire_upgraded":1,"win_rate":0.0,"timestamp":1550615995,"path_taken":["M","?","M","?","M","M","E","M","T","E","M","R","$","M","R","BOSS","M","?","?","M","$","E"],"build_version":"2019-01-23","purchased_purges":0,"victory":false,"max_hp_per_floor":[75,75,75,75,75,75,75,75,75,75,75,75,75,75,75,75,75,75,75,75,75,75,75],"card_choices":[{"not_picked":["Rebound","Compile Driver"],"picked":"Conserve Battery","floor":1},{"not_picked":["Streamline","Rip and Tear"],"picked":"Conserve Battery","floor":3},{"not_picked":["Cold Snap","Steam"],"picked":"Stack","floor":4},{"not_picked":["Steam","Leap"],"picked":"Self Repair","floor":5},{"not_picked":["Sunder","Genetic Algorithm"],"picked":"White Noise","floor":6},{"not_picked":["Rebound","Cold Snap"],"picked":"Machine Learning","floor":7},{"not_picked":["Streamline","Double Energy"],"picked":"Redo","floor":8},{"not_picked":["Barrage","Streamline"],"picked":"Rainbow","floor":10},{"not_picked":["Stack","Go for the Eyes"],"picked":"Defragment","floor":11},{"not_picked":["Sweeping Beam","Rip and Tear"],"picked":"Reprogram","floor":14},{"not_picked":["Reboot","Buffer"],"picked":"Thunder Strike","floor":16},{"not_picked":["Cold Snap","Gash"],"picked":"Lockon","floor":17},{"not_picked":["Turbo","Reinforced Body"],"picked":"Coolheaded","floor":17},{"not_picked":["Leap","Streamline"],"picked":"Auto Shields","floor":17},{"not_picked":["Blizzard","Sunder"],"picked":"Stack","floor":17},{"not_picked":["Cold Snap","Skim"],"picked":"Stack","floor":17},{"not_picked":["Redo","Compile Driver+1"],"picked":"Storm","floor":18},{"not_picked":["Reinforced Body+1","Storm+1"],"picked":"Melter","floor":21}],"player_experience":43039,"relics_obtained":[{"floor":7,"key":"Vajra"},{"floor":9,"key":"Orichalcum"},{"floor":10,"key":"MawBank"}],"event_choices":[{"damage_healed":0,"gold_gain":0,"player_choice":"Simplicity","damage_taken":0,"max_hp_gain":0,"max_hp_loss":0,"event_name":"Back to Basics","floor":19,"gold_loss":0,"cards_upgraded":["Strike_B","Strike_B","Strike_B","Strike_B","Defend_B","Defend_B","Defend_B","Defend_B"]},{"damage_healed":0,"gold_gain":0,"player_choice":"Stole Relic","damage_taken":0,"relics_obtained":["Potion Belt"],"max_hp_gain":0,"max_hp_loss":0,"event_name":"Addict","floor":20,"gold_loss":0,"cards_obtained":["Shame"]}],"is_beta":false,"boss_relics":[{"not_picked":["Cursed Key","Sozu"],"picked":"Orrery"}],"items_purged_floors":[],"is_endless":false,"potions_floor_spawned":[3,4,10,11,16,21],"killed_by":"Gremlin Leader","ascension_level":0}