{"gold_per_floor":[111,15,15,190,190,224,224,253,253,253],"floor_reached":10,"playtime":348,"items_purged":[],"score":72,"play_id":"9a64a730-9116-4826-80f9-59e9cc5673ce","local_time":"20190217154856","is_ascension_mode":false,"campfire_choices":[{"data":"Loop","floor":7,"key":"SMITH"}],"neow_cost":"NONE","seed_source_timestamp":0,"circlet_count":0,"master_deck":["Strike_B","Strike_B","Strike_B","Strike_B","Defend_B","Defend_B","Defend_B","Defend_B","Zap","Dualcast","Lockon","Loop+1","Redo","Doubt","Ball Lightning","Cold Snap"],"special_seed":0,"relics":["Cracked Core","Oddly Smooth Stone","Pear","Lantern","Incense Burner","Bottled Tornado"],"potions_floor_usage":[],"damage_taken":[{"damage":0,"enemies":"Small Slimes","floor":1,"turns":2},{"damage":45,"enemies":"3 Sentries","floor":6,"turns":7},{"damage":32,"enemies":"Gremlin Nob","floor":8,"turns":4},{"damage":3,"enemies":"3 Sentries","floor":10,"turns":1}],"seed_played":"7577001781483700900","potions_obtained":[],"is_trial":false,"path_per_floor":["M","$","?","?","?","E","R","E","T","E"],"character_chosen":"DEFECT","items_purchased":["Loop","Redo"],"campfire_rested":0,"item_purchase_floors":[2,2],"current_hp_per_floor":[75,75,75,75,78,33,33,1,1,0],"gold":253,"neow_bonus":"RANDOM_COMMON_RELIC","is_prod":false,"is_daily":false,"chose_seed":false,"campfire_upgraded":1,"win_rate":0.0,"timestamp":1550440136,"path_taken":["M","$","?","?","?","E","R","E","T","E"],"build_version":"2019-01-23","purchased_purges":0,"victory":false,"max_hp_per_floor":[75,75,75,75,85,85,85,85,85,85],"card_choices":[{"not_picked":["Turbo","Beam Cell"],"picked":"Lockon","floor":1},{"not_picked":["Sweeping Beam","Rebound"],"picked":"Ball Lightning","floor":6},{"not_picked":["Undo","Fission"],"picked":"Cold Snap","floor":8}],"player_experience":17120,"relics_obtained":[{"floor":6,"key":"Lantern"},{"floor":8,"key":"Incense Burner"},{"floor":9,"key":"Bottled Tornado"}],"event_choices":[{"damage_healed":0,"gold_gain":0,"player_choice":"Leave","damage_taken":0,"max_hp_gain":0,"max_hp_loss":0,"event_name":"The Cleric","floor":3,"gold_loss":0},{"damage_healed":0,"gold_gain":175,"player_choice":"AGREE","damage_taken":0,"max_hp_gain":0,"max_hp_loss":0,"event_name":"Liars Game","floor":4,"gold_loss":0,"cards_obtained":["Doubt"]},{"damage_healed":0,"gold_gain":0,"player_choice":"Success","damage_taken":7,"relics_obtained":["Pear"],"max_hp_gain":0,"max_hp_loss":0,"event_name":"Scrap Ooze","floor":5,"gold_loss":0}],"is_beta":false,"boss_relics":[],"items_purged_floors":[],"is_endless":false,"potions_floor_spawned":[],"killed_by":"3 Sentries","ascension_level":0}