{"gold_per_floor":[111,129,129,149,73,73,103,68,93,93,109,109,109,119,119,193,193,212,231,231,24,24,24,53,20,20,37,51,70,19,31,31,31],"floor_reached":33,"playtime":1093,"items_purged":[],"score":511,"play_id":"584f013a-222e-4440-bc74-eac7c2deb215","local_time":"20180924152113","is_ascension_mode":true,"campfire_choices":[{"data":"Loop","floor":6.0,"key":"SMITH"},{"data":"Zap","floor":10.0,"key":"SMITH"},{"floor":12.0,"key":"REST"},{"floor":15.0,"key":"REST"},{"floor":23.0,"key":"REST"},{"floor":32,"key":"REST"}],"neow_cost":"NONE","seed_source_timestamp":0,"circlet_count":0,"master_deck":["Strike_B+1","Strike_B+1","Strike_B+1","Defend_B+1","Defend_B+1","Defend_B+1","Zap+1","Dualcast","AscendersBane","Undo","Beam Cell","Doom and Gloom","Coolheaded","Loop+1","Amplify","Glacier","Electrodynamics","Hologram","Chill","Master of Strategy","Barrage","Capacitor"],"special_seed":0,"relics":["Cracked Core","PreservedInsect","DataDisk","Inserter","MawBank","Mango"],"potions_floor_usage":[31,33],"damage_taken":[{"damage":4.0,"enemies":"2 Louse","floor":1.0,"turns":3.0},{"damage":1.0,"enemies":"Cultist","floor":2.0,"turns":3.0},{"damage":7.0,"enemies":"Small Slimes","floor":4.0,"turns":3.0},{"damage":25.0,"enemies":"3 Sentries","floor":7.0,"turns":8.0},{"damage":15.0,"enemies":"Gremlin Gang","floor":11.0,"turns":4.0},{"damage":10.0,"enemies":"2 Fungi Beasts","floor":14.0,"turns":3.0},{"damage":47.0,"enemies":"Hexaghost","floor":16.0,"turns":8.0},{"damage":30.0,"enemies":"2 Thieves","floor":18.0,"turns":4.0},{"damage":5.0,"enemies":"Shell Parasite","floor":19.0,"turns":6.0},{"damage":24.0,"enemies":"Gremlin Leader","floor":24.0,"turns":4.0},{"damage":5.0,"enemies":"3 Cultists","floor":27.0,"turns":3.0},{"damage":3.0,"enemies":"Centurion and Healer","floor":28.0,"turns":4.0},{"damage":24.0,"enemies":"Snake Plant","floor":29.0,"turns":4.0},{"damage":0,"enemies":"Chosen and Byrds","floor":31,"turns":5},{"damage":47,"enemies":"Automaton","floor":33,"turns":6}],"seed_played":"3073858249548083594","potions_obtained":[{"floor":3.0,"key":"Energy Potion"},{"floor":3.0,"key":"Strength Potion"},{"floor":11.0,"key":"Explosive Potion"},{"floor":16.0,"key":"Swift Potion"},{"floor":24.0,"key":"Swift Potion"},{"floor":27.0,"key":"Poison Potion"},{"floor":31,"key":"Explosive Potion"}],"is_trial":false,"path_per_floor":["M","M","?","M","$","R","E","?","T","R","M","R","?","M","R","B",null,"M","M","?","$","?","R","E","$","T","M","M","M","$","M","R"],"character_chosen":"DEFECT","items_purchased":["Loop","Master of Strategy","Barrage","Block Potion"],"campfire_rested":4,"item_purchase_floors":[5,21,25,30],"current_hp_per_floor":[60,59,59,52,52,52,27,44,44,44,29,50,50,40,61,14,57,27,22,22,22,22,43,19,19,33,28,25,1,1,1,26,0],"gold":31,"neow_bonus":"TRANSFORM_CARD","is_prod":false,"is_daily":false,"chose_seed":false,"campfire_upgraded":2,"win_rate":0,"timestamp":1537816873,"path_taken":["M","M","?","M","$","R","E","?","T","R","M","R","?","M","R","BOSS","M","M","?","$","?","R","E","?","T","M","M","?","$","M","R","BOSS"],"build_version":"2018-09-20","purchased_purges":0,"victory":false,"max_hp_per_floor":[71,71,71,71,71,71,71,71,71,71,71,71,71,71,71,71,71,71,71,71,71,71,71,71,71,85,85,85,85,85,85,85,85],"card_choices":[{"not_picked":["Double Energy","Skim"],"picked":"Beam Cell","floor":1.0},{"not_picked":["Storm","Compile Driver"],"picked":"Doom and Gloom","floor":2.0},{"not_picked":["Storm","Steam Power"],"picked":"Coolheaded","floor":4.0},{"not_picked":["Leap","Steam"],"picked":"Amplify","floor":7.0},{"not_picked":["Redo","Stack"],"picked":"Glacier","floor":11.0},{"not_picked":["Auto Shields","Lockon","Undo"],"picked":"SKIP","floor":14.0},{"not_picked":["Reboot","Rainbow"],"picked":"Electrodynamics","floor":16.0},{"not_picked":["Capacitor+1","Beam Cell"],"picked":"Hologram","floor":18.0},{"not_picked":["Auto Shields","Ball Lightning"],"picked":"Chill","floor":19.0},{"not_picked":["Rebound","Conserve Battery","Streamline"],"picked":"SKIP","floor":24.0},{"not_picked":["Auto Shields","Conserve Battery","Undo"],"picked":"SKIP","floor":27.0},{"not_picked":["Hello World","Darkness"],"picked":"Capacitor","floor":28.0},{"not_picked":["Leap","Skim","Beam Cell"],"picked":"SKIP","floor":29.0},{"not_picked":["Streamline+1","Hologram","Sweeping Beam"],"picked":"SKIP","floor":31}],"player_experience":583000,"relics_obtained":[{"floor":7.0,"key":"PreservedInsect"},{"floor":9.0,"key":"DataDisk"},{"floor":24.0,"key":"MawBank"},{"floor":26.0,"key":"Mango"}],"event_choices":[{"event_name":"The Lab","player_choice":"Got Potions","floor":3.0,"damage_taken":0.0},{"event_name":"The Cleric","player_choice":"Healed","floor":8.0,"damage_taken":0.0},{"event_name":"Liars Game","player_choice":"disagreed","floor":13.0,"damage_taken":0.0},{"event_name":"Back to Basics","player_choice":"Simplicity","floor":20.0,"damage_taken":0.0},{"event_name":"Purifier","player_choice":"One Purge","floor":22.0,"damage_taken":0.0}],"is_beta":false,"boss_relics":[{"not_picked":["Runic Pyramid","Tiny House"],"picked":"Inserter"}],"items_purged_floors":[],"is_endless":false,"potions_floor_spawned":[4,11,16,24,27,31],"killed_by":"Automaton","ascension_level":15}