{"gold_per_floor":[211,225,35,54,68,68,84,84,134,134,134,59,100,119,119,239,239,260,260,296,311,311,342,342,378,428,472,472,491,524,524,524,644,644,664,677,695,271,604,636,636,636,636,666,666,721,721,741,741,741],"floor_reached":51,"playtime":2211,"items_purged":["Strike_B","Strike_B"],"score":1153,"play_id":"eda74132-a57b-4a1c-bc9f-ba966e1fb4e3","local_time":"20180707203333","is_ascension_mode":true,"campfire_choices":[{"floor":6,"key":"REST"},{"floor":11,"key":"REST"},{"floor":15,"key":"REST"},{"floor":24,"key":"REST"},{"floor":32,"key":"REST"},{"data":"Defragment","floor":41,"key":"SMITH"},{"floor":45,"key":"REST"},{"floor":49,"key":"REST"}],"neow_cost":"NONE","seed_source_timestamp":103679608737972,"circlet_count":0,"master_deck":["Defend_B","Defend_B","Defend_B","Zap","Dualcast+1","Storm","Beam Cell","Apotheosis+1","Go for the Eyes","White Noise+1","Genetic Algorithm","Glacier","Gash","Thunder Strike","Rainbow+1","Reinforced Body+1","Self Repair+1","Conserve Battery+1","Seek","Steam+1","Electrodynamics","Lockon","Defragment+1"],"relics":["Cracked Core","Ancient Tea Set","Kunai","Astrolabe","Red Mask","War Paint","Ornamental Fan","DataDisk","Potion Belt","Unceasing Top","Mango","Inserter","Torii","Mercury Hourglass","Gambling Chip","Incense Burner","Bottled Flame","Emotion Chip","Bag of Preparation"],"potions_floor_usage":[13,13,16,16,25,30,33,40,50,50,50],"damage_taken":[{"damage":6,"enemies":"Jaw Worm","floor":1,"turns":3},{"damage":12,"enemies":"Cultist","floor":2,"turns":5},{"damage":7,"enemies":"Small Slimes","floor":4,"turns":4},{"damage":10,"enemies":"3 Louse","floor":5,"turns":4},{"damage":13,"enemies":"Blue Slaver","floor":7,"turns":3},{"damage":20,"enemies":"Lagavulin","floor":13,"turns":5},{"damage":0,"enemies":"Looter","floor":14,"turns":3},{"damage":18,"enemies":"Hexaghost","floor":16,"turns":9},{"damage":5,"enemies":"Spheric Guardian","floor":18,"turns":5},{"damage":61,"floor":20,"turns":6},{"damage":8,"enemies":"Chosen","floor":21,"turns":6},{"damage":26,"enemies":"Book of Stabbing","floor":23,"turns":7},{"damage":10,"enemies":"Gremlin Leader","floor":25,"turns":7},{"damage":35,"enemies":"Slavers","floor":27,"turns":11},{"damage":1,"enemies":"3 Cultists","floor":29,"turns":8},{"damage":8,"enemies":"Book of Stabbing","floor":30,"turns":5},{"damage":23,"enemies":"Automaton","floor":33,"turns":12},{"damage":11,"enemies":"Orb Walker","floor":35,"turns":4},{"damage":42,"enemies":"Flame Bruiser 1 Orb","floor":36,"turns":6},{"damage":12,"enemies":"Sphere and 2 Shapes","floor":37,"turns":5},{"damage":6,"enemies":"Nemesis","floor":40,"turns":8},{"damage":10,"floor":42,"turns":6},{"damage":40,"enemies":"Giant Head","floor":44,"turns":11},{"damage":2,"floor":46,"turns":5},{"damage":7,"enemies":"Flame Bruiser 2 Orb","floor":48,"turns":4},{"damage":14,"enemies":"Donu and Deca","floor":50,"turns":6}],"seed_played":"3952845452091671417","potions_obtained":[{"floor":1,"key":"SpeedPotion"},{"floor":5,"key":"FairyPotion"},{"floor":8,"key":"AttackPotion"},{"floor":13,"key":"Fire Potion"},{"floor":14,"key":"Swift Potion"},{"floor":18,"key":"Dexterity Potion"},{"floor":23,"key":"LiquidBronze"},{"floor":25,"key":"FearPotion"},{"floor":27,"key":"FocusPotion"},{"floor":36,"key":"SteroidPotion"},{"floor":37,"key":"FearPotion"},{"floor":42,"key":"Strength Potion"},{"floor":46,"key":"Dexterity Potion"}],"is_trial":false,"path_per_floor":["M","M","$","M","M","R","M","?","T","?","R","$","E","M","R","B",null,"M","?","?","M","?","E","R","E","T","E","?","M","E","T","R","B",null,"M","M","M","$","?","E","R","?","T","E","R","?","T","M","R","B"],"character_chosen":"DEFECT","items_purchased":["Apotheosis","Torii","Defragment"],"campfire_rested":7,"item_purchase_floors":[3,38,38],"current_hp_per_floor":[69,57,57,50,40,62,49,49,49,31,53,53,33,33,55,37,75,75,75,34,36,36,20,42,42,42,17,17,26,28,42,68,55,89,88,56,54,54,54,58,58,58,58,28,54,52,52,45,71,57],"gold":741,"neow_bonus":"HUNDRED_GOLD","is_prod":false,"is_daily":false,"chose_seed":false,"campfire_upgraded":1,"win_rate":0,"timestamp":1530988413,"path_taken":["M","M","$","M","M","R","M","?","T","?","R","?","E","M","R","BOSS","M","?","?","?","?","E","R","E","T","E","?","M","E","?","R","BOSS","M","M","M","$","?","E","R","?","T","E","R","?","?","?","R","BOSS"],"build_version":"2018-07-05","purchased_purges":2,"victory":true,"max_hp_per_floor":[75,75,75,75,75,75,75,75,75,75,75,75,75,75,75,75,75,75,75,75,75,75,75,75,75,75,75,75,75,75,89,89,89,89,89,89,89,89,89,89,89,89,89,89,89,89,89,89,89,89],"card_choices":[{"not_picked":["Barrage","Gash"],"picked":"Storm","floor":1},{"not_picked":["Rebound","Aggregate"],"picked":"Beam Cell","floor":2},{"not_picked":["Rebound","Barrage"],"picked":"Go for the Eyes","floor":4},{"not_picked":["Redo","Chaos"],"picked":"White Noise","floor":5},{"not_picked":["BootSequence","Heatsinks"],"picked":"Genetic Algorithm","floor":7},{"not_picked":["Steam","Storm"],"picked":"Glacier","floor":13},{"not_picked":["Compile Driver","Redo"],"picked":"Gash","floor":14},{"not_picked":["Creative AI","Biased Cognition"],"picked":"Thunder Strike","floor":16},{"not_picked":["Hologram","Streamline"],"picked":"Conserve Battery+1","floor":18},{"not_picked":["Ball Lightning+1","Chill+1"],"picked":"Seek","floor":20},{"not_picked":["Conserve Battery","Stack+1","Sunder"],"picked":"SKIP","floor":21},{"not_picked":["Hologram","Barrage","Force Field"],"picked":"SKIP","floor":23},{"not_picked":["Sunder","Steam","Leap"],"picked":"SKIP","floor":25},{"not_picked":["Sweeping Beam","Barrage","Blizzard+1"],"picked":"SKIP","floor":27},{"not_picked":["Rebound","Compile Driver","Recycle"],"picked":"SKIP","floor":29},{"not_picked":["Biased Cognition","Capacitor"],"picked":"Steam+1","floor":30},{"not_picked":["Seek","Echo Form"],"picked":"Electrodynamics","floor":33},{"not_picked":["Steam Power+1","Redo"],"picked":"Lockon","floor":35},{"not_picked":["Rebound+1","Beam Cell","Redo"],"picked":"SKIP","floor":36},{"not_picked":["Reinforced Body+1","Go for the Eyes","Stack"],"picked":"SKIP","floor":37},{"not_picked":["Steam+1","Ball Lightning+1","Blizzard"],"picked":"SKIP","floor":40},{"not_picked":["Leap","Steam+1","Go for the Eyes+1"],"picked":"SKIP","floor":44},{"not_picked":["Stack","Go for the Eyes+1","Creative AI"],"picked":"SKIP","floor":48}],"player_experience":43466,"relics_obtained":[{"floor":9,"key":"Ancient Tea Set"},{"floor":13,"key":"Kunai"},{"floor":20,"key":"Red Mask"},{"floor":23,"key":"War Paint"},{"floor":25,"key":"Ornamental Fan"},{"floor":26,"key":"DataDisk"},{"floor":27,"key":"Potion Belt"},{"floor":30,"key":"Unceasing Top"},{"floor":31,"key":"Mango"},{"floor":40,"key":"Mercury Hourglass"},{"floor":42,"key":"Gambling Chip"},{"floor":43,"key":"Incense Burner"},{"floor":44,"key":"Bottled Flame"},{"floor":46,"key":"Emotion Chip"},{"floor":47,"key":"Bag of Preparation"}],"event_choices":[{"event_name":"The Lab","player_choice":"Got Potions","floor":8,"damage_taken":0},{"event_name":"Golden Idol","player_choice":"Take Damage","floor":10,"damage_taken":0},{"event_name":"Upgrade Shrine","player_choice":"Upgraded","floor":19,"damage_taken":0},{"event_name":"Masked Bandits","player_choice":"Fought over 260 gold","floor":20,"damage_taken":0},{"event_name":"Vampires","player_choice":"Ignored","floor":22,"damage_taken":0},{"event_name":"Drug Dealer","player_choice":"Ignored","floor":28,"damage_taken":0},{"event_name":"The Moai Head","player_choice":"Gave Idol","floor":39,"damage_taken":0},{"event_name":"MindBloom","player_choice":"Fight","floor":42,"damage_taken":0},{"event_name":"Mysterious Sphere","player_choice":"Fight","floor":46,"damage_taken":0}],"boss_relics":[{"not_picked":["Philosopher\u0027s Stone","Ectoplasm"],"picked":"Astrolabe"},{"not_picked":["Lizard Tail","Coffee Dripper"],"picked":"Inserter"}],"items_purged_floors":[12,38],"is_endless":false,"potions_floor_spawned":[1,5,13,14,18,23,25,27,36,37,42,46],"ascension_level":1}