{"gold_per_floor":[115,290,306,306,306,332,357,386,386,386,401,401,413,488,488,590,590,600,600,615,627,35,35,53,152,152,186,212,226,226,78,78,179,179,194,244,256,256,6,6,6,6,6,31,31,41,41,59,59,59],"floor_reached":50,"playtime":2764,"items_purged":[],"score":884,"play_id":"5c8af073-74d8-4c9d-80b0-9f670dc7b604","local_time":"20190506124428","is_ascension_mode":true,"campfire_choices":[{"data":"Neutralize","floor":10,"key":"SMITH"},{"data":"Choke","floor":12,"key":"SMITH"},{"floor":15,"key":"REST"},{"data":"Noxious Fumes","floor":23,"key":"SMITH"},{"floor":30,"key":"REST"},{"floor":32,"key":"REST"},{"floor":40,"key":"REST"},{"floor":45,"key":"REST"},{"data":"Tactician","floor":47,"key":"SMITH"},{"data":"Acrobatics","floor":49,"key":"SMITH"}],"neow_cost":"NONE","seed_source_timestamp":64620618687574,"circlet_count":0,"master_deck":["AscendersBane","Defend_G","Defend_G","Defend_G","Defend_G","Defend_G","Strike_G","Strike_G+1","Strike_G+1","Survivor","Neutralize+1","Slice","Choke+1","Masterful Stab+1","Dagger Throw+1","Backflip","Unload+1","Glass Knife+1","Noxious Fumes+1","Poisoned Stab+1","Skewer+1","Backstab+1","Phantasmal Killer","Tactician+1","Skewer+1","Predator+1","Acrobatics","Doppelganger","Flying Knee+1","Underhanded Strike+1","Footwork+1","Madness","Madness","After Image","Writhe","Venomology","Acrobatics+1","Bane+1"],"relics":["Ring of the Snake","NeowsBlessing","Molten Egg 2","Pocketwatch","Regal Pillow","Ginger","Meat on the Bone","HoveringKite","Matryoshka","Ancient Tea Set","Medical Kit","PreservedInsect","Whetstone","Bottled Tornado","Red Mask","Cursed Key","Torii","TwistedFunnel","Lantern","Mango","Blood Vial"],"potions_floor_usage":[8,20,21,24,33,33,35,36,44,48,50],"damage_taken":[{"damage":0,"enemies":"2 Louse","floor":1,"turns":1},{"damage":0,"enemies":"Small Slimes","floor":3,"turns":1},{"damage":0,"enemies":"3 Sentries","floor":6,"turns":1},{"damage":3,"enemies":"Lagavulin","floor":8,"turns":6},{"damage":0,"enemies":"Cultist","floor":11,"turns":2},{"damage":14,"enemies":"Looter","floor":13,"turns":3},{"damage":25,"enemies":"Slime Boss","floor":16,"turns":8},{"damage":0,"enemies":"Spheric Guardian","floor":18,"turns":2},{"damage":13,"enemies":"3 Byrds","floor":20,"turns":4},{"damage":24,"enemies":"Sentry and Sphere","floor":21,"turns":4},{"damage":0,"enemies":"Snake Plant","floor":24,"turns":1},{"damage":20,"enemies":"Book of Stabbing","floor":27,"turns":3},{"damage":13,"enemies":"Masked Bandits","floor":28,"turns":3},{"damage":27,"enemies":"Centurion and Healer","floor":29,"turns":4},{"damage":43,"enemies":"Champ","floor":33,"turns":7},{"damage":9,"enemies":"3 Shapes","floor":35,"turns":3},{"damage":38,"enemies":"2 Orb Walkers","floor":36,"turns":4},{"damage":14,"enemies":"3 Darklings","floor":37,"turns":4},{"damage":13,"enemies":"Giant Head","floor":44,"turns":5},{"damage":11,"enemies":"Maw","floor":46,"turns":6},{"damage":0,"enemies":"Jaw Worm Horde","floor":48,"turns":2},{"damage":83,"enemies":"Awakened One","floor":50,"turns":7}],"seed_played":"-8169194945828391704","potions_obtained":[{"floor":6,"key":"PowerPotion"},{"floor":16,"key":"Weak Potion"},{"floor":18,"key":"PowerPotion"},{"floor":20,"key":"Poison Potion"},{"floor":29,"key":"Ancient Potion"},{"floor":33,"key":"Block Potion"},{"floor":35,"key":"LiquidBronze"},{"floor":46,"key":"Poison Potion"},{"floor":48,"key":"Explosive Potion"}],"is_trial":false,"path_per_floor":["M","?","M","?","?","E","T","E","T","R","M","R","M","?","R","B",null,"M","?","M","M","$","R","M","?","T","E","?","M","R","$","R","B",null,"M","?","M","?","$","R","$","?","T","E","R","M","R","M","R","B"],"character_chosen":"THE_SILENT","items_purchased":["Matryoshka","Ancient Tea Set","Medical Kit","Predator+1","Acrobatics","Poison Potion","TwistedFunnel","Poison Potion"],"campfire_rested":5,"item_purchase_floors":[22,22,22,31,31,31,39,39],"current_hp_per_floor":[63,63,63,63,51,51,51,48,48,48,48,48,46,35,70,45,64,64,64,51,39,39,39,39,39,39,31,30,15,51,51,70,39,62,53,27,25,16,16,52,52,52,66,53,84,73,73,75,75,0],"gold":59,"neow_bonus":"THREE_ENEMY_KILL","is_prod":false,"is_daily":false,"chose_seed":false,"campfire_upgraded":5,"win_rate":0,"timestamp":1557171868,"path_taken":["M","?","M","?","?","E","?","E","T","R","M","R","?","?","R","BOSS","M","?","?","M","$","R","M","?","T","E","?","M","R","$","R","BOSS","M","?","M","?","?","R","$","?","T","E","R","?","R","M","R","BOSS"],"build_version":"2019-01-23","purchased_purges":0,"victory":false,"max_hp_per_floor":[70,70,70,70,70,70,70,70,70,70,70,70,70,70,70,70,70,70,70,70,70,70,70,70,70,70,70,70,70,70,70,70,70,70,70,70,70,70,70,70,70,70,84,84,84,84,84,84,84,84],"card_choices":[{"not_picked":["Deadly Poison","Concentrate"],"picked":"Slice","floor":1},{"not_picked":["Quick Slash","Poisoned Stab"],"picked":"Choke","floor":3},{"not_picked":["Accuracy","Deflect"],"picked":"Masterful Stab+1","floor":6},{"not_picked":["Cloak And Dagger","Outmaneuver"],"picked":"Dagger Throw+1","floor":8},{"not_picked":["Dodge and Roll","Skewer+1"],"picked":"Backflip","floor":11},{"not_picked":["Reflex","Poisoned Stab+1"],"picked":"Unload+1","floor":13},{"not_picked":["Die Die Die+1","Malaise"],"picked":"Glass Knife+1","floor":16},{"not_picked":["Slice+1","Bane+1"],"picked":"Noxious Fumes","floor":18},{"not_picked":["Cloak And Dagger+1","Slice+1"],"picked":"Poisoned Stab+1","floor":20},{"not_picked":["Outmaneuver","Concentrate"],"picked":"Skewer+1","floor":21},{"not_picked":["Sucker Punch+1","Slice+1"],"picked":"Backstab+1","floor":24},{"not_picked":["Sucker Punch+1","Backstab+1"],"picked":"Phantasmal Killer","floor":27},{"not_picked":["Outmaneuver","Deflect+1"],"picked":"Tactician","floor":28},{"not_picked":["Concentrate","Slice+1"],"picked":"Skewer+1","floor":29},{"not_picked":["Die Die Die+1","Bullet Time"],"picked":"Doppelganger","floor":33},{"not_picked":["Dodge and Roll","Escape Plan"],"picked":"Flying Knee+1","floor":35},{"not_picked":["Prepared","Backflip"],"picked":"Underhanded Strike+1","floor":36},{"not_picked":["Sucker Punch+1","Slice+1"],"picked":"Footwork+1","floor":37},{"not_picked":["Setup","Concentrate"],"picked":"Venomology","floor":44},{"not_picked":["Dodge and Roll","Slice+1"],"picked":"Acrobatics","floor":46},{"not_picked":["Slice+1","Endless Agony+1"],"picked":"Bane+1","floor":48}],"player_experience":583443,"relics_obtained":[{"floor":6,"key":"Pocketwatch"},{"floor":7,"key":"Regal Pillow"},{"floor":8,"key":"Ginger"},{"floor":9,"key":"Meat on the Bone"},{"floor":26,"key":"PreservedInsect"},{"floor":26,"key":"Whetstone"},{"floor":27,"key":"Bottled Tornado"},{"floor":28,"key":"Red Mask"},{"floor":36,"key":"Torii"},{"floor":43,"key":"Lantern"},{"floor":43,"key":"Mango"},{"floor":44,"key":"Blood Vial"}],"event_choices":[{"damage_healed":0,"gold_gain":175,"player_choice":"AGREE","damage_taken":0,"max_hp_gain":0,"max_hp_loss":0,"event_name":"Liars Game","floor":2,"gold_loss":0,"cards_obtained":["Doubt"]},{"cards_removed":["Doubt"],"damage_healed":0,"gold_gain":0,"player_choice":"Forget","damage_taken":0,"max_hp_gain":0,"max_hp_loss":0,"event_name":"Living Wall","floor":4,"gold_loss":0},{"damage_healed":0,"gold_gain":0,"player_choice":"Success","damage_taken":12,"relics_obtained":["Molten Egg 2"],"max_hp_gain":0,"max_hp_loss":0,"event_name":"Scrap Ooze","floor":5,"gold_loss":0},{"damage_healed":0,"gold_gain":75,"player_choice":"Gather Gold","damage_taken":11,"max_hp_gain":0,"max_hp_loss":0,"event_name":"World of Goop","floor":14,"gold_loss":0},{"cards_removed":["Strike_G"],"damage_healed":0,"gold_gain":0,"player_choice":"Offered Basic","damage_taken":0,"max_hp_gain":0,"max_hp_loss":0,"event_name":"Bonfire Elementals","floor":19,"gold_loss":0},{"damage_healed":0,"gold_gain":99,"player_choice":"Stole From Cult","damage_taken":0,"max_hp_gain":0,"max_hp_loss":0,"event_name":"Nest","floor":25,"gold_loss":0},{"damage_healed":0,"gold_gain":0,"player_choice":"Fought Bandits","damage_taken":0,"max_hp_gain":0,"max_hp_loss":0,"event_name":"Masked Bandits","floor":28,"gold_loss":0},{"damage_healed":0,"gold_gain":0,"player_choice":"Fight","damage_taken":0,"max_hp_gain":0,"max_hp_loss":0,"event_name":"Mysterious Sphere","floor":36,"gold_loss":0},{"damage_healed":0,"gold_gain":0,"player_choice":"Embrace Madness","damage_taken":9,"max_hp_gain":0,"max_hp_loss":0,"event_name":"Winding Halls","floor":38,"gold_loss":0,"cards_obtained":["Madness","Madness"]},{"damage_healed":0,"gold_gain":0,"cards_transformed":["Strike_G"],"player_choice":"Transformed","damage_taken":0,"max_hp_gain":0,"max_hp_loss":0,"event_name":"Transmorgrifier","floor":42,"gold_loss":0,"cards_obtained":["After Image"]}],"is_beta":false,"boss_relics":[{"not_picked":["Eternal Feather","Ectoplasm"],"picked":"HoveringKite"},{"not_picked":["Velvet Choker","Fusion Hammer"],"picked":"Cursed Key"}],"items_purged_floors":[],"is_endless":false,"potions_floor_spawned":[6,16,18,20,29,33,35,46,48],"killed_by":"Awakened One","ascension_level":12}