{"gold_per_floor":[14,89,109,109,125,159,190,220,232,257,15,44,219,247,247,351,351,368,387,387,405,405,419,419,419,419,429,429,299,299],"floor_reached":30,"playtime":1801,"items_purged":[],"score":252,"play_id":"d3b9e837-6d96-418d-9226-00e9ae560a7a","local_time":"20190406144542","is_ascension_mode":false,"campfire_choices":[{"floor":15,"key":"REST"},{"floor":24,"key":"REST"},{"floor":28,"key":"REST"}],"neow_cost":"NO_GOLD","seed_source_timestamp":249184413177566,"circlet_count":0,"master_deck":["Strike_B","Strike_B","Strike_B","Strike_B","Defend_B","Defend_B","Defend_B","Defend_B","Zap","Dualcast","Double Energy","FTL","Self Repair","Reboot","Cold Snap","Barrage","Hello World","Loop","White Noise","Bandage Up","Coolheaded","Force Field","Leap","Echo Form","Consume","Loop","Turbo+1","Streamline","Chaos","Tempest","Enlightenment"],"relics":["Cracked Core","FossilizedHelix","MawBank","Symbiotic Virus","Cables","Gremlin Horn","Inserter"],"potions_floor_usage":[6,14,14,30],"damage_taken":[{"damage":0,"enemies":"Jaw Worm","floor":1,"turns":2},{"damage":0,"enemies":"2 Louse","floor":3,"turns":2},{"damage":0,"enemies":"Cultist","floor":5,"turns":3},{"damage":43,"enemies":"3 Sentries","floor":6,"turns":10},{"damage":4,"enemies":"2 Fungi Beasts","floor":7,"turns":3},{"damage":3,"enemies":"Looter","floor":8,"turns":3},{"damage":0,"enemies":"Red Slaver","floor":10,"turns":2},{"damage":11,"enemies":"Lagavulin","floor":12,"turns":5},{"damage":19,"enemies":"Gremlin Nob","floor":14,"turns":4},{"damage":15,"enemies":"Hexaghost","floor":16,"turns":9},{"damage":13,"enemies":"3 Byrds","floor":18,"turns":4},{"damage":29,"enemies":"2 Thieves","floor":19,"turns":4},{"damage":31,"enemies":"Snake Plant","floor":21,"turns":7},{"damage":31,"enemies":"3 Cultists","floor":23,"turns":5},{"damage":24,"enemies":"Centurion and Healer","floor":27,"turns":5},{"damage":46,"enemies":"Masked Bandits","floor":30,"turns":3}],"seed_played":"-1909055449559075713","potions_obtained":[{"floor":3,"key":"FearPotion"},{"floor":5,"key":"AttackPotion"},{"floor":7,"key":"SmokeBomb"},{"floor":8,"key":"SkillPotion"},{"floor":12,"key":"Explosive Potion"},{"floor":16,"key":"Ancient Potion"},{"floor":21,"key":"GamblersBrew"},{"floor":27,"key":"Regen Potion"}],"is_trial":false,"path_per_floor":["M","?","M","?","M","E","M","M","T","M","$","E","?","E","R","B",null,"M","M","?","M","?","M","R","?","T","M","R","$","?"],"character_chosen":"DEFECT","items_purchased":["Loop","White Noise","Bandage Up","Coolheaded","Tempest","Enlightenment"],"campfire_rested":3,"item_purchase_floors":[11,11,11,11,29,29],"current_hp_per_floor":[75,64,64,64,64,28,31,35,35,42,42,42,42,30,52,41,75,64,46,46,33,33,24,46,32,32,12,36,36,0],"gold":299,"neow_bonus":"ONE_RARE_RELIC","is_prod":false,"is_daily":false,"chose_seed":false,"campfire_upgraded":0,"win_rate":0,"timestamp":1554587142,"path_taken":["M","?","M","?","M","E","M","M","T","?","?","E","?","E","R","BOSS","M","M","?","?","?","M","R","?","T","M","R","$","?"],"build_version":"2019-01-23","purchased_purges":0,"victory":false,"max_hp_per_floor":[75,75,75,75,75,75,75,75,75,75,75,75,75,75,75,75,75,75,75,75,75,75,75,75,80,80,80,80,80,80],"card_choices":[{"not_picked":["Gash","Reinforced Body"],"picked":"Double Energy","floor":1},{"not_picked":["Stack","Steam"],"picked":"FTL","floor":3},{"not_picked":["Cold Snap","Double Energy"],"picked":"Self Repair","floor":5},{"not_picked":["Biased Cognition","Skim"],"picked":"Reboot","floor":6},{"not_picked":["Scrape","Beam Cell"],"picked":"Cold Snap","floor":7},{"not_picked":["Scrape","Undo"],"picked":"Barrage","floor":8},{"not_picked":["Hologram","Compile Driver"],"picked":"Hello World","floor":10},{"not_picked":["Sweeping Beam","Redo"],"picked":"Force Field","floor":12},{"not_picked":["Rip and Tear","Steam"],"picked":"Leap","floor":14},{"not_picked":["Fission","Machine Learning"],"picked":"Echo Form","floor":16},{"not_picked":["Ball Lightning+1","Leap"],"picked":"Consume","floor":18},{"not_picked":["Compile Driver","Conserve Battery+1"],"picked":"Loop","floor":19},{"not_picked":["Melter+1","Reprogram"],"picked":"Turbo+1","floor":21},{"not_picked":["Sweeping Beam","Skim"],"picked":"Streamline","floor":23},{"not_picked":["Stack","Undo"],"picked":"Chaos","floor":27}],"player_experience":494897,"relics_obtained":[{"floor":6,"key":"MawBank"},{"floor":9,"key":"Symbiotic Virus"},{"floor":12,"key":"Cables"},{"floor":14,"key":"Gremlin Horn"}],"event_choices":[{"damage_healed":0,"gold_gain":75,"player_choice":"Gather Gold","damage_taken":11,"max_hp_gain":0,"max_hp_loss":0,"event_name":"World of Goop","floor":2,"gold_loss":0},{"damage_healed":0,"gold_gain":0,"player_choice":"Leave","damage_taken":0,"max_hp_gain":0,"max_hp_loss":0,"event_name":"The Cleric","floor":4,"gold_loss":0},{"damage_healed":0,"gold_gain":175,"player_choice":"AGREE","damage_taken":0,"max_hp_gain":0,"max_hp_loss":0,"event_name":"Liars Game","floor":13,"gold_loss":0,"cards_obtained":["Doubt"]},{"cards_removed":["Doubt"],"damage_healed":0,"gold_gain":0,"player_choice":"Purged","damage_taken":0,"max_hp_gain":0,"max_hp_loss":0,"event_name":"Purifier","floor":20,"gold_loss":0},{"damage_healed":0,"gold_gain":0,"player_choice":"Ignored","damage_taken":0,"max_hp_gain":0,"max_hp_loss":0,"event_name":"Vampires","floor":22,"gold_loss":0},{"damage_healed":0,"gold_gain":0,"player_choice":"Shed Blood","damage_taken":19,"max_hp_gain":5,"max_hp_loss":0,"event_name":"Forgotten Altar","floor":25,"gold_loss":0},{"damage_healed":0,"gold_gain":0,"player_choice":"Fought Bandits","damage_taken":0,"max_hp_gain":0,"max_hp_loss":0,"event_name":"Masked Bandits","floor":30,"gold_loss":0}],"is_beta":false,"boss_relics":[{"not_picked":["Sozu","Orrery"],"picked":"Inserter"}],"items_purged_floors":[],"is_endless":false,"potions_floor_spawned":[3,5,7,8,12,16,21,23,27],"killed_by":"Masked Bandits","ascension_level":0}