{"gold_per_floor":[113,113,130,147,297,297,314,33,59,84,166,166,221,232,232,310,310,325,325,325,39,39,39,39],"floor_reached":24,"playtime":729,"items_purged":["Doubt","Decay"],"score":404,"play_id":"f51e4130-946e-4f8f-8f34-2340afca6099","local_time":"20181127074645","is_ascension_mode":true,"campfire_choices":[{"data":"Rip and Tear","floor":6.0,"key":"SMITH"},{"floor":12,"key":"REST"},{"floor":15,"key":"REST"},{"floor":23,"key":"REST"}],"neow_cost":"NONE","seed_source_timestamp":0,"circlet_count":0,"master_deck":["AscendersBane","Zap","Dualcast","Rip and Tear+1","Chaos","Sunder","Go for the Eyes","Hologram","Master of Strategy","Electrodynamics","Capacitor","Core Surge","Sweeping Beam","Leap","Static Discharge","Skim","Streamline","Compile Driver","Static Discharge","Coolheaded","Self Repair","Bandage Up","Writhe"],"special_seed":0,"relics":["Cracked Core","NeowsBlessing","Oddly Smooth Stone","Bag of Marbles","Letter Opener","Tiny Chest","Pandora\u0027s Box","Strawberry"],"potions_floor_usage":[10,13,14],"damage_taken":[{"damage":0.0,"enemies":"Small Slimes","floor":1.0,"turns":1.0},{"damage":0.0,"enemies":"Cultist","floor":3.0,"turns":1.0},{"damage":0.0,"enemies":"Jaw Worm","floor":4.0,"turns":1.0},{"damage":4.0,"enemies":"Exordium Wildlife","floor":7.0,"turns":2.0},{"damage":28,"enemies":"3 Sentries","floor":10,"turns":5},{"damage":35,"enemies":"Lagavulin","floor":13,"turns":4},{"damage":1,"enemies":"Blue Slaver","floor":14,"turns":3},{"damage":23,"enemies":"Hexaghost","floor":16,"turns":9},{"damage":22,"enemies":"Spheric Guardian","floor":18,"turns":4},{"damage":22,"enemies":"Colosseum Slavers","floor":20,"turns":3},{"damage":40,"enemies":"Slavers","floor":24,"turns":3}],"seed_played":"-308382740717820993","potions_obtained":[{"floor":3.0,"key":"Strength Potion"},{"floor":4.0,"key":"Strength Potion"},{"floor":10,"key":"Ancient Potion"},{"floor":13,"key":"Block Potion"}],"is_trial":false,"path_per_floor":["M","?","M","M","?","R","M","$","T","E","T","R","E","M","R","B",null,"M","?","?","$","?","R","E"],"character_chosen":"DEFECT","items_purchased":["Master of Strategy","Self Repair","Bandage Up"],"campfire_rested":3,"item_purchase_floors":[8,21,21],"current_hp_per_floor":[64,64,64,64,64,64,60,60,60,32,32,53,18,17,38,15,57,35,35,13,13,20,43,3],"gold":39,"neow_bonus":"THREE_ENEMY_KILL","is_prod":false,"is_daily":false,"chose_seed":false,"campfire_upgraded":1,"win_rate":0,"timestamp":1543322805,"path_taken":["M","?","?","M","?","R","M","$","T","E","?","R","E","M","R","BOSS","M","?","?","$","?","R","E"],"build_version":"2018-11-15","purchased_purges":2,"victory":false,"max_hp_per_floor":[71,71,71,71,71,71,71,71,71,71,71,71,71,71,71,71,71,71,71,71,71,78,78,78],"card_choices":[{"not_picked":["Turbo","Fusion"],"picked":"Rip and Tear","floor":1.0},{"not_picked":["Barrage","Sweeping Beam"],"picked":"Sunder","floor":3.0},{"not_picked":["Leap","Ball Lightning"],"picked":"Go for the Eyes","floor":4.0},{"not_picked":["Compile Driver","Chaos"],"picked":"Hologram","floor":7.0},{"not_picked":["All For One","Barrage"],"picked":"Electrodynamics","floor":10},{"not_picked":["Darkness","Chaos","Scrape"],"picked":"SKIP","floor":13},{"not_picked":["Ball Lightning","Leap"],"picked":"Capacitor","floor":14},{"not_picked":["Machine Learning","Amplify"],"picked":"Core Surge","floor":16},{"not_picked":["Gash","Redo"],"picked":"Coolheaded","floor":18}],"player_experience":774375,"relics_obtained":[{"floor":9.0,"key":"Oddly Smooth Stone"},{"floor":10,"key":"Bag of Marbles"},{"floor":11,"key":"Letter Opener"},{"floor":13,"key":"Tiny Chest"}],"event_choices":[{"damage_healed":0.0,"max_hp_gain":0.0,"max_hp_loss":0.0,"gold_gain":0.0,"cards_transformed":["Strike_B"],"event_name":"Transmorgrifier","player_choice":"Transformed","floor":2.0,"gold_loss":0.0,"damage_taken":0.0,"cards_obtained":["Chaos"]},{"damage_healed":0.0,"max_hp_gain":0.0,"max_hp_loss":0.0,"gold_gain":150.0,"event_name":"Liars Game","player_choice":"AGREE","floor":5.0,"gold_loss":0.0,"damage_taken":0.0,"cards_obtained":["Doubt"]},{"damage_healed":0,"gold_gain":0,"player_choice":"Smashed Altar","damage_taken":0,"max_hp_gain":0,"max_hp_loss":0,"event_name":"Forgotten Altar","floor":19,"gold_loss":0,"cards_obtained":["Decay"]},{"damage_healed":0,"gold_gain":0,"player_choice":"Fight","damage_taken":0,"max_hp_gain":0,"max_hp_loss":0,"event_name":"Colosseum","floor":20,"gold_loss":0},{"damage_healed":0,"gold_gain":0,"player_choice":"Fled From Nobs","damage_taken":0,"max_hp_gain":0,"max_hp_loss":0,"event_name":"Colosseum","floor":20,"gold_loss":0},{"damage_healed":0,"gold_gain":0,"player_choice":"Opened","damage_taken":0,"relics_obtained":["Strawberry"],"max_hp_gain":0,"max_hp_loss":0,"event_name":"The Mausoleum","floor":22,"gold_loss":0,"cards_obtained":["Writhe"]}],"is_beta":false,"boss_relics":[{"not_picked":["Eternal Feather","Tiny House"],"picked":"Pandora\u0027s Box"}],"items_purged_floors":[8,21],"is_endless":false,"potions_floor_spawned":[3,4,10,13],"killed_by":"Slavers","ascension_level":20}