{"gold_per_floor":[116,131,151,151,168,168,192,192,192,28,28,28,28,59,59,59],"floor_reached":16,"playtime":449,"items_purged":[],"score":196,"play_id":"e5f6a352-b270-47c8-981b-129fba91854b","local_time":"20190419152231","is_ascension_mode":true,"campfire_choices":[{"data":"Bash","floor":6,"key":"SMITH"},{"data":"Flex","floor":8,"key":"SMITH"},{"data":"Dropkick","floor":11,"key":"SMITH"},{"data":"Iron Wave","floor":13,"key":"SMITH"},{"floor":15,"key":"REST"}],"neow_cost":"NONE","seed_source_timestamp":769265059286871,"circlet_count":0,"master_deck":["AscendersBane","Strike_R","Strike_R","Strike_R","Strike_R","Strike_R","Defend_R","Defend_R","Defend_R","Defend_R","Bash+1","Iron Wave+1","Dropkick+1","Flex+1","Flex"],"relics":["Burning Blood","NeowsBlessing","Odd Mushroom","Dead Branch","Vajra","Dodecahedron"],"potions_floor_usage":[7,14,16],"damage_taken":[{"damage":0,"enemies":"Cultist","floor":1,"turns":1},{"damage":0,"enemies":"Jaw Worm","floor":2,"turns":1},{"damage":0,"enemies":"2 Louse","floor":3,"turns":1},{"damage":21,"enemies":"Large Slime","floor":5,"turns":7},{"damage":27,"enemies":"The Mushroom Lair","floor":7,"turns":6},{"damage":20,"enemies":"3 Sentries","floor":14,"turns":7},{"damage":64,"enemies":"The Guardian","floor":16,"turns":8}],"seed_played":"1896640762726614324","potions_obtained":[{"floor":5,"key":"BloodPotion"},{"floor":7,"key":"SneckoOil"},{"floor":14,"key":"BloodPotion"}],"is_trial":false,"path_per_floor":["M","M","M","?","M","R","?","R","T","$","R","$","R","E","R","B"],"character_chosen":"IRONCLAD","items_purchased":["Vajra"],"campfire_rested":1,"item_purchase_floors":[10],"current_hp_per_floor":[74,75,75,75,60,60,46,46,46,46,46,46,46,32,54,0],"gold":59,"neow_bonus":"THREE_ENEMY_KILL","is_prod":false,"is_daily":false,"chose_seed":false,"campfire_upgraded":4,"win_rate":0,"timestamp":1555701751,"path_taken":["M","?","?","?","M","R","?","R","T","$","R","$","R","E","R","BOSS"],"build_version":"2019-01-23","purchased_purges":0,"victory":false,"max_hp_per_floor":[75,75,75,75,75,75,75,75,75,75,75,75,75,75,75,75],"card_choices":[{"not_picked":["Heavy Blade","Clash"],"picked":"Iron Wave","floor":1},{"not_picked":["Hemokinesis","Fire Breathing"],"picked":"Dropkick","floor":2},{"not_picked":["Entrench","Shrug It Off","Seeing Red"],"picked":"SKIP","floor":3},{"not_picked":["Searing Blow","Shrug It Off","Iron Wave"],"picked":"SKIP","floor":5},{"not_picked":["Iron Wave","Power Through"],"picked":"Flex","floor":7},{"not_picked":["Iron Wave","Blood for Blood"],"picked":"Flex","floor":14}],"player_experience":914355,"relics_obtained":[{"floor":7,"key":"Odd Mushroom"},{"floor":9,"key":"Dead Branch"},{"floor":14,"key":"Dodecahedron"}],"event_choices":[{"damage_healed":0,"gold_gain":0,"player_choice":"Ignored","damage_taken":0,"max_hp_gain":0,"max_hp_loss":0,"event_name":"Golden Wing","floor":4,"gold_loss":0},{"damage_healed":0,"gold_gain":0,"player_choice":"Fought Mushrooms","damage_taken":0,"max_hp_gain":0,"max_hp_loss":0,"event_name":"Mushrooms","floor":7,"gold_loss":0}],"is_beta":false,"boss_relics":[],"items_purged_floors":[],"is_endless":false,"potions_floor_spawned":[5,7,14],"killed_by":"The Guardian","ascension_level":20}