{"gold_per_floor":[112,112,112,123,48,48,62,96,96,112,92,17,31,51,51,128,128,142,42,52,52,62,62,80,98,125,138,138,138,164,244,244,244],"floor_reached":33,"playtime":939,"items_purged":["Strike_R","Strike_R"],"score":602,"play_id":"17e854c0-d2d5-4160-93eb-8afaa6a09955","local_time":"20190303212741","is_ascension_mode":true,"campfire_choices":[{"data":"Whirlwind","floor":6,"key":"SMITH"},{"data":"Second Wind","floor":15,"key":"SMITH"},{"data":"Offering","floor":23,"key":"SMITH"},{"data":"Flex","floor":32,"key":"SMITH"}],"neow_cost":"CURSE","seed_source_timestamp":95412663591422,"circlet_count":0,"master_deck":["AscendersBane","Strike_R","Strike_R","Defend_R","Defend_R","Defend_R","Defend_R","Bash","Whirlwind+1","Second Wind+1","Offering+1","Burning Pact","Evolve","Ghostly","Ghostly","Ghostly","Flex+1"],"relics":["Burning Blood","Pocketwatch","Ice Cream","Kunai","Philosopher\u0027s Stone","Thread and Needle","Regal Pillow","Question Card"],"potions_floor_usage":[10,16,33],"damage_taken":[{"damage":18,"enemies":"Jaw Worm","floor":1,"turns":5},{"damage":0,"enemies":"Small Slimes","floor":4,"turns":3},{"damage":1,"enemies":"Cultist","floor":7,"turns":3},{"damage":32,"enemies":"Gremlin Nob","floor":8,"turns":4},{"damage":19,"enemies":"Gremlin Gang","floor":10,"turns":4},{"damage":0,"enemies":"2 Fungi Beasts","floor":13,"turns":2},{"damage":7,"enemies":"Looter","floor":14,"turns":4},{"damage":0,"enemies":"Slime Boss","floor":16,"turns":6},{"damage":16,"enemies":"2 Thieves","floor":18,"turns":2},{"damage":4,"enemies":"Chosen","floor":20,"turns":5},{"damage":31,"enemies":"Shelled Parasite and Fungi","floor":22,"turns":6},{"damage":12,"enemies":"Centurion and Healer","floor":24,"turns":3},{"damage":6,"enemies":"3 Cultists","floor":25,"turns":2},{"damage":16,"enemies":"Snecko","floor":27,"turns":4},{"damage":1,"enemies":"Gremlin Leader","floor":30,"turns":5},{"damage":35,"enemies":"Automaton","floor":33,"turns":8}],"seed_played":"3417457972632484439","potions_obtained":[{"floor":4,"key":"Ancient Potion"},{"floor":7,"key":"Poison Potion"},{"floor":11,"key":"Strength Potion"},{"floor":16,"key":"Swift Potion"},{"floor":27,"key":"Fire Potion"}],"is_trial":false,"path_per_floor":["M","?","?","M","?","R","M","E","T","M","?","$","M","M","R","B",null,"M","$","M","?","M","R","M","M","T","M","?","?","E","T","R","B"],"character_chosen":"IRONCLAD","items_purchased":[],"campfire_rested":0,"item_purchase_floors":[],"current_hp_per_floor":[56,49,54,60,60,60,65,39,39,26,26,26,32,31,31,37,69,59,59,61,61,36,36,30,30,30,20,20,20,25,25,25,0],"gold":244,"neow_bonus":"ONE_RARE_RELIC","is_prod":false,"is_daily":false,"chose_seed":false,"campfire_upgraded":4,"win_rate":0,"timestamp":1551619661,"path_taken":["M","?","?","M","?","R","M","E","T","M","?","$","?","M","R","BOSS","M","$","?","?","M","R","M","?","T","?","?","?","E","?","R","BOSS"],"build_version":"2019-01-23","purchased_purges":2,"victory":false,"max_hp_per_floor":[75,75,80,80,80,80,80,80,80,80,80,80,80,80,80,80,80,80,80,80,80,80,80,80,80,80,80,40,40,40,40,40,40],"card_choices":[{"not_picked":["Havoc","Headbutt"],"picked":"Whirlwind","floor":1},{"not_picked":["Clash","Havoc","Infernal Blade"],"picked":"SKIP","floor":4},{"not_picked":["Wild Strike","Brutality","Clash"],"picked":"SKIP","floor":7},{"not_picked":["Body Slam","Thunderclap","Sword Boomerang"],"picked":"SKIP","floor":8},{"not_picked":["Flame Barrier","Heavy Blade","Armaments"],"picked":"SKIP","floor":10},{"not_picked":["Twin Strike","Perfected Strike","Wild Strike"],"picked":"SKIP","floor":13},{"not_picked":["Dropkick","Iron Wave"],"picked":"Second Wind","floor":14},{"not_picked":["Demon Form","Feed"],"picked":"Offering","floor":16},{"not_picked":["True Grit","Armaments","Thunderclap"],"picked":"SKIP","floor":18},{"not_picked":["Feel No Pain","Headbutt"],"picked":"Burning Pact","floor":20},{"not_picked":["Havoc","Clothesline","Sword Boomerang"],"picked":"SKIP","floor":22},{"not_picked":["Rampage","Rage"],"picked":"Evolve","floor":24},{"not_picked":["Cleave","Dual Wield","Clothesline"],"picked":"SKIP","floor":25},{"not_picked":["Anger","Searing Blow","Berserk"],"picked":"SKIP","floor":27},{"not_picked":["Clash","True Grit"],"picked":"Flex","floor":30}],"player_experience":1089598,"relics_obtained":[{"floor":8,"key":"Ice Cream"},{"floor":9,"key":"Kunai"},{"floor":30,"key":"Regal Pillow"},{"floor":31,"key":"Question Card"}],"event_choices":[{"cards_removed":["Doubt"],"damage_healed":0,"gold_gain":0,"player_choice":"Card Removal","damage_taken":7,"max_hp_gain":0,"max_hp_loss":0,"event_name":"Golden Wing","floor":2,"gold_loss":0},{"damage_healed":0,"gold_gain":0,"player_choice":"Donut","damage_taken":0,"max_hp_gain":5,"max_hp_loss":0,"event_name":"Big Fish","floor":3,"gold_loss":0},{"cards_removed":["Strike_R"],"damage_healed":0,"gold_gain":0,"player_choice":"Card Removal","damage_taken":0,"max_hp_gain":0,"max_hp_loss":0,"event_name":"The Cleric","floor":5,"gold_loss":75},{"damage_healed":0,"gold_gain":0,"player_choice":"Bought 1 Potion","damage_taken":0,"max_hp_gain":0,"max_hp_loss":0,"event_name":"The Woman in Blue","floor":11,"gold_loss":0},{"damage_healed":0,"gold_gain":0,"player_choice":"Gave Potion","damage_taken":0,"relics_obtained":["Thread and Needle"],"max_hp_gain":0,"max_hp_loss":0,"event_name":"WeMeetAgain","floor":21,"gold_loss":0},{"damage_healed":0,"gold_gain":0,"player_choice":"Became a Ghost","damage_taken":0,"max_hp_gain":0,"max_hp_loss":40,"event_name":"Ghosts","floor":28,"gold_loss":0,"cards_obtained":["Ghostly","Ghostly","Ghostly"]},{"damage_healed":0,"gold_gain":0,"player_choice":"Ignored","damage_taken":0,"max_hp_gain":0,"max_hp_loss":0,"event_name":"The Mausoleum","floor":29,"gold_loss":0}],"is_beta":false,"boss_relics":[{"not_picked":["Empty Cage","Runic Dome"],"picked":"Philosopher\u0027s Stone"}],"items_purged_floors":[12,19],"is_endless":false,"potions_floor_spawned":[4,7,16,20,27,30],"killed_by":"Automaton","ascension_level":15}