{"gold_per_floor":[116,41,41,57,0,0,34,51,51,51,51,64,64],"floor_reached":13,"playtime":433,"items_purged":["Strike_B"],"score":83,"play_id":"e0cd77fd-5110-4274-bb96-5597379570a9","local_time":"20180814205924","is_ascension_mode":false,"campfire_choices":[{"data":"Zap","floor":6,"key":"SMITH"},{"data":"Consume","floor":10,"key":"SMITH"}],"neow_cost":"TEN_PERCENT_HP_LOSS","seed_source_timestamp":677735161609435,"circlet_count":0,"master_deck":["Strike_B+1","Strike_B+1","Defend_B","Defend_B","Defend_B","Zap+1","Dualcast","Scrape","Hologram","Steam","Coolheaded","Consume+1","Defragment","Go for the Eyes"],"relics":["Cracked Core","Ornamental Fan","Unceasing Top","Blue Candle"],"potions_floor_usage":[12,13],"damage_taken":[{"damage":0,"enemies":"2 Louse","floor":1,"turns":1},{"damage":6,"enemies":"Jaw Worm","floor":4,"turns":3},{"damage":39,"enemies":"Gremlin Nob","floor":7,"turns":5},{"damage":0,"enemies":"Cultist","floor":8,"turns":3},{"damage":0,"enemies":"Blue Slaver","floor":12,"turns":14},{"damage":10,"enemies":"Lots of Slimes","floor":13,"turns":1}],"seed_played":"-8983480183189788810","potions_obtained":[{"floor":7,"key":"PowerPotion"},{"floor":8,"key":"SkillPotion"}],"is_trial":false,"path_per_floor":["M","$","?","M","?","R","E","M","T","R","?","M"],"character_chosen":"DEFECT","items_purchased":[],"campfire_rested":0,"item_purchase_floors":[],"current_hp_per_floor":[68,68,68,62,62,62,23,23,23,23,9,9,0],"gold":64,"neow_bonus":"TRANSFORM_TWO_CARDS","is_prod":false,"is_daily":false,"chose_seed":false,"campfire_upgraded":2,"win_rate":0,"timestamp":1534251564,"path_taken":["M","$","?","M","?","R","E","M","T","R","?","M","M"],"build_version":"2018-08-09","purchased_purges":1,"victory":false,"max_hp_per_floor":[68,68,68,68,68,68,68,68,68,68,68,68,68],"card_choices":[{"not_picked":["Ball Lightning","Compile Driver"],"picked":"Steam","floor":1},{"not_picked":["Sweeping Beam","Gash"],"picked":"Coolheaded","floor":4},{"not_picked":["Heatsinks","Steam Power"],"picked":"Consume","floor":7},{"not_picked":["Rip and Tear","Loop"],"picked":"Defragment","floor":8},{"not_picked":["Scrape","Compile Driver"],"picked":"Go for the Eyes","floor":12}],"player_experience":336398,"relics_obtained":[{"floor":7,"key":"Unceasing Top"},{"floor":9,"key":"Blue Candle"}],"event_choices":[{"event_name":"The Cleric","player_choice":"Leave","floor":3,"damage_taken":0},{"event_name":"WeMeetAgain","player_choice":"Gold","floor":5,"damage_taken":0},{"event_name":"Shining Light","player_choice":"Entered Light","floor":11,"damage_taken":0}],"is_beta":false,"boss_relics":[],"items_purged_floors":[2],"is_endless":false,"potions_floor_spawned":[7,8],"killed_by":"Lots of Slimes","ascension_level":0}