{"gold_per_floor":[110,121,39,39,39,73,73,114,169,169,169,189,203,60,60,191,191,214,5,5,5,24,24,38,38,119,119,119,119,151,167,167,270,270,288,82,94,94,94,125,125,138,183,183,218,218,244,256,256,256],"floor_reached":50,"playtime":1328,"items_purged":[],"score":603,"play_id":"ab99bde6-2daf-447e-9530-359a753cd5b5","local_time":"20190301154757","is_ascension_mode":false,"campfire_choices":[{"data":"Inflame","floor":7.0,"key":"SMITH"},{"data":"Flex","floor":15.0,"key":"SMITH"},{"floor":23,"key":"REST"},{"floor":29,"key":"REST"},{"floor":32,"key":"REST"},{"floor":41,"key":"REST"},{"data":"Feel No Pain","floor":44,"key":"SMITH"},{"floor":49,"key":"REST"}],"neow_cost":"NONE","seed_source_timestamp":0,"circlet_count":0,"master_deck":["Strike_R+1","Strike_R+1","Strike_R+1","Strike_R+1","Strike_R+1","Defend_R+1","Defend_R+1","Defend_R+1","Defend_R+1","Bash","Pommel Strike","Battle Trance","Inflame+1","Flex+1","Offering","Flex+1","Flex","Exhume","Rage","Sword Boomerang+1","Pummel","Bloodletting+1","Reaper","Pummel+1","Warcry+1","Feel No Pain+1","Pummel+1","Metamorphosis","Heavy Blade+1"],"special_seed":0,"relics":["Burning Blood","NeowsBlessing","Bloody Idol","Potion Belt","Sundial","Omamori","Juzu Bracelet","Spirit Poop","PreservedInsect","Lizard Tail","ClockworkSouvenir","Bottled Tornado","Question Card","Mark of Pain","Medical Kit","The Courier","Centennial Puzzle","Gremlin Horn","Toxic Egg 2"],"potions_floor_usage":[22,30,40,50,50,50],"damage_taken":[{"damage":0.0,"enemies":"Jaw Worm","floor":1.0,"turns":1.0},{"damage":0.0,"enemies":"2 Louse","floor":2.0,"turns":1.0},{"damage":0.0,"enemies":"3 Sentries","floor":6.0,"turns":2.0},{"damage":31.0,"enemies":"Lagavulin","floor":8.0,"turns":7.0},{"damage":6.0,"enemies":"Small Slimes","floor":12.0,"turns":2.0},{"damage":6.0,"enemies":"Gremlin Gang","floor":13.0,"turns":3.0},{"damage":65.0,"enemies":"The Guardian","floor":16.0,"turns":6.0},{"damage":49.0,"enemies":"Shell Parasite","floor":18.0,"turns":5.0},{"damage":12,"enemies":"3 Byrds","floor":22,"turns":6},{"damage":62,"enemies":"Sentry and Sphere","floor":24,"turns":7},{"damage":21,"enemies":"Book of Stabbing","floor":30,"turns":3},{"damage":12,"enemies":"Centurion and Healer","floor":31,"turns":3},{"damage":51,"enemies":"Collector","floor":33,"turns":5},{"damage":24,"enemies":"3 Shapes","floor":35,"turns":2},{"damage":8,"enemies":"Orb Walker","floor":37,"turns":2},{"damage":47,"enemies":"Reptomancer","floor":40,"turns":6},{"damage":5,"enemies":"Jaw Worm Horde","floor":42,"turns":3},{"damage":9,"enemies":"Giant Head","floor":45,"turns":4},{"damage":27,"enemies":"Reptomancer","floor":47,"turns":3},{"damage":20,"enemies":"Sphere and 2 Shapes","floor":48,"turns":2},{"damage":98,"enemies":"Time Eater","floor":50,"turns":6}],"seed_played":"-6203369706161429788","potions_obtained":[{"floor":8.0,"key":"LiquidBronze"},{"floor":13.0,"key":"GamblersBrew"},{"floor":22,"key":"PowerPotion"},{"floor":30,"key":"Weak Potion"},{"floor":31,"key":"Block Potion"},{"floor":37,"key":"Regen Potion"},{"floor":40,"key":"Weak Potion"},{"floor":47,"key":"EssenceOfSteel"}],"is_trial":false,"path_per_floor":["M","M","$","?","?","E","R","E","T","?","?","M","M","$","R","B",null,"M","$","?","$","M","R","M","?","T","?","?","R","E","M","R","B",null,"M","$","M","$","?","E","R","M","T","R","E","?","E","M","R","B"],"character_chosen":"IRONCLAD","items_purchased":["Inflame","PreservedInsect","ClockworkSouvenir","Medical Kit"],"campfire_rested":5,"item_purchase_floors":[3,14,19,36],"current_hp_per_floor":[80,80,80,80,62,68,68,43,43,43,69,69,69,69,69,10,80,37,37,37,37,31,55,46,46,46,46,46,70,60,59,80,40,80,80,80,80,80,80,52,76,80,80,80,80,80,64,55,79,0],"gold":256,"neow_bonus":"THREE_ENEMY_KILL","is_prod":false,"is_daily":false,"chose_seed":false,"campfire_upgraded":3,"win_rate":0,"timestamp":1551473277,"path_taken":["M","M","$","?","?","E","R","E","T","?","?","M","M","$","R","BOSS","M","$","?","$","M","R","M","?","T","?","?","R","E","M","R","BOSS","M","$","M","$","?","E","R","M","T","R","E","?","E","M","R","BOSS"],"build_version":"2019-01-23","purchased_purges":0,"victory":false,"max_hp_per_floor":[80,80,80,80,80,80,80,80,80,80,80,80,80,80,80,80,80,80,80,80,80,80,80,80,80,80,80,80,80,80,80,80,80,80,80,80,80,80,80,80,80,80,80,80,80,80,80,80,80,80],"card_choices":[{"not_picked":["Armaments","Warcry"],"picked":"Pommel Strike","floor":1.0},{"not_picked":["Pommel Strike","Perfected Strike"],"picked":"Battle Trance","floor":2.0},{"not_picked":["Intimidate","Headbutt"],"picked":"Flex","floor":6.0},{"not_picked":["Searing Blow","Cleave"],"picked":"Offering","floor":8.0},{"not_picked":["Sever Soul","Intimidate"],"picked":"Flex","floor":12.0},{"not_picked":["Disarm","Havoc"],"picked":"Flex","floor":13.0},{"not_picked":["Dark Embrace","Berserk"],"picked":"Exhume","floor":16.0},{"not_picked":["Body Slam","Rupture"],"picked":"Rage","floor":18.0},{"not_picked":["Perfected Strike","Disarm+1","Flex"],"picked":"SKIP","floor":22},{"not_picked":["Thunderclap","Evolve+1"],"picked":"Sword Boomerang+1","floor":24},{"not_picked":["Pommel Strike+1","Havoc"],"picked":"Pummel","floor":30},{"not_picked":["Headbutt","Thunderclap","Armaments"],"picked":"Bloodletting+1","floor":31},{"not_picked":["Berserk","Feed","Brutality"],"picked":"Reaper","floor":33},{"not_picked":["Fire Breathing+1","Sword Boomerang","Wild Strike+1"],"picked":"Pummel+1","floor":35},{"not_picked":["Iron Wave+1","Twin Strike","Dual Wield"],"picked":"Warcry+1","floor":37},{"not_picked":["Barricade","Armaments","Warcry","Spot Weakness"],"picked":"SKIP","floor":40},{"not_picked":["Sever Soul+1","Reckless Charge+1","Headbutt"],"picked":"Feel No Pain","floor":42},{"not_picked":["Iron Wave+1","Anger","Clothesline+1"],"picked":"Pummel+1","floor":45},{"not_picked":["Purity","Jack Of All Trades","Finesse"],"picked":"Metamorphosis","floor":46},{"not_picked":["Blood for Blood","Entrench","Armaments"],"picked":"Heavy Blade+1","floor":47},{"not_picked":["Twin Strike","Intimidate+1","Clash","Thunderclap"],"picked":"SKIP","floor":48}],"player_experience":846418,"relics_obtained":[{"floor":6.0,"key":"Sundial"},{"floor":8.0,"key":"Omamori"},{"floor":9.0,"key":"Juzu Bracelet"},{"floor":26,"key":"Bottled Tornado"},{"floor":30,"key":"Question Card"},{"floor":40,"key":"The Courier"},{"floor":43,"key":"Centennial Puzzle"},{"floor":45,"key":"Gremlin Horn"},{"floor":47,"key":"Toxic Egg 2"}],"event_choices":[{"damage_healed":0.0,"max_hp_gain":0.0,"max_hp_loss":0.0,"gold_gain":0.0,"event_name":"Golden Idol","player_choice":"Take Wound","floor":4.0,"gold_loss":0.0,"damage_taken":0.0,"relics_obtained":["Golden Idol"],"cards_obtained":["Injury"]},{"damage_healed":0.0,"max_hp_gain":0.0,"max_hp_loss":0.0,"gold_gain":0.0,"event_name":"Scrap Ooze","player_choice":"Success","floor":5.0,"gold_loss":0.0,"damage_taken":18.0,"relics_obtained":["Potion Belt"]},{"cards_removed":["Injury"],"damage_healed":0.0,"max_hp_gain":0.0,"max_hp_loss":0.0,"gold_gain":0.0,"event_name":"Bonfire Elementals","player_choice":"Offered Curse","floor":10.0,"gold_loss":0.0,"damage_taken":0.0,"relics_obtained":["Spirit Poop"]},{"damage_healed":26.0,"max_hp_gain":0.0,"max_hp_loss":0.0,"gold_gain":0.0,"event_name":"Big Fish","player_choice":"Banana","floor":11.0,"gold_loss":0.0,"damage_taken":0.0},{"damage_healed":0.0,"max_hp_gain":0.0,"max_hp_loss":0.0,"gold_gain":0.0,"event_name":"The Mausoleum","player_choice":"Ignored","floor":20.0,"gold_loss":0.0,"damage_taken":0.0},{"damage_healed":0,"gold_gain":0,"player_choice":"Ignored","damage_taken":0,"max_hp_gain":0,"max_hp_loss":0,"event_name":"Beggar","floor":25,"gold_loss":0},{"damage_healed":0,"gold_gain":0,"player_choice":"Simplicity","damage_taken":0,"max_hp_gain":0,"max_hp_loss":0,"event_name":"Back to Basics","floor":27,"gold_loss":0,"cards_upgraded":["Strike_R","Strike_R","Strike_R","Strike_R","Strike_R","Defend_R","Defend_R","Defend_R","Defend_R"]},{"damage_healed":0,"gold_gain":0,"player_choice":"Gave Idol","damage_taken":0,"relics_obtained":["Bloody Idol"],"max_hp_gain":0,"max_hp_loss":0,"event_name":"Forgotten Altar","floor":28,"relics_lost":["Golden Idol"],"gold_loss":0},{"damage_healed":0,"gold_gain":0,"player_choice":"Upgraded","damage_taken":0,"max_hp_gain":0,"max_hp_loss":0,"event_name":"Upgrade Shrine","floor":39,"gold_loss":0,"cards_upgraded":["Flex"]},{"damage_healed":0,"gold_gain":0,"player_choice":"Memory 1","damage_taken":0,"max_hp_gain":0,"max_hp_loss":0,"event_name":"SensoryStone","floor":46,"gold_loss":0}],"is_beta":false,"boss_relics":[{"not_picked":["Snecko Eye","White Beast Statue"],"picked":"Lizard Tail"},{"not_picked":["Tiny House","Calling Bell"],"picked":"Mark of Pain"}],"items_purged_floors":[],"is_endless":false,"potions_floor_spawned":[8,13,22,30,31,37,40,47],"killed_by":"Time Eater","ascension_level":0}