{"gold_per_floor":[19,36,36,36,49,85,85,50,50,50,50,89,108,108,108,234,234,247,247,271,290,290,290,205,205,230,230,242,297,317,346,346,451,451,467,487,497,217,243,243,243,254,254,271,271,285,285,352,352,352,352,352,7,7],"floor_reached":54,"playtime":9851,"items_purged":[],"score":736,"play_id":"d6b2f2c8-d2fb-4909-9dac-7fdb1b706584","local_time":"20190402211205","is_ascension_mode":false,"campfire_choices":[{"floor":7,"key":"REST"},{"floor":11,"key":"RECALL"},{"floor":15,"key":"REST"},{"floor":23,"key":"REST"},{"data":"Loop","floor":25,"key":"SMITH"},{"floor":32,"key":"REST"},{"floor":41,"key":"REST"},{"floor":45,"key":"DIG"},{"floor":49,"key":"REST"},{"floor":52,"key":"DIG"}],"neow_cost":"NO_GOLD","seed_source_timestamp":5657533470182,"circlet_count":0,"master_deck":["Strike_B","Strike_B","Strike_B","Defend_B","Defend_B","Defend_B","Defend_B","Zap","Dualcast","Ball Lightning","Static Discharge","Beam Cell","Loop+1","Glacier","Static Discharge","Static Discharge","Buffer","Hello World","Hello World","Rebound","Redo","Sunder","Beam Cell","Melter+1","Chill+1","Meteor Strike","Lockon+1","Cold Snap","Chaos+1","Creative AI","Streamline+1","Capacitor","Gash+1","Self Repair","Tempest","Barrage","Blizzard+1","Chill+1","Self Repair","Beam Cell"],"relics":["Cracked Core","Bloody Idol","Pocketwatch","Calipers","Pen Nib","Regal Pillow","Mummified Hand","Orrery","Singing Bowl","Spirit Poop","Tiny Chest","Shovel","Sozu","Gremlin Horn","Bronze Scales","Question Card","Letter Opener","SsserpentHead","Dodecahedron","Pear"],"potions_floor_usage":[33,42,54],"damage_taken":[{"damage":0,"enemies":"Small Slimes","floor":1,"turns":2},{"damage":6,"enemies":"Jaw Worm","floor":2,"turns":2},{"damage":4,"enemies":"2 Louse","floor":5,"turns":3},{"damage":40,"enemies":"Lagavulin","floor":6,"turns":6},{"damage":14,"enemies":"3 Sentries","floor":12,"turns":7},{"damage":13,"enemies":"Exordium Thugs","floor":13,"turns":3},{"damage":25,"enemies":"Slime Boss","floor":16,"turns":7},{"damage":0,"enemies":"Chosen","floor":18,"turns":5},{"damage":13,"enemies":"Shell Parasite","floor":20,"turns":3},{"damage":31,"enemies":"Shelled Parasite and Fungi","floor":21,"turns":4},{"damage":2,"enemies":"3 Cultists","floor":28,"turns":6},{"damage":27,"enemies":"Gremlin Leader","floor":29,"turns":6},{"damage":25,"enemies":"Snake Plant","floor":30,"turns":3},{"damage":24,"enemies":"Book of Stabbing","floor":31,"turns":4},{"damage":56,"enemies":"Collector","floor":33,"turns":7},{"damage":41,"enemies":"3 Shapes","floor":35,"turns":5},{"damage":27,"enemies":"Orb Walker","floor":36,"turns":5},{"damage":11,"enemies":"Jaw Worm Horde","floor":37,"turns":6},{"damage":7,"enemies":"4 Shapes","floor":42,"turns":7},{"damage":3,"enemies":"Transient","floor":44,"turns":5},{"damage":38,"enemies":"Maw","floor":46,"turns":9},{"damage":16,"enemies":"3 Darklings","floor":48,"turns":5},{"damage":86,"enemies":"Time Eater","floor":50,"turns":10},{"damage":119,"enemies":"Shield and Spear","floor":54,"turns":7}],"seed_played":"6611095839752670380","potions_obtained":[{"floor":1,"key":"Weak Potion"},{"floor":12,"key":"SpeedPotion"},{"floor":13,"key":"Regen Potion"},{"floor":16,"key":"Block Potion"},{"floor":20,"key":"Fire Potion"}],"is_trial":false,"path_per_floor":["M","M","?","?","M","E","R","?","T","T","R","E","M","?","R","B",null,"M","?","M","M","?","R","?","R","T","?","M","E","M","E","R","B",null,"M","M","M","$","T","?","R","M","T","M","R","M","?","M","R","B",null,"R","$","E"],"character_chosen":"DEFECT","items_purchased":["Self Repair","Gremlin Horn","Pear","Self Repair","Beam Cell"],"campfire_rested":6,"item_purchase_floors":[38,38,53,53,53],"current_hp_per_floor":[89,83,83,83,79,39,65,87,87,87,87,73,60,60,89,64,89,89,89,76,45,45,86,86,86,89,89,89,72,52,33,74,23,89,53,31,25,25,30,30,71,76,76,85,85,59,59,60,89,10,89,89,99,0],"gold":7,"neow_bonus":"TWENTY_PERCENT_HP_BONUS","is_prod":false,"is_daily":false,"chose_seed":false,"campfire_upgraded":1,"win_rate":0,"timestamp":1554264725,"path_taken":["M","M","?","?","?","E","R","?","T","?","R","E","M","?","R","BOSS","M","?","?","M","?","R","?","R","T","?","M","E","M","E","R","BOSS","M","M","M","$","?","?","R","M","T","?","R","?","?","?","R","BOSS","R","$","E"],"build_version":"2019-01-23","purchased_purges":0,"victory":false,"max_hp_per_floor":[89,89,89,89,89,89,89,89,89,89,89,89,89,89,89,89,89,89,89,89,89,89,89,89,89,89,89,89,89,89,89,89,89,89,89,89,89,89,89,89,89,89,89,89,89,89,89,89,89,89,89,89,99,99],"card_choices":[{"not_picked":["BootSequence","Heatsinks"],"picked":"Ball Lightning","floor":1},{"not_picked":["Turbo","Scrape"],"picked":"Static Discharge","floor":2},{"not_picked":["Gash","Leap"],"picked":"Loop","floor":5},{"not_picked":["Sweeping Beam","Rebound"],"picked":"Glacier","floor":6},{"not_picked":["Ball Lightning","Hyperbeam"],"picked":"Static Discharge","floor":12},{"not_picked":["Gash","Rebound"],"picked":"Static Discharge","floor":13},{"not_picked":["Echo Form","Electrodynamics"],"picked":"Buffer","floor":16},{"not_picked":["Sweeping Beam","Hologram"],"picked":"Hello World","floor":17},{"not_picked":["Conserve Battery","Undo"],"picked":"Hello World","floor":17},{"not_picked":["Leap","Reinforced Body"],"picked":"Rebound","floor":17},{"not_picked":["Beam Cell","Barrage"],"picked":"Redo","floor":17},{"not_picked":["Go for the Eyes","Ball Lightning"],"picked":"Sunder","floor":17},{"not_picked":["Rebound","Coolheaded"],"picked":"Beam Cell","floor":18},{"not_picked":["Stack","Skim"],"picked":"Melter+1","floor":20},{"not_picked":["Sweeping Beam","Gash+1"],"picked":"Chill+1","floor":21},{"not_picked":["Reprogram+1","Turbo"],"picked":"Meteor Strike","floor":28},{"not_picked":["Coolheaded+1","Redo+1"],"picked":"Lockon+1","floor":29},{"not_picked":["Sweeping Beam","Lockon"],"picked":"Cold Snap","floor":30},{"not_picked":["Darkness","Conserve Battery"],"picked":"Chaos+1","floor":31},{"not_picked":["Seek","Echo Form"],"picked":"Creative AI","floor":33},{"not_picked":["Chaos+1","Skim+1"],"picked":"Streamline+1","floor":35},{"not_picked":["Rebound","Hologram+1"],"picked":"Capacitor","floor":36},{"not_picked":["BootSequence","Coolheaded"],"picked":"Gash+1","floor":37},{"not_picked":["Barrage","Rebound"],"picked":"Tempest","floor":42},{"not_picked":["Ball Lightning+1","Cold Snap","Force Field"],"picked":"Barrage","floor":44},{"not_picked":["Steam+1","Hyperbeam","Ball Lightning"],"picked":"Blizzard+1","floor":46},{"not_picked":["Rebound","Recycle+1","Scrape"],"picked":"Chill+1","floor":48}],"player_experience":471122,"relics_obtained":[{"floor":6,"key":"Pocketwatch"},{"floor":9,"key":"Calipers"},{"floor":10,"key":"Pen Nib"},{"floor":12,"key":"Regal Pillow"},{"floor":29,"key":"Tiny Chest"},{"floor":31,"key":"Shovel"},{"floor":39,"key":"Bronze Scales"},{"floor":43,"key":"Question Card"},{"floor":45,"key":"Letter Opener"},{"floor":52,"key":"Dodecahedron"}],"event_choices":[{"damage_healed":0,"gold_gain":0,"player_choice":"Take Wound","damage_taken":0,"relics_obtained":["Golden Idol"],"max_hp_gain":0,"max_hp_loss":0,"event_name":"Golden Idol","floor":3,"gold_loss":0,"cards_obtained":["Injury"]},{"damage_healed":0,"gold_gain":0,"cards_transformed":["Strike_B"],"player_choice":"Change","damage_taken":0,"max_hp_gain":0,"max_hp_loss":0,"event_name":"Living Wall","floor":4,"gold_loss":0,"cards_obtained":["Beam Cell"]},{"damage_healed":22,"gold_gain":0,"player_choice":"Healed","damage_taken":0,"max_hp_gain":0,"max_hp_loss":0,"event_name":"The Cleric","floor":8,"gold_loss":35},{"damage_healed":0,"gold_gain":0,"player_choice":"Gave Potion","damage_taken":0,"relics_obtained":["Mummified Hand"],"max_hp_gain":0,"max_hp_loss":0,"event_name":"WeMeetAgain","floor":14,"gold_loss":0},{"damage_healed":0,"gold_gain":0,"player_choice":"Ignored","damage_taken":0,"max_hp_gain":0,"max_hp_loss":0,"event_name":"NoteForYourself","floor":19,"gold_loss":0},{"damage_healed":0,"gold_gain":0,"player_choice":"Gave Idol","damage_taken":0,"relics_obtained":["Bloody Idol"],"max_hp_gain":0,"max_hp_loss":0,"event_name":"Forgotten Altar","floor":22,"relics_lost":["Golden Idol"],"gold_loss":0},{"damage_healed":0,"gold_gain":0,"player_choice":"Obtained Relic","damage_taken":0,"relics_obtained":["Singing Bowl"],"max_hp_gain":0,"max_hp_loss":0,"event_name":"Addict","floor":24,"gold_loss":85},{"cards_removed":["Injury"],"damage_healed":0,"gold_gain":0,"player_choice":"Offered Curse","damage_taken":0,"relics_obtained":["Spirit Poop"],"max_hp_gain":0,"max_hp_loss":0,"event_name":"Bonfire Elementals","floor":27,"gold_loss":0},{"damage_healed":0,"gold_gain":0,"player_choice":"Ignored","damage_taken":0,"max_hp_gain":0,"max_hp_loss":0,"event_name":"The Moai Head","floor":40,"gold_loss":0},{"damage_healed":0,"gold_gain":0,"player_choice":"Trade","damage_taken":0,"relics_obtained":["SsserpentHead"],"max_hp_gain":0,"max_hp_loss":0,"event_name":"FaceTrader","floor":47,"gold_loss":0}],"is_beta":false,"boss_relics":[{"not_picked":["Black Star","Philosopher\u0027s Stone"],"picked":"Orrery"},{"not_picked":["White Beast Statue","Tiny House"],"picked":"Sozu"}],"items_purged_floors":[],"is_endless":false,"potions_floor_spawned":[1,12,13,16,18,20,29,31,36,37,44,48],"killed_by":"Shield and Spear","ascension_level":0}