{"gold_per_floor":[114,114,39,39,52,76,104,104,104,131,144,169,169,204,204,281,281,293,293,293,293,141,172,172,183,183,183,183,183,283,297,297,374,374,386,396,796,814,864,864,899,899,946,455,474,487,154,164,164,164,164,164,164,27,57,57],"floor_reached":57,"playtime":2428,"items_purged":["Strike_B","Strike_B","Defend_B"],"score":2802,"play_id":"3b76cdee-e9e5-4b18-b8e2-1878d074ee80","local_time":"20190507005821","is_ascension_mode":true,"campfire_choices":[{"data":"Defragment","floor":13.0,"key":"SMITH"},{"data":"Sunder","floor":15.0,"key":"SMITH"},{"data":"Dualcast","floor":24.0,"key":"SMITH"},{"data":"Zap","floor":27.0,"key":"SMITH"},{"data":"Skim","floor":29.0,"key":"SMITH"},{"floor":32.0,"key":"REST"},{"floor":40.0,"key":"RECALL"},{"floor":42.0,"key":"DIG"},{"floor":49.0,"key":"DIG"},{"floor":53.0,"key":"DIG"}],"neow_cost":"NONE","seed_source_timestamp":1040805517574803,"circlet_count":0,"master_deck":["AscendersBane","Defend_B","Defend_B","Defend_B","Zap+1","Dualcast+1","Skim+1","Ball Lightning","Electrodynamics","Genetic Algorithm+1","Defragment+1","Sunder+1","Meteor Strike","Coolheaded+1","Glacier+1","Coolheaded+1","Cold Snap+1","Auto Shields+1","Skim+1","Fusion+1","Core Surge","Compile Driver","Redo+1","Turbo+1","All For One","Undo+1","Reboot+1","Turbo+1","Stack+1","Coolheaded+1","Echo Form","Hologram+1","Darkness+1","Capacitor","Aggregate+1","Consume+1","Stack+1"],"special_seed":0,"relics":["Cracked Core","NeowsBlessing","Art of War","Letter Opener","Symbiotic Virus","Toxic Egg 2","Pantograph","Potion Belt","Nuclear Battery","Ginger","Question Card","Prayer Wheel","Ice Cream","Ornamental Fan","Eternal Feather","Old Coin","Shovel","Incense Burner","Omamori","Unceasing Top","Centennial Puzzle","Bottled Flame","Shuriken","Orichalcum"],"potions_floor_usage":[56,56,56],"damage_taken":[{"damage":0.0,"enemies":"Cultist","floor":1.0,"turns":1.0},{"damage":0.0,"enemies":"2 Louse","floor":5.0,"turns":1.0},{"damage":0.0,"enemies":"Lagavulin","floor":7.0,"turns":1.0},{"damage":8.0,"enemies":"Gremlin Nob","floor":10.0,"turns":3.0},{"damage":0.0,"enemies":"Small Slimes","floor":11.0,"turns":2.0},{"damage":17.0,"enemies":"Lagavulin","floor":12.0,"turns":5.0},{"damage":10.0,"enemies":"Gremlin Nob","floor":14.0,"turns":3.0},{"damage":33.0,"enemies":"Slime Boss","floor":16.0,"turns":5.0},{"damage":0.0,"enemies":"Chosen","floor":18.0,"turns":3.0},{"damage":0.0,"enemies":"Shell Parasite","floor":21.0,"turns":1.0},{"damage":31.0,"enemies":"Book of Stabbing","floor":23.0,"turns":6.0},{"damage":0.0,"enemies":"Centurion and Healer","floor":25.0,"turns":3.0},{"damage":1.0,"enemies":"Colosseum Slavers","floor":30.0,"turns":2.0},{"damage":21.0,"enemies":"Colosseum Nobs","floor":30.0,"turns":6.0},{"damage":0.0,"enemies":"Chosen and Byrds","floor":31.0,"turns":3.0},{"damage":22.0,"enemies":"Collector","floor":33.0,"turns":9.0},{"damage":1.0,"enemies":"3 Shapes","floor":35.0,"turns":3.0},{"damage":0.0,"enemies":"Orb Walker","floor":36.0,"turns":2.0},{"damage":0.0,"enemies":"Mind Bloom Boss Battle","floor":37.0,"turns":4.0},{"damage":0.0,"enemies":"3 Darklings","floor":38.0,"turns":2.0},{"damage":0.0,"enemies":"Giant Head","floor":41.0,"turns":7.0},{"damage":0.0,"enemies":"Maw","floor":45.0,"turns":6.0},{"damage":0.0,"enemies":"Writhing Mass","floor":46.0,"turns":6.0},{"damage":0.0,"enemies":"3 Darklings","floor":48.0,"turns":3.0},{"damage":2.0,"enemies":"Awakened One","floor":50.0,"turns":9.0},{"damage":15.0,"enemies":"Donu and Deca","floor":51.0,"turns":7.0},{"damage":28.0,"enemies":"Shield and Spear","floor":55.0,"turns":4.0},{"damage":60,"enemies":"The Heart","floor":56,"turns":11}],"seed_played":"-1496217841359843237","potions_obtained":[{"floor":1.0,"key":"Fire Potion"},{"floor":12.0,"key":"SmokeBomb"},{"floor":14.0,"key":"GamblersBrew"},{"floor":16.0,"key":"SkillPotion"},{"floor":23.0,"key":"Block Potion"},{"floor":31.0,"key":"EssenceOfSteel"},{"floor":35.0,"key":"Explosive Potion"},{"floor":36.0,"key":"Swift Potion"},{"floor":38.0,"key":"SkillPotion"}],"is_trial":false,"path_per_floor":["M","?","?","?","M","T","E","T","T","E","M","E","R","E","R","B",null,"M","?","?","M","$","E","R","M","T","R","T","R","?","M","R","B",null,"M","M","?","M","?","R","E","R","T","$","M","M","$","M","R","B","B",null,"R","$","E","B",null],"character_chosen":"DEFECT","items_purchased":["Glacier+1","Coolheaded+1","Unceasing Top","Darkness+1","Centennial Puzzle","Consume+1","SkillPotion"],"campfire_rested":1,"item_purchase_floors":[22,44,44,47,47,54,54],"current_hp_per_floor":[64,57,57,47,47,47,47,47,47,39,39,22,22,12,12,4,54,54,54,54,54,54,23,23,23,23,23,23,23,1,1,22,25,60,59,59,71,71,71,71,71,71,71,71,71,71,71,71,71,69,56,67,71,71,43,8],"gold":57,"neow_bonus":"THREE_ENEMY_KILL","is_prod":false,"is_daily":false,"chose_seed":false,"campfire_upgraded":5,"win_rate":0,"timestamp":1557161901,"path_taken":["M","?","?","?","?","?","E","?","T","E","M","E","R","E","R","BOSS","M","?","?","M","$","E","R","M","T","R","?","R","?","M","R","BOSS","M","M","?","M","?","R","E","R","T","$","M","M","$","M","R","BOSS","BOSS","R","$","E","BOSS"],"build_version":"2019-01-23","purchased_purges":3,"victory":true,"max_hp_per_floor":[71,71,71,71,71,71,71,71,71,71,71,71,71,71,71,71,71,71,71,71,71,71,71,71,71,71,71,71,71,71,71,71,71,71,71,71,71,71,71,71,71,71,71,71,71,71,71,71,71,71,71,71,71,71,71,71],"card_choices":[{"not_picked":["Rebound","Hologram"],"picked":"Skim","floor":1.0},{"not_picked":["Hologram","Leap"],"picked":"Ball Lightning","floor":5.0},{"not_picked":["Leap","Ball Lightning"],"picked":"Electrodynamics","floor":7.0},{"not_picked":["Go for the Eyes","Streamline"],"picked":"Genetic Algorithm","floor":10.0},{"not_picked":["Cold Snap","Barrage"],"picked":"Defragment","floor":11.0},{"not_picked":["Chill+1","Static Discharge"],"picked":"Sunder","floor":12.0},{"not_picked":["Rebound","Auto Shields+1","Steam Power+1"],"picked":"SKIP","floor":14.0},{"not_picked":["Buffer","Electrodynamics"],"picked":"Meteor Strike","floor":16.0},{"not_picked":["Lockon","Reinforced Body+1"],"picked":"Coolheaded+1","floor":18.0},{"not_picked":["Streamline","Sunder"],"picked":"Coolheaded+1","floor":23.0},{"not_picked":["Beam Cell+1","Barrage"],"picked":"Cold Snap+1","floor":25.0},{"not_picked":["Machine Learning","Melter","Blizzard"],"picked":"Auto Shields+1","floor":30.0},{"not_picked":["Go for the Eyes+1","Compile Driver","Reprogram+1"],"picked":"Skim+1","floor":31.0},{"not_picked":["Defragment","Glacier+1","Aggregate+1"],"picked":"Fusion+1","floor":31.0},{"not_picked":["Thunder Strike","Buffer","Rainbow+1"],"picked":"Core Surge","floor":33.0},{"not_picked":["Stack+1","Ball Lightning","Sweeping Beam"],"picked":"Compile Driver","floor":35.0},{"not_picked":["Ball Lightning","Storm+1","Rebound"],"picked":"Redo+1","floor":35.0},{"not_picked":["Barrage","Sweeping Beam","Rebound"],"picked":"Turbo+1","floor":36.0},{"not_picked":["Coolheaded+1","Stack+1","Redo+1"],"picked":"All For One","floor":36.0},{"not_picked":["Steam Power+1","Hologram+1","Skim+1"],"picked":"Undo+1","floor":37.0},{"not_picked":["Loop","Reprogram+1","Barrage"],"picked":"Reboot+1","floor":38.0},{"not_picked":["Leap+1","Streamline","Lockon"],"picked":"Turbo+1","floor":38.0},{"not_picked":["Rip and Tear","Beam Cell","Gash"],"picked":"Stack+1","floor":41.0},{"not_picked":["Streamline","Sweeping Beam","Coolheaded+1"],"picked":"Echo Form","floor":45.0},{"not_picked":["Ball Lightning","Gash","Turbo+1","Cold Snap"],"picked":"SKIP","floor":45.0},{"not_picked":["Ball Lightning","Gash","Turbo+1","Cold Snap"],"picked":"SKIP","floor":45.0},{"not_picked":["Rebound+1","Steam+1","Coolheaded+1"],"picked":"Hologram+1","floor":46.0},{"not_picked":["Gash","Steam+1","Chill+1","Barrage"],"picked":"SKIP","floor":46.0},{"not_picked":["Beam Cell","Conserve Battery+1","Ball Lightning"],"picked":"Capacitor","floor":48.0},{"not_picked":["Cold Snap+1","Reboot+1","Turbo+1"],"picked":"Aggregate+1","floor":48.0},{"not_picked":["Cold Snap","Rebound","Steam+1"],"picked":"Stack+1","floor":55.0}],"player_experience":1574036,"relics_obtained":[{"floor":6.0,"key":"Art of War"},{"floor":7.0,"key":"Letter Opener"},{"floor":8.0,"key":"Symbiotic Virus"},{"floor":10.0,"key":"Toxic Egg 2"},{"floor":12.0,"key":"Pantograph"},{"floor":14.0,"key":"Potion Belt"},{"floor":23.0,"key":"Ginger"},{"floor":26.0,"key":"Question Card"},{"floor":28.0,"key":"Prayer Wheel"},{"floor":30.0,"key":"Ice Cream"},{"floor":30.0,"key":"Ornamental Fan"},{"floor":37.0,"key":"Old Coin"},{"floor":41.0,"key":"Shovel"},{"floor":42.0,"key":"Incense Burner"},{"floor":43.0,"key":"Omamori"},{"floor":49.0,"key":"Bottled Flame"},{"floor":53.0,"key":"Shuriken"},{"floor":55.0,"key":"Orichalcum"}],"event_choices":[{"cards_removed":["Strike_B"],"damage_healed":0.0,"max_hp_gain":0.0,"max_hp_loss":0.0,"gold_gain":0.0,"event_name":"Golden Wing","player_choice":"Card Removal","floor":2.0,"gold_loss":0.0,"damage_taken":7.0},{"cards_removed":["Strike_B"],"damage_healed":0.0,"max_hp_gain":0.0,"max_hp_loss":0.0,"gold_gain":0.0,"event_name":"The Cleric","player_choice":"Card Removal","floor":3.0,"gold_loss":75.0,"damage_taken":0.0},{"damage_healed":0.0,"max_hp_gain":0.0,"max_hp_loss":0.0,"gold_gain":0.0,"event_name":"Wheel of Change","player_choice":"Damaged","floor":4.0,"gold_loss":0.0,"damage_taken":10.0},{"damage_healed":0.0,"max_hp_gain":0.0,"max_hp_loss":0.0,"gold_gain":0.0,"event_name":"Ghosts","player_choice":"Ignored","floor":19.0,"gold_loss":0.0,"damage_taken":0.0},{"damage_healed":0.0,"max_hp_gain":0.0,"max_hp_loss":0.0,"gold_gain":0.0,"event_name":"The Mausoleum","player_choice":"Ignored","floor":20.0,"gold_loss":0.0,"damage_taken":0.0},{"damage_healed":0.0,"max_hp_gain":0.0,"max_hp_loss":0.0,"gold_gain":0.0,"event_name":"Colosseum","player_choice":"Fight","floor":30.0,"gold_loss":0.0,"damage_taken":0.0},{"damage_healed":0.0,"max_hp_gain":0.0,"max_hp_loss":0.0,"gold_gain":0.0,"event_name":"Colosseum","player_choice":"Fought Nobs","floor":30.0,"gold_loss":0.0,"damage_taken":0.0},{"damage_healed":0.0,"max_hp_gain":0.0,"max_hp_loss":0.0,"gold_gain":0.0,"event_name":"MindBloom","player_choice":"Fight","floor":37.0,"gold_loss":0.0,"damage_taken":0.0},{"damage_healed":0.0,"max_hp_gain":0.0,"max_hp_loss":0.0,"gold_gain":50.0,"event_name":"Golden Shrine","player_choice":"Pray","floor":39.0,"gold_loss":0.0,"damage_taken":0.0}],"is_beta":false,"boss_relics":[{"not_picked":["Runic Dome","Calling Bell"],"picked":"Nuclear Battery"},{"not_picked":["Cursed Key","Velvet Choker"],"picked":"Eternal Feather"}],"items_purged_floors":[22,44,47],"is_endless":false,"potions_floor_spawned":[1,12,14,16,23,30,31,35,36,38],"ascension_level":20}