{"gold_per_floor":[113,126,138,148,160,192,252,252,321,321,341,357,357,368,368,473,473,484,283,208,218,237,265,280,280,280,291,305,323,351,368,368,464,464,481,481,481,499,511,511,521,521,521,533,533,548,41,57,57,57],"floor_reached":51,"playtime":4342,"items_purged":["Strike_G"],"score":701,"play_id":"7b90a839-d2fe-482d-b6a5-5851d378c000","local_time":"20190423015751","is_ascension_mode":false,"campfire_choices":[{"floor":8,"key":"REST"},{"floor":15,"key":"REST"},{"floor":25,"key":"REST"},{"floor":32,"key":"REST"},{"floor":40,"key":"RECALL"},{"floor":42,"key":"REST"},{"floor":49,"key":"REST"}],"neow_cost":"NONE","seed_source_timestamp":1049690950323000,"circlet_count":0,"master_deck":["Defend_G","Defend_G","Defend_G","Defend_G","Defend_G","Strike_G","Strike_G","Survivor","Neutralize+1","Footwork+1","Deadly Poison","PiercingWail","Dodge and Roll","Dodge and Roll","Cloak And Dagger","Quick Slash","Leg Sweep","Noxious Fumes","Burst","Dodge and Roll+1","Footwork+1","Dash+1","Caltrops+1","Sucker Punch","Sucker Punch+1","Blur","Deadly Poison","Escape Plan","Crippling Poison","Blur+1","Dodge and Roll+1","Malaise","Escape Plan+1"],"relics":["Fusion Hammer","Whetstone","StoneCalendar","Dodecahedron","Black Star","DollysMirror","Dream Catcher","Singing Bowl","Ninja Scroll","FossilizedHelix","PreservedInsect","Lizard Tail","Bottled Flame","OrangePellets","Anchor"],"potions_floor_usage":[3,6,6,23,24,24,30,50,50],"damage_taken":[{"damage":0,"enemies":"Jaw Worm","floor":1,"turns":4},{"damage":1,"enemies":"2 Louse","floor":2,"turns":3},{"damage":0,"enemies":"Cultist","floor":3,"turns":4},{"damage":0,"enemies":"Large Slime","floor":4,"turns":9},{"damage":0,"enemies":"Exordium Wildlife","floor":5,"turns":6},{"damage":26,"enemies":"Gremlin Nob","floor":6,"turns":7},{"damage":0,"enemies":"3 Sentries","floor":7,"turns":7},{"damage":0,"enemies":"Looter","floor":11,"turns":4},{"damage":1,"enemies":"Red Slaver","floor":12,"turns":3},{"damage":0,"enemies":"Lots of Slimes","floor":14,"turns":4},{"damage":10,"enemies":"The Guardian","floor":16,"turns":9},{"damage":0,"enemies":"Spheric Guardian","floor":18,"turns":6},{"damage":0,"enemies":"2 Thieves","floor":20,"turns":5},{"damage":0,"enemies":"Cultist and Chosen","floor":21,"turns":8},{"damage":0,"enemies":"Snecko","floor":22,"turns":7},{"damage":15,"enemies":"Slavers","floor":23,"turns":6},{"damage":10,"enemies":"Sentry and Sphere","floor":24,"turns":7},{"damage":9,"enemies":"3 Cultists","floor":27,"turns":6},{"damage":13,"enemies":"Cultist and Chosen","floor":28,"turns":7},{"damage":0,"enemies":"Chosen and Byrds","floor":29,"turns":7},{"damage":14,"enemies":"Book of Stabbing","floor":30,"turns":6},{"damage":0,"enemies":"Shelled Parasite and Fungi","floor":31,"turns":7},{"damage":15,"enemies":"Collector","floor":33,"turns":9},{"damage":0,"enemies":"3 Shapes","floor":35,"turns":6},{"damage":0,"enemies":"Orb Walker","floor":38,"turns":5},{"damage":0,"enemies":"4 Shapes","floor":39,"turns":7},{"damage":0,"enemies":"Jaw Worm Horde","floor":41,"turns":7},{"damage":0,"enemies":"Spire Growth","floor":44,"turns":7},{"damage":6,"enemies":"Maw","floor":46,"turns":9},{"damage":15,"enemies":"Transient","floor":48,"turns":5},{"damage":8,"enemies":"Awakened One","floor":50,"turns":23}],"seed_played":"-217320280524536131","potions_obtained":[{"floor":1,"key":"Swift Potion"},{"floor":4,"key":"Block Potion"},{"floor":5,"key":"Weak Potion"},{"floor":16,"key":"Swift Potion"},{"floor":18,"key":"LiquidBronze"},{"floor":22,"key":"Regen Potion"},{"floor":23,"key":"AttackPotion"},{"floor":29,"key":"Weak Potion"},{"floor":30,"key":"Swift Potion"},{"floor":33,"key":"Dexterity Potion"},{"floor":41,"key":"EssenceOfSteel"}],"is_trial":false,"path_per_floor":["M","M","M","M","M","E","?","R","T","?","M","M","?","M","R","B",null,"M","$","M","M","M","E","M","R","T","M","M","M","E","M","R","B",null,"M","?","?","M","M","R","M","R","T","M","?","M","$","M","R","B",null],"character_chosen":"THE_SILENT","items_purchased":["DollysMirror","OrangePellets","Anchor","LiquidBronze"],"campfire_rested":6,"item_purchase_floors":[19,47,47,47],"current_hp_per_floor":[70,69,69,69,69,43,43,64,64,64,64,63,63,63,70,60,70,70,70,70,70,70,55,45,66,66,59,46,46,32,34,56,41,74,76,76,76,78,80,80,82,84,84,86,86,82,82,69,90,82],"gold":57,"neow_bonus":"BOSS_RELIC","is_prod":false,"is_daily":false,"chose_seed":false,"campfire_upgraded":0,"win_rate":0,"timestamp":1555999071,"path_taken":["M","M","M","M","M","E","?","R","T","?","M","M","?","M","R","BOSS","M","$","M","M","M","E","M","R","T","M","?","M","E","M","R","BOSS","M","?","?","M","M","R","M","R","T","M","?","M","$","?","R","BOSS"],"build_version":"2019-01-23","purchased_purges":1,"victory":true,"max_hp_per_floor":[70,70,70,70,70,70,70,70,70,70,70,70,70,70,70,70,70,70,70,70,70,70,70,70,70,70,72,72,72,72,74,74,74,74,76,76,76,78,80,80,82,84,84,86,86,88,88,90,90,90],"card_choices":[{"not_picked":["Tactician","Acrobatics"],"picked":"Footwork","floor":1},{"not_picked":["Calculated Gamble","Dagger Spray"],"picked":"Deadly Poison","floor":2},{"not_picked":["Dagger Throw","Dagger Spray"],"picked":"PiercingWail","floor":3},{"not_picked":["Outmaneuver","Dagger Throw"],"picked":"Dodge and Roll","floor":4},{"not_picked":["Dagger Throw","Heel Hook"],"picked":"Dodge and Roll","floor":5},{"not_picked":["Deflect","Blade Dance"],"picked":"Cloak And Dagger","floor":6},{"not_picked":["Calculated Gamble","Blade Dance"],"picked":"Quick Slash","floor":7},{"not_picked":["Catalyst","Underhanded Strike"],"picked":"Leg Sweep","floor":11},{"not_picked":["Slice","Phantasmal Killer"],"picked":"Noxious Fumes","floor":12},{"not_picked":["Underhanded Strike","Catalyst","Blade Dance"],"picked":"SKIP","floor":14},{"not_picked":["Corpse Explosion","Bullet Time"],"picked":"Burst","floor":16},{"not_picked":["Outmaneuver","Prepared+1"],"picked":"Dodge and Roll+1","floor":18},{"not_picked":["Leg Sweep+1","Flying Knee"],"picked":"Dash+1","floor":20},{"not_picked":["Underhanded Strike","Dash"],"picked":"Caltrops+1","floor":21},{"not_picked":["PiercingWail","Dodge and Roll"],"picked":"Sucker Punch","floor":22},{"not_picked":["Deflect+1","PiercingWail+1"],"picked":"Sucker Punch+1","floor":23},{"not_picked":["Catalyst","Finisher"],"picked":"Blur","floor":24},{"not_picked":["Reflex","Adrenaline"],"picked":"Deadly Poison","floor":25},{"not_picked":["Underhanded Strike+1","Calculated Gamble","Dagger Spray"],"picked":"Singing Bowl","floor":27},{"not_picked":["Outmaneuver+1","Poisoned Stab"],"picked":"Escape Plan","floor":28},{"not_picked":["Grand Finale","Deflect"],"picked":"Crippling Poison","floor":29},{"not_picked":["Outmaneuver","Choke"],"picked":"Blur+1","floor":30},{"not_picked":["Bane","Finisher","Outmaneuver"],"picked":"Singing Bowl","floor":31},{"not_picked":["Blade Dance","Slice"],"picked":"Dodge and Roll+1","floor":32},{"not_picked":["A Thousand Cuts","Night Terror"],"picked":"Malaise","floor":33},{"not_picked":["Sucker Punch","Poisoned Stab+1","Crippling Poison"],"picked":"Singing Bowl","floor":35},{"not_picked":["Dagger Spray","Quick Slash","Deflect"],"picked":"Singing Bowl","floor":38},{"not_picked":["Outmaneuver","Quick Slash","Terror+1"],"picked":"Singing Bowl","floor":39},{"not_picked":["Blade Dance","PiercingWail","Finisher+1"],"picked":"Singing Bowl","floor":41},{"not_picked":["Underhanded Strike+1","Acrobatics","PiercingWail"],"picked":"Singing Bowl","floor":42},{"not_picked":["Dodge and Roll","Infinite Blades+1","Deadly Poison"],"picked":"Singing Bowl","floor":44},{"not_picked":["Flying Knee+1","Dagger Throw","Outmaneuver"],"picked":"Singing Bowl","floor":46},{"not_picked":["Blade Dance","Setup+1","Dagger Spray"],"picked":"Singing Bowl","floor":48},{"not_picked":["Prepared","Poisoned Stab"],"picked":"Escape Plan+1","floor":49}],"player_experience":358987,"relics_obtained":[{"floor":6,"key":"Whetstone"},{"floor":9,"key":"Dodecahedron"},{"floor":23,"key":"Dream Catcher"},{"floor":23,"key":"Singing Bowl"},{"floor":26,"key":"Ninja Scroll"},{"floor":30,"key":"FossilizedHelix"},{"floor":30,"key":"PreservedInsect"},{"floor":43,"key":"Bottled Flame"}],"event_choices":[{"damage_healed":0,"gold_gain":0,"player_choice":"Searched \u00272\u0027 times","damage_taken":0,"relics_obtained":["StoneCalendar"],"max_hp_gain":0,"max_hp_loss":0,"event_name":"Dead Adventurer","floor":7,"gold_loss":0},{"damage_healed":0,"gold_gain":0,"player_choice":"Grow","damage_taken":0,"max_hp_gain":0,"max_hp_loss":0,"event_name":"Living Wall","floor":10,"gold_loss":0,"cards_upgraded":["Footwork"]},{"cards_removed":["Strike_G"],"damage_healed":0,"gold_gain":0,"player_choice":"Offered Basic","damage_taken":0,"max_hp_gain":0,"max_hp_loss":0,"event_name":"Bonfire Elementals","floor":13,"gold_loss":0},{"damage_healed":0,"gold_gain":0,"player_choice":"Ignored","damage_taken":0,"max_hp_gain":0,"max_hp_loss":0,"event_name":"Tomb of Lord Red Mask","floor":36,"gold_loss":0},{"cards_removed":["Strike_G"],"damage_healed":0,"gold_gain":0,"player_choice":"Removed Attack","damage_taken":0,"max_hp_gain":0,"max_hp_loss":0,"event_name":"Falling","floor":37,"gold_loss":0},{"damage_healed":0,"gold_gain":0,"player_choice":"Ignored","damage_taken":0,"max_hp_gain":0,"max_hp_loss":0,"event_name":"SecretPortal","floor":45,"gold_loss":0}],"is_beta":false,"boss_relics":[{"not_picked":["Eternal Feather","HoveringKite"],"picked":"Black Star"},{"not_picked":["Velvet Choker","White Beast Statue"],"picked":"Lizard Tail"}],"items_purged_floors":[47],"is_endless":false,"potions_floor_spawned":[1,4,5,16,18,22,23,29,30,33,38,39,41,44],"ascension_level":0}