{"gold_per_floor":[112,112,212,22,36,36,69,69,95,127,139,151,176,206,218,335,347,371,383,405,444,456],"floor_reached":22,"playtime":1046,"items_purged":[],"score":252,"play_id":"eda06131-55f0-49fc-be4a-a04e1ed6d4ea","local_time":"20180806014806","is_ascension_mode":true,"campfire_choices":[{"data":"Zap","floor":6.0,"key":"SMITH"},{"data":"Creative AI","floor":8.0,"key":"SMITH"},{"data":"Blizzard","floor":12.0,"key":"SMITH"},{"data":"Tempest","floor":15.0,"key":"SMITH"}],"neow_cost":"TEN_PERCENT_HP_LOSS","seed_source_timestamp":0,"circlet_count":0,"master_deck":["Strike_B","Strike_B","Strike_B","Strike_B","Defend_B","Defend_B","Defend_B","Defend_B","Zap+1","Dualcast","Seek+1","Glacier+1","Loop","Creative AI+1","Blizzard+1","Tempest+1","Echo Form","Turbo","Doubt","Turbo"],"special_seed":0,"relics":["Cracked Core","DataDisk","Bag of Marbles","War Paint","MawBank","Cursed Key","Ornamental Fan"],"potions_floor_usage":[],"damage_taken":[{"damage":1.0,"enemies":"2 Louse","floor":1.0,"turns":2.0},{"damage":0.0,"enemies":"Cultist","floor":5.0,"turns":4.0},{"damage":7.0,"enemies":"Lagavulin","floor":7.0,"turns":8.0},{"damage":0.0,"enemies":"3 Sentries","floor":10.0,"turns":8.0},{"damage":0.0,"enemies":"Small Slimes","floor":13.0,"turns":2.0},{"damage":6.0,"enemies":"Looter","floor":14.0,"turns":4.0},{"damage":11.0,"enemies":"Slime Boss","floor":16.0,"turns":9.0},{"damage":27.0,"enemies":"2 Thieves","floor":18.0,"turns":3.0},{"damage":31.0,"enemies":"3 Byrds","floor":20.0,"turns":4.0},{"damage":17.0,"enemies":"Snecko","floor":21.0,"turns":5.0},{"damage":10,"enemies":"Snake Plant","floor":22,"turns":2}],"seed_played":"4470313924551852584","potions_obtained":[{"floor":5.0,"key":"Dexterity Potion"},{"floor":7.0,"key":"Weak Potion"},{"floor":10.0,"key":"Block Potion"},{"floor":11.0,"key":"Regen Potion"},{"floor":11.0,"key":"Ancient Potion"},{"floor":16.0,"key":"GamblersBrew"},{"floor":18.0,"key":"EssenceOfSteel"},{"floor":21,"key":"PowerPotion"}],"is_trial":false,"path_per_floor":["M","?","?","$","M","R","E","R","T","E","?","R","M","M","R","B",null,"M","T","M","M"],"character_chosen":"DEFECT","items_purchased":["DataDisk","Loop"],"campfire_rested":0,"item_purchase_floors":[4,4],"current_hp_per_floor":[67,72,72,72,72,72,65,65,65,65,65,65,65,59,59,48,73,51,51,20,3,0],"gold":456,"neow_bonus":"THREE_RARE_CARDS","is_prod":false,"is_daily":false,"chose_seed":false,"campfire_upgraded":4,"win_rate":0,"timestamp":1533512886,"path_taken":["M","?","?","$","M","R","E","R","T","E","?","R","M","M","R","BOSS","M","?","?","M","M"],"build_version":"2018-08-02","purchased_purges":0,"victory":false,"max_hp_per_floor":[68,73,73,73,73,73,73,73,73,73,73,73,73,73,73,73,73,73,73,73,73,73],"card_choices":[{"not_picked":["Machine Learning","Creative AI"],"picked":"Seek","floor":0.0},{"not_picked":["Ball Lightning","Chill"],"picked":"Glacier","floor":1.0},{"not_picked":["Genetic Algorithm","Rip and Tear","Streamline"],"picked":"SKIP","floor":5.0},{"not_picked":["Ball Lightning","Hologram"],"picked":"Creative AI","floor":7.0},{"not_picked":["Gash","Turbo"],"picked":"Blizzard","floor":10.0},{"not_picked":["Gash","Fusion"],"picked":"Tempest","floor":13.0},{"not_picked":["Rebound","Barrage","Blizzard"],"picked":"SKIP","floor":14.0},{"not_picked":["Machine Learning","Thunder Strike"],"picked":"Echo Form","floor":16.0},{"not_picked":["Aggregate","Leap"],"picked":"Turbo","floor":18.0},{"not_picked":["Redo","Sweeping Beam"],"picked":"Turbo","floor":20.0},{"not_picked":["Rebound","Streamline+1","Compile Driver"],"picked":"SKIP","floor":21}],"player_experience":359645,"relics_obtained":[{"floor":7.0,"key":"Bag of Marbles"},{"floor":9.0,"key":"War Paint"},{"floor":10.0,"key":"MawBank"},{"floor":19.0,"key":"Ornamental Fan"}],"event_choices":[{"event_name":"Big Fish","player_choice":"Donut","floor":2.0,"damage_taken":0.0},{"event_name":"Wheel of Change","player_choice":"Gold","floor":3.0,"damage_taken":0.0},{"event_name":"The Lab","player_choice":"Got Potions","floor":11.0,"damage_taken":0.0}],"is_beta":false,"boss_relics":[{"not_picked":["Coffee Dripper","Orrery"],"picked":"Cursed Key"}],"items_purged_floors":[],"is_endless":false,"potions_floor_spawned":[5,7,10,13,16,18,21],"killed_by":"Snake Plant","ascension_level":3}