{"gold_per_floor":[110,37,37,52,65,65,75,75,75,75,110,110,110,130,130,204,204,204,204,204,204,204,204,204,204,204,204,204,204,204],"floor_reached":30,"playtime":614,"items_purged":[],"score":381,"play_id":"f4ddf529-bb5f-42ed-b1ff-f82cc1885032","local_time":"20180923180315","is_ascension_mode":true,"campfire_choices":[{"data":"Cold Snap","floor":6.0,"key":"SMITH"},{"data":"Beam Cell","floor":8.0,"key":"SMITH"},{"data":"Streamline","floor":10.0,"key":"SMITH"},{"data":"Zap","floor":13.0,"key":"SMITH"},{"data":"Chaos","floor":15.0,"key":"SMITH"},{"data":"Thunder Strike","floor":23.0,"key":"SMITH"},{"data":"Self Repair","floor":25.0,"key":"SMITH"}],"neow_cost":"","seed_source_timestamp":0,"circlet_count":0,"master_deck":["Strike_B","Strike_B","Strike_B","Strike_B","Defend_B","Defend_B","Defend_B","Zap+1","Dualcast","AscendersBane","Self Repair","Self Repair+1","Streamline+1","Cold Snap+1","Beam Cell+1","Biased Cognition","Chaos+1","Thunder Strike+1","Ball Lightning+1"],"special_seed":0,"relics":["Cracked Core","Shuriken","Bottled Lightning","Ectoplasm","NlothsMask","Meat on the Bone"],"potions_floor_usage":[30],"damage_taken":[{"damage":7.0,"enemies":"Jaw Worm","floor":1.0,"turns":3.0},{"damage":6.0,"enemies":"Cultist","floor":4.0,"turns":4.0},{"damage":20.0,"enemies":"2 Louse","floor":5.0,"turns":4.0},{"damage":19.0,"enemies":"Exordium Wildlife","floor":7.0,"turns":4.0},{"damage":26.0,"enemies":"Lagavulin","floor":11.0,"turns":4.0},{"damage":10.0,"enemies":"Blue Slaver","floor":14.0,"turns":3.0},{"damage":29.0,"enemies":"The Guardian","floor":16.0,"turns":8.0},{"damage":21.0,"enemies":"3 Byrds","floor":18.0,"turns":4.0},{"damage":20.0,"enemies":"Colosseum Slavers","floor":19.0,"turns":3.0},{"damage":7.0,"enemies":"Chosen","floor":22.0,"turns":3.0},{"damage":34,"enemies":"Shelled Parasite and Fungi","floor":30,"turns":3}],"seed_played":"7482345112343215225","potions_obtained":[{"floor":1.0,"key":"PowerPotion"},{"floor":7.0,"key":"Poison Potion"},{"floor":11.0,"key":"Ancient Potion"},{"floor":22.0,"key":"Dexterity Potion"}],"is_trial":false,"path_per_floor":["M","$","?","M","M","R","M","R","T","R","E","$","R","M","R","B",null,"M","?","$","?","M","R","$","R","T","T","$","?"],"character_chosen":"DEFECT","items_purchased":["Self Repair"],"campfire_rested":0,"item_purchase_floors":[2],"current_hp_per_floor":[57,57,57,65,59,59,54,54,54,54,42,42,42,46,46,31,61,47,34,34,34,41,41,41,41,41,41,41,28,0],"gold":204,"neow_bonus":"","is_prod":false,"is_daily":false,"chose_seed":false,"campfire_upgraded":7,"win_rate":0,"timestamp":1537740195,"path_taken":["M","$","?","M","M","R","M","R","T","R","E","$","R","M","R","BOSS","M","?","$","?","M","R","$","R","T","?","$","?","M"],"build_version":"2018-09-20","purchased_purges":0,"victory":false,"max_hp_per_floor":[71,71,71,71,71,71,71,71,71,71,71,71,71,71,71,71,71,71,71,71,71,71,71,71,71,71,71,71,76,76],"card_choices":[{"not_picked":["Beam Cell","Compile Driver"],"picked":"Self Repair","floor":1.0},{"not_picked":["Redo","Darkness"],"picked":"Streamline","floor":4.0},{"not_picked":["Conserve Battery","Barrage"],"picked":"Cold Snap","floor":5.0},{"not_picked":["Skim","Cold Snap"],"picked":"Beam Cell","floor":7.0},{"not_picked":["Rebound","Barrage"],"picked":"Biased Cognition","floor":11.0},{"not_picked":["Conserve Battery","Compile Driver"],"picked":"Chaos","floor":14.0},{"not_picked":["Core Surge","Buffer"],"picked":"Thunder Strike","floor":16.0},{"not_picked":["Blizzard","Cold Snap"],"picked":"Ball Lightning+1","floor":18.0},{"not_picked":["Streamline","Compile Driver","Redo"],"picked":"SKIP","floor":22.0}],"player_experience":578006,"relics_obtained":[{"floor":9.0,"key":"Shuriken"},{"floor":11.0,"key":"Bottled Lightning"},{"floor":27.0,"key":"Meat on the Bone"}],"event_choices":[{"event_name":"Purifier","player_choice":"One Purge","floor":3.0,"damage_taken":0.0},{"event_name":"Colosseum","player_choice":"Fight","floor":19.0,"damage_taken":0.0},{"event_name":"Colosseum","player_choice":"Fled From Nobs","floor":19.0,"damage_taken":0.0},{"event_name":"FaceTrader","player_choice":"Trade","floor":21.0,"damage_taken":0.0},{"event_name":"Forgotten Altar","player_choice":"Shed Blood","floor":29.0,"damage_taken":0.0}],"is_beta":false,"boss_relics":[{"not_picked":["Coffee Dripper","Velvet Choker"],"picked":"Ectoplasm"}],"items_purged_floors":[],"is_endless":false,"potions_floor_spawned":[1,7,11,22],"killed_by":"Shelled Parasite and Fungi","ascension_level":14}