{"gold_per_floor":[118,131,149,149,168,231,231,231,231,250,260,286,23,37,37,133,133,151,61,81,81,81,81,111,123,123,158,158,172,206,225,225,225],"floor_reached":33,"playtime":2761,"items_purged":[],"score":412,"play_id":"465d51f5-73d3-4664-a554-950330acd478","local_time":"20181231162206","is_ascension_mode":true,"campfire_choices":[{"floor":8,"key":"REST"},{"floor":15,"key":"REST"},{"floor":23,"key":"REST"},{"floor":28,"key":"REST"},{"floor":32,"key":"REST"}],"neow_cost":"NONE","seed_source_timestamp":262261035183038,"circlet_count":0,"master_deck":["Strike_B","Strike_B","Strike_B","Strike_B","Defend_B","Defend_B","Defend_B","Zap+1","Dualcast","Heatsinks","Tempest+1","Capacitor","Coolheaded","Biased Cognition","Genetic Algorithm","Consume","Gash","Glacier","Sunder","Stack","Core Surge","Lockon+1","Static Discharge","Conserve Battery","Hologram","Leap","Sweeping Beam+1","Cold Snap+1","Redo+1","Conserve Battery+1","Gash+1"],"relics":["Cracked Core","Pear","Tiny Chest","Mercury Hourglass","Smiling Mask","Pen Nib","Calling Bell","Bird Faced Urn","Ornamental Fan","Strawberry","Letter Opener","Omamori","StoneCalendar","Regal Pillow","War Paint"],"potions_floor_usage":[12,12,24,25,25,25,30,33],"damage_taken":[{"damage":8,"enemies":"Small Slimes","floor":1,"turns":2},{"damage":1,"enemies":"Cultist","floor":2,"turns":3},{"damage":5,"enemies":"2 Louse","floor":3,"turns":2},{"damage":8,"enemies":"Red Slaver","floor":5,"turns":5},{"damage":32,"enemies":"Gremlin Nob","floor":6,"turns":5},{"damage":20,"enemies":"Exordium Thugs","floor":10,"turns":3},{"damage":15,"enemies":"Lots of Slimes","floor":11,"turns":3},{"damage":13,"enemies":"3 Sentries","floor":12,"turns":4},{"damage":0,"enemies":"Large Slime","floor":14,"turns":4},{"damage":0,"enemies":"Slime Boss","floor":16,"turns":9},{"damage":21,"enemies":"Shell Parasite","floor":18,"turns":10},{"damage":35,"enemies":"Spheric Guardian","floor":20,"turns":5},{"damage":13,"enemies":"Gremlin Leader","floor":24,"turns":7},{"damage":12,"enemies":"Centurion and Healer","floor":25,"turns":8},{"damage":21,"enemies":"Book of Stabbing","floor":27,"turns":6},{"damage":8,"enemies":"Cultist and Chosen","floor":29,"turns":6},{"damage":35,"enemies":"Slavers","floor":30,"turns":5},{"damage":10,"enemies":"Snake Plant","floor":31,"turns":3},{"damage":108,"enemies":"Champ","floor":33,"turns":13}],"seed_played":"4241349139559524917","potions_obtained":[{"floor":1,"key":"Poison Potion"},{"floor":6,"key":"PowerPotion"},{"floor":10,"key":"FearPotion"},{"floor":11,"key":"Explosive Potion"},{"floor":12,"key":"SmokeBomb"},{"floor":20,"key":"AttackPotion"},{"floor":24,"key":"EntropicBrew"},{"floor":29,"key":"SkillPotion"},{"floor":31,"key":"EssenceOfSteel"}],"is_trial":false,"path_per_floor":["M","M","M","?","M","E","?","R","T","M","M","E","$","M","R","B",null,"M","$","M","T","?","R","E","M","T","E","R","M","E","M","R","B"],"character_chosen":"DEFECT","items_purchased":["Pen Nib","Glacier","Sunder","Static Discharge","Conserve Battery"],"campfire_rested":5,"item_purchase_floors":[13,13,13,19,19],"current_hp_per_floor":[74,73,68,66,58,26,26,53,53,33,18,5,5,5,32,32,99,84,84,57,57,57,86,79,73,73,58,99,93,64,54,98,0],"gold":225,"neow_bonus":"TEN_PERCENT_HP_BONUS","is_prod":false,"is_daily":false,"chose_seed":false,"campfire_upgraded":0,"win_rate":0,"timestamp":1546302126,"path_taken":["M","M","M","?","M","E","?","R","T","?","M","E","$","M","R","BOSS","M","$","M","?","?","R","E","M","T","E","R","M","E","?","R","BOSS"],"build_version":"2018-12-20","purchased_purges":0,"victory":false,"max_hp_per_floor":[82,82,82,92,92,92,92,92,92,92,92,92,92,92,92,92,99,99,99,99,99,99,99,99,99,99,99,99,99,99,99,99,99],"card_choices":[{"not_picked":["Redo","Rebound"],"picked":"Heatsinks","floor":1},{"not_picked":["Heatsinks","Compile Driver"],"picked":"Tempest","floor":2},{"not_picked":["Go for the Eyes","Blizzard"],"picked":"Capacitor","floor":3},{"not_picked":["Rebound","Undo"],"picked":"Coolheaded","floor":5},{"not_picked":["Blizzard","Redo"],"picked":"Biased Cognition","floor":6},{"not_picked":["Go for the Eyes","Aggregate"],"picked":"Genetic Algorithm","floor":10},{"not_picked":["Turbo","Compile Driver"],"picked":"Consume","floor":11},{"not_picked":["Coolheaded","Skim"],"picked":"Gash","floor":12},{"not_picked":["Force Field","Coolheaded"],"picked":"Stack","floor":14},{"not_picked":["Machine Learning","Amplify"],"picked":"Core Surge","floor":16},{"not_picked":["Rip and Tear","Turbo"],"picked":"Lockon+1","floor":18},{"not_picked":["Streamline","Ball Lightning"],"picked":"Hologram","floor":20},{"not_picked":["Barrage","Cold Snap"],"picked":"Leap","floor":24},{"not_picked":["Redo","Rebound"],"picked":"Sweeping Beam+1","floor":25},{"not_picked":["Stack","Undo"],"picked":"Cold Snap+1","floor":27},{"not_picked":["Heatsinks+1","Conserve Battery"],"picked":"Redo+1","floor":29},{"not_picked":["Compile Driver","Fission"],"picked":"Conserve Battery+1","floor":30},{"not_picked":["Leap+1","Hologram"],"picked":"Gash+1","floor":31}],"player_experience":189055,"relics_obtained":[{"floor":6,"key":"Tiny Chest"},{"floor":9,"key":"Mercury Hourglass"},{"floor":12,"key":"Smiling Mask"},{"floor":17,"key":"Bird Faced Urn"},{"floor":17,"key":"Ornamental Fan"},{"floor":17,"key":"Strawberry"},{"floor":21,"key":"Letter Opener"},{"floor":24,"key":"Omamori"},{"floor":26,"key":"StoneCalendar"},{"floor":27,"key":"Regal Pillow"},{"floor":30,"key":"War Paint"}],"event_choices":[{"damage_healed":0,"gold_gain":0,"player_choice":"Success","damage_taken":12,"relics_obtained":["Pear"],"max_hp_gain":0,"max_hp_loss":0,"event_name":"Scrap Ooze","floor":4,"gold_loss":0},{"cards_removed":["Defend_B"],"damage_healed":0,"gold_gain":0,"player_choice":"Purged","damage_taken":0,"max_hp_gain":0,"max_hp_loss":0,"event_name":"Purifier","floor":7,"gold_loss":0},{"cards_removed":["Shame","Decay","Writhe"],"damage_healed":0,"gold_gain":0,"player_choice":"Removed Curses","damage_taken":0,"max_hp_gain":0,"max_hp_loss":0,"event_name":"Fountain of Cleansing","floor":22,"gold_loss":0}],"is_beta":false,"boss_relics":[{"not_picked":["Eternal Feather","Orrery"],"picked":"Calling Bell"}],"items_purged_floors":[],"is_endless":false,"potions_floor_spawned":[1,6,10,11,12,20,24,29,31],"killed_by":"Champ","ascension_level":1}