{"gold_per_floor":[19,19,36,52,52,52,87,97,150,181,26,26,126,137,137,234,234,218,69,69,69,84,84,115,115,140,156,174,174],"floor_reached":29,"playtime":1268,"items_purged":["Strike_R"],"score":379,"play_id":"bd9f56ec-e5cb-444e-8dcf-9b731df08d4f","local_time":"20180824090437","is_ascension_mode":true,"campfire_choices":[{"data":"Iron Wave","floor":6,"key":"SMITH"},{"data":"Rampage","floor":12,"key":"SMITH"},{"data":"Evolve","floor":15,"key":"SMITH"},{"data":"Burning Pact","floor":23,"key":"SMITH"}],"neow_cost":"NO_GOLD","seed_source_timestamp":384559349619568,"circlet_count":0,"master_deck":["Strike_R","Defend_R","Defend_R","Defend_R","Bash","Impervious","Evolve+1","Shrug It Off","Iron Wave+1","Warcry","Burning Pact+1","Rampage+1","Reckless Charge","Fiend Fire","Exhume","Carnage","Headbutt"],"relics":["Burning Blood","Gremlin Horn","Dream Catcher","Red Skull","Busted Crown","Bronze Scales","Orichalcum"],"potions_floor_usage":[7,10,27,28,29],"damage_taken":[{"damage":0,"enemies":"Small Slimes","floor":1,"turns":3},{"damage":3,"enemies":"2 Louse","floor":3,"turns":3},{"damage":2,"enemies":"Jaw Worm","floor":4,"turns":5},{"damage":49,"enemies":"Lagavulin","floor":7,"turns":8},{"damage":3,"enemies":"3 Louse","floor":8,"turns":3},{"damage":2,"enemies":"3 Sentries","floor":10,"turns":3},{"damage":6,"enemies":"Looter","floor":14,"turns":3},{"damage":0,"enemies":"Slime Boss","floor":16,"turns":6},{"damage":12,"enemies":"2 Thieves","floor":18,"turns":4},{"damage":4,"enemies":"Spheric Guardian","floor":22,"turns":3},{"damage":38,"enemies":"Gremlin Leader","floor":24,"turns":6},{"damage":20,"enemies":"Snecko","floor":27,"turns":4},{"damage":20,"enemies":"Centurion and Healer","floor":28,"turns":5},{"damage":18,"enemies":"Snake Plant","floor":29,"turns":2}],"seed_played":"8146434081728629393","potions_obtained":[{"floor":4,"key":"Energy Potion"},{"floor":8,"key":"AttackPotion"},{"floor":18,"key":"Ancient Potion"},{"floor":24,"key":"BloodPotion"},{"floor":28,"key":"Dexterity Potion"}],"is_trial":false,"path_per_floor":["M","?","M","M","?","R","E","M","T","E","$","R","?","M","R","B",null,"M","$","?","$","M","R","E","?","T","M","M"],"character_chosen":"IRONCLAD","items_purchased":["Rampage","Exhume"],"campfire_rested":0,"item_purchase_floors":[11,19],"current_hp_per_floor":[80,80,80,80,73,73,30,33,33,37,37,37,37,37,37,43,71,65,65,65,65,67,67,35,35,35,29,15,0],"gold":174,"neow_bonus":"THREE_RARE_CARDS","is_prod":false,"is_daily":false,"chose_seed":false,"campfire_upgraded":4,"win_rate":0,"timestamp":1535072677,"path_taken":["M","?","M","M","?","R","E","M","T","E","$","R","?","M","R","BOSS","M","?","?","$","?","R","E","?","T","M","M","M"],"build_version":"2018-08-23","purchased_purges":1,"victory":false,"max_hp_per_floor":[80,80,80,80,80,80,80,80,80,80,80,80,80,80,80,80,80,80,80,80,80,80,80,80,80,80,80,80,80],"card_choices":[{"not_picked":["Brutality","Reaper"],"picked":"Impervious","floor":0},{"not_picked":["Wild Strike","Sever Soul"],"picked":"Evolve","floor":1},{"not_picked":["Flex","Dual Wield"],"picked":"Shrug It Off","floor":3},{"not_picked":["Armaments","Headbutt"],"picked":"Iron Wave","floor":4},{"not_picked":["Twin Strike","Limit Break"],"picked":"Warcry","floor":7},{"not_picked":["Ghostly Armor","True Grit"],"picked":"Burning Pact","floor":8},{"not_picked":["Second Wind","Sword Boomerang","Rage"],"picked":"SKIP","floor":10},{"not_picked":["Rage","Twin Strike"],"picked":"Reckless Charge","floor":14},{"not_picked":["Brutality","Juggernaut"],"picked":"Fiend Fire","floor":16},{"not_picked":["Twin Strike+1"],"picked":"SKIP","floor":18},{"not_picked":[],"picked":"Headbutt","floor":22},{"not_picked":["Second Wind"],"picked":"SKIP","floor":24},{"not_picked":["Hemokinesis"],"picked":"SKIP","floor":27},{"not_picked":["Clash"],"picked":"SKIP","floor":28}],"player_experience":355727,"relics_obtained":[{"floor":7,"key":"Gremlin Horn"},{"floor":9,"key":"Dream Catcher"},{"floor":10,"key":"Red Skull"},{"floor":24,"key":"Bronze Scales"},{"floor":26,"key":"Orichalcum"}],"event_choices":[{"event_name":"Living Wall","player_choice":"Forget","floor":2,"damage_taken":0},{"event_name":"Golden Wing","player_choice":"Card Removal","floor":5,"damage_taken":0},{"event_name":"Golden Shrine","player_choice":"Pray","floor":13,"damage_taken":0},{"event_name":"Transmorgrifier","player_choice":"Transform","floor":20,"damage_taken":0},{"event_name":"Back to Basics","player_choice":"Elegance","floor":25,"damage_taken":0}],"is_beta":false,"boss_relics":[{"not_picked":["Cursed Key","Calling Bell"],"picked":"Busted Crown"}],"items_purged_floors":[11],"is_endless":false,"potions_floor_spawned":[4,8,18,24,28],"killed_by":"Snake Plant","ascension_level":5}