{"gold_per_floor":[110,110,128,128,58,58,58,58,58,58,87,87,118,137,137,235,235,254,254,264,264,283,283,59,59,59,84,84],"floor_reached":28,"playtime":1192,"items_purged":["Pain"],"score":320,"play_id":"36250a66-afcd-4bca-9106-870e5218bca3","local_time":"20190213190924","is_ascension_mode":true,"campfire_choices":[{"data":"Redo","floor":6,"key":"SMITH"},{"data":"1","floor":8,"key":"LIFT"},{"data":"2","floor":10,"key":"LIFT"},{"data":"3","floor":12,"key":"LIFT"},{"data":"Lockon","floor":15,"key":"SMITH"},{"floor":23,"key":"REST"},{"data":"Creative AI","floor":25,"key":"SMITH"}],"neow_cost":"NONE","seed_source_timestamp":792837485911,"circlet_count":0,"master_deck":["Strike_B","Strike_B","Strike_B","Defend_B","Defend_B+1","Defend_B+1","Defend_B","Zap","Dualcast","Lockon+1","Redo+1","FTL","Conserve Battery","Beam Cell","Ball Lightning","Amplify","Loop+1","Barrage","Creative AI+1","Doom and Gloom","Loop","White Noise"],"relics":["Cracked Core","NeowsBlessing","Girya","Symbiotic Virus","Regal Pillow","Gremlin Horn","Inserter","WarpedTongs","Calipers","War Paint"],"potions_floor_usage":[19,27,27,28],"damage_taken":[{"damage":0,"enemies":"Cultist","floor":1,"turns":1},{"damage":0,"enemies":"Jaw Worm","floor":3,"turns":1},{"damage":0,"enemies":"3 Sentries","floor":11,"turns":1},{"damage":3,"enemies":"Lagavulin","floor":13,"turns":3},{"damage":0,"enemies":"2 Louse","floor":14,"turns":2},{"damage":30,"enemies":"The Guardian","floor":16,"turns":8},{"damage":10,"enemies":"2 Thieves","floor":18,"turns":3},{"damage":25,"enemies":"Colosseum Slavers","floor":19,"turns":4},{"damage":4,"enemies":"Spheric Guardian","floor":20,"turns":3},{"damage":26,"enemies":"Snake Plant","floor":22,"turns":2},{"damage":44,"enemies":"Book of Stabbing","floor":27,"turns":4},{"damage":11,"enemies":"Sentry and Sphere","floor":28,"turns":2}],"seed_played":"3903310639774501939","potions_obtained":[{"floor":1,"key":"Energy Potion"},{"floor":14,"key":"Strength Potion"},{"floor":20,"key":"Ancient Potion"},{"floor":22,"key":"Swift Potion"},{"floor":27,"key":"FearPotion"}],"is_trial":false,"path_per_floor":["M","?","M","?","$","R","?","R","T","R","E","R","E","M","R","B",null,"M","?","M","?","M","R","$","R","T","E","M"],"character_chosen":"DEFECT","items_purchased":["FTL","Doom and Gloom","Loop"],"campfire_rested":1,"item_purchase_floors":[5,24,24],"current_hp_per_floor":[75,68,68,73,73,73,66,66,66,66,66,66,63,63,63,33,80,70,45,41,41,15,54,54,54,54,10,0],"gold":84,"neow_bonus":"THREE_ENEMY_KILL","is_prod":false,"is_daily":false,"chose_seed":false,"campfire_upgraded":3,"win_rate":0,"timestamp":1550102964,"path_taken":["M","?","M","?","$","R","?","R","T","R","E","R","E","M","R","BOSS","M","?","M","?","?","R","$","R","T","E","M"],"build_version":"2019-01-23","purchased_purges":1,"victory":false,"max_hp_per_floor":[75,75,75,80,80,80,80,80,80,80,80,80,80,80,80,80,80,80,80,80,80,80,80,80,80,80,80,80],"card_choices":[{"not_picked":["Steam Power","Steam"],"picked":"Lockon","floor":1},{"not_picked":["Rebound","Lockon"],"picked":"Redo","floor":3},{"not_picked":["Blizzard","Rebound"],"picked":"Conserve Battery","floor":11},{"not_picked":["Lockon","Auto Shields"],"picked":"Beam Cell","floor":13},{"not_picked":["Tempest","Recycle"],"picked":"Ball Lightning","floor":14},{"not_picked":["Seek","Thunder Strike"],"picked":"Amplify","floor":16},{"not_picked":["Rebound","Storm+1"],"picked":"Loop+1","floor":18},{"not_picked":["Lockon","Rebound"],"picked":"Barrage","floor":20},{"not_picked":["Redo","Cold Snap"],"picked":"Creative AI","floor":22},{"not_picked":["Recycle+1","Go for the Eyes"],"picked":"White Noise","floor":27}],"player_experience":212622,"relics_obtained":[{"floor":9,"key":"Symbiotic Virus"},{"floor":11,"key":"Regal Pillow"},{"floor":13,"key":"Gremlin Horn"},{"floor":26,"key":"Calipers"},{"floor":27,"key":"War Paint"}],"event_choices":[{"cards_removed":["Strike_B"],"damage_healed":0,"gold_gain":0,"player_choice":"Card Removal","damage_taken":7,"max_hp_gain":0,"max_hp_loss":0,"event_name":"Golden Wing","floor":2,"gold_loss":0},{"damage_healed":0,"gold_gain":0,"player_choice":"Donut","damage_taken":0,"max_hp_gain":5,"max_hp_loss":0,"event_name":"Big Fish","floor":4,"gold_loss":0},{"damage_healed":0,"gold_gain":0,"player_choice":"Success","damage_taken":7,"relics_obtained":["Girya"],"max_hp_gain":0,"max_hp_loss":0,"event_name":"Scrap Ooze","floor":7,"gold_loss":0},{"damage_healed":0,"gold_gain":0,"player_choice":"Fight","damage_taken":0,"max_hp_gain":0,"max_hp_loss":0,"event_name":"Colosseum","floor":19,"gold_loss":0},{"damage_healed":0,"gold_gain":0,"player_choice":"Fled From Nobs","damage_taken":0,"max_hp_gain":0,"max_hp_loss":0,"event_name":"Colosseum","floor":19,"gold_loss":0},{"damage_healed":0,"gold_gain":0,"player_choice":"Rummage","damage_taken":0,"relics_obtained":["WarpedTongs"],"max_hp_gain":0,"max_hp_loss":0,"event_name":"Accursed Blacksmith","floor":21,"gold_loss":0,"cards_obtained":["Pain"]}],"is_beta":false,"boss_relics":[{"not_picked":["Pandora\u0027s Box","Runic Pyramid"],"picked":"Inserter"}],"items_purged_floors":[24],"is_endless":false,"potions_floor_spawned":[1,14,20,22,27],"killed_by":"Sentry and Sphere","ascension_level":4}