{"gold_per_floor":[141,141,141,201,4,94,106,202,264,381,393,462,531,591,603,834,846,888,950,1004,1055,1100,1187,1199,1310,1396,1408,1507,205,205,205,205,436,436,472,502,502,535,586,688,688,769,769,850,910,967,18,60,60,60],"floor_reached":50,"playtime":2033,"items_purged":[],"score":1999,"play_id":"beff2750-a263-4e35-93db-284b069bdf03","local_time":"20190415212837","daily_mods":["Draft","Hoarder","Allstar","Diverse","Colorless Cards","Heirloom","Cursed Run","Elite Swarm","Midas","Uncertain Future"],"is_ascension_mode":true,"campfire_choices":[{"floor":7,"key":"REST"},{"floor":11,"key":"REST"},{"floor":15,"key":"REST"},{"floor":24,"key":"REST"},{"floor":27,"key":"REST"},{"floor":32,"key":"REST"},{"floor":41,"key":"REST"},{"floor":49,"key":"REST"}],"neow_cost":"","seed_source_timestamp":422577989474668,"circlet_count":0,"master_deck":["Demon Form","Wraith Form v2","Echo Form","AscendersBane","Sucker Punch","Sucker Punch","Sucker Punch","Sword Boomerang","Sword Boomerang","Sword Boomerang","Finisher","Finisher","Finisher","Blizzard","Blizzard","Blizzard","Barrage","Barrage","Barrage","Footwork","Footwork","Footwork","Ball Lightning","Ball Lightning","Ball Lightning","PiercingWail","PiercingWail","PiercingWail","Quick Slash+1","Quick Slash","Quick Slash","Infernal Blade","Infernal Blade","Infernal Blade","Fusion","Fusion","Fusion","Sword Boomerang","Sword Boomerang","Sword Boomerang","Dodge and Roll","Dodge and Roll","Dodge and Roll","Terror","Terror","Pommel Strike","Pommel Strike","Pommel Strike","Spot Weakness","Spot Weakness","Spot Weakness","Deflect","Deflect","Deflect","Mayhem","Mayhem","Mayhem","Barricade","Barricade","Barricade","Double Tap","Double Tap","Double Tap","Decay","Decay","Decay","Limit Break","Limit Break","Limit Break","Shrug It Off","Shrug It Off","Shrug It Off","Skim","Skim","Skim","Undo","Undo","Undo","Pain","Pain","Pain","All For One","All For One","All For One+1","Clothesline","Clothesline","Clothesline","Thunderclap","Thunderclap","Thunderclap","Rebound+1","Rebound+1","Rebound+1","Iron Wave+1","Iron Wave+1","Iron Wave+1","Multi-Cast","Multi-Cast","Multi-Cast","Writhe","Writhe","Writhe","Secret Technique","Secret Technique","Secret Technique","Cleave","Cleave","Cleave","Body Slam","Body Slam","Body Slam","Bite","Bite","Bite","Bite","Bite","Bite","Bite","Bite","Bite","Bite","Bite","Bite","Bite","Bite","Bite","Pain","Pain","Pain","Hyperbeam","Hyperbeam","Hyperbeam","Inflame","Inflame","Inflame","Thunderclap","Thunderclap","Thunderclap","Demon Form","Demon Form","Demon Form","Loop","Loop","Loop","Parasite","Parasite","Parasite","Leg Sweep","Leg Sweep","Leg Sweep","Creative AI","Creative AI","Creative AI","Amplify","Amplify","Amplify","Injury","Injury","Injury","Burst","Burst","Burst","Clothesline+1","Clothesline+1","Clothesline+1","Body Slam","Body Slam","Body Slam","Barrage+1","Barrage+1","Barrage+1"],"relics":["Cursed Key","Darkstone Periapt","Du-Vu Doll","Gambling Chip","PreservedInsect","MawBank","Question Card","Lantern","Dodecahedron","Eternal Feather","Gremlin Horn","Oddly Smooth Stone","The Courier","Ice Cream","Paper Frog","Tiny Chest","Anchor","ClockworkSouvenir","Centennial Puzzle","Blood Vial","Boot","Bag of Preparation","Potion Belt","Fusion Hammer","Mango","Magic Flower","Whetstone","Sundial","Sling","Blue Candle","Girya","Singing Bowl","Pen Nib"],"potions_floor_usage":[50,50],"damage_taken":[{"damage":9,"enemies":"Jaw Worm","floor":1,"turns":2},{"damage":0,"enemies":"Cultist","floor":4,"turns":3},{"damage":10,"enemies":"3 Sentries","floor":6,"turns":3},{"damage":14,"enemies":"Gremlin Nob","floor":8,"turns":3},{"damage":2,"enemies":"Lagavulin","floor":10,"turns":4},{"damage":0,"enemies":"Small Slimes","floor":12,"turns":2},{"damage":0,"enemies":"Blue Slaver","floor":13,"turns":2},{"damage":13,"enemies":"Gremlin Gang","floor":14,"turns":3},{"damage":17,"enemies":"Hexaghost","floor":16,"turns":6},{"damage":8,"enemies":"Shell Parasite","floor":18,"turns":2},{"damage":0,"enemies":"Spheric Guardian","floor":20,"turns":1},{"damage":20,"enemies":"Centurion and Healer","floor":21,"turns":3},{"damage":15,"enemies":"Shelled Parasite and Fungi","floor":22,"turns":2},{"damage":0,"enemies":"Book of Stabbing","floor":23,"turns":1},{"damage":0,"enemies":"Gremlin Leader","floor":25,"turns":3},{"damage":14,"enemies":"Book of Stabbing","floor":28,"turns":2},{"damage":12,"enemies":"Champ","floor":33,"turns":2},{"damage":0,"enemies":"3 Darklings","floor":35,"turns":1},{"damage":1,"enemies":"Orb Walker","floor":36,"turns":2},{"damage":23,"enemies":"4 Shapes","floor":38,"turns":2},{"damage":22,"enemies":"Writhing Mass","floor":39,"turns":4},{"damage":6,"enemies":"Reptomancer","floor":40,"turns":2},{"damage":0,"enemies":"Giant Head","floor":42,"turns":3},{"damage":0,"enemies":"Nemesis","floor":44,"turns":1},{"damage":1,"enemies":"Sphere and 2 Shapes","floor":45,"turns":3},{"damage":24,"enemies":"4 Shapes","floor":46,"turns":2},{"damage":3,"enemies":"Writhing Mass","floor":48,"turns":2},{"damage":107,"enemies":"Awakened One","floor":50,"turns":3}],"seed_played":"4558098445713586413","potions_obtained":[{"floor":6,"key":"Dexterity Potion"},{"floor":13,"key":"PowerPotion"},{"floor":16,"key":"Energy Potion"},{"floor":33,"key":"Dexterity Potion"},{"floor":35,"key":"Ancient Potion"}],"is_trial":true,"path_per_floor":["M","?","?","M","$","E","R","E","T","E","R","M","M","M","R","B",null,"M","?","M","M","M","E","R","E","T","R","E","$","?","?","R","B",null,"M","M","?","M","M","E","R","E","T","E","M","M","$","M","R","B"],"character_chosen":"IRONCLAD","items_purchased":["Mayhem","Paper Frog","Cleave","Body Slam","Tiny Chest","Anchor","ClockworkSouvenir","Centennial Puzzle","Blood Vial","Boot","Bag of Preparation","Potion Belt","Sling","Blue Candle","Girya","Singing Bowl","Pen Nib"],"campfire_rested":8,"item_purchase_floors":[5,29,29,29,29,29,29,29,29,29,29,29,47,47,47,47,47],"current_hp_per_floor":[59,59,59,59,59,49,71,57,63,61,81,81,81,68,81,70,83,75,75,75,55,40,40,87,87,93,93,79,79,79,65,65,59,68,70,70,70,50,42,52,91,91,97,97,96,73,73,73,97,0],"gold":60,"neow_bonus":"","is_prod":false,"is_daily":false,"chose_seed":false,"campfire_upgraded":0,"win_rate":0,"timestamp":1555381717,"path_taken":["M","?","?","M","$","E","R","E","T","E","R","M","?","M","R","BOSS","M","?","M","M","M","E","R","E","T","R","E","$","?","?","R","BOSS","M","M","?","?","M","E","R","E","T","E","M","?","$","M","R","BOSS"],"build_version":"2019-01-23","purchased_purges":0,"victory":false,"max_hp_per_floor":[75,75,75,75,75,75,75,75,81,81,81,81,81,81,81,87,87,87,87,87,87,87,87,87,87,93,93,93,93,93,65,65,71,71,71,71,71,71,77,91,91,91,97,97,97,97,97,97,97,97],"card_choices":[{"not_picked":["Slice","Armaments"],"picked":"Sucker Punch","floor":0},{"not_picked":["Pommel Strike","Dodge and Roll"],"picked":"Sword Boomerang","floor":0},{"not_picked":["Combust","Dodge and Roll"],"picked":"Finisher","floor":0},{"not_picked":["Warcry","Coolheaded"],"picked":"Blizzard","floor":0},{"not_picked":["Wild Strike","Burning Pact"],"picked":"Barrage","floor":0},{"not_picked":["Blood for Blood","Shrug It Off"],"picked":"Footwork","floor":0},{"not_picked":["Perfected Strike","PiercingWail"],"picked":"Ball Lightning","floor":0},{"not_picked":["Cloak And Dagger","Expertise"],"picked":"PiercingWail","floor":0},{"not_picked":["Compile Driver","Dodge and Roll"],"picked":"Quick Slash","floor":0},{"not_picked":["Self Repair","Outmaneuver"],"picked":"Infernal Blade","floor":0},{"not_picked":["Darkness","Auto Shields"],"picked":"Fusion","floor":0},{"not_picked":["Acrobatics","Poisoned Stab"],"picked":"Sword Boomerang","floor":0},{"not_picked":["Deflect","Carnage"],"picked":"Dodge and Roll","floor":0},{"not_picked":["Fire Breathing","Skim"],"picked":"Terror","floor":0},{"not_picked":["Stack","Lockon"],"picked":"Pommel Strike","floor":0},{"not_picked":["Accuracy","Sword Boomerang"],"picked":"Spot Weakness","floor":1},{"not_picked":["Hologram","Rage"],"picked":"Deflect","floor":4},{"not_picked":["Apotheosis","Impervious"],"picked":"Barricade","floor":6},{"not_picked":["Magnetism","Reaper"],"picked":"Double Tap","floor":8},{"not_picked":["Metamorphosis","Barricade","Rainbow"],"picked":"Limit Break","floor":10},{"not_picked":["Storm","Compile Driver","Chill"],"picked":"Shrug It Off","floor":12},{"not_picked":["Seeing Red","Armaments","Flex"],"picked":"Skim","floor":13},{"not_picked":["Beam Cell","Slice","Tempest"],"picked":"Undo","floor":14},{"not_picked":["Dark Embrace","Reboot","Transmutation"],"picked":"All For One","floor":16},{"not_picked":["Outmaneuver","Expertise+1","Slice"],"picked":"Clothesline","floor":18},{"not_picked":["Conserve Battery","Sweeping Beam","Dagger Spray"],"picked":"Thunderclap","floor":20},{"not_picked":["Wild Strike+1","Heatsinks","Poisoned Stab"],"picked":"Rebound+1","floor":21},{"not_picked":["Power Through","Thunderclap+1","Anger"],"picked":"Iron Wave+1","floor":22},{"not_picked":["Offering","Metamorphosis","Bludgeon"],"picked":"Multi-Cast","floor":23},{"not_picked":["Master of Strategy","Chrysalis","Malaise","Panache"],"picked":"SKIP","floor":25},{"not_picked":["Bullet Time","Storm of Steel","Grand Finale"],"picked":"Secret Technique","floor":28},{"not_picked":["Biased Cognition","The Bomb","Meteor Strike"],"picked":"Hyperbeam","floor":33},{"not_picked":["Conserve Battery","Coolheaded","Blind"],"picked":"Inflame","floor":35},{"not_picked":["Self Repair","Catalyst","Flame Barrier+1"],"picked":"Thunderclap","floor":36},{"not_picked":["Reinforced Body","Poisoned Stab+1","Dramatic Entrance+1"],"picked":"Loop","floor":38},{"not_picked":["Dodge and Roll","Cloak And Dagger","Sentinel"],"picked":"Leg Sweep","floor":39},{"not_picked":["Sadistic Nature","Double Tap","Chrysalis"],"picked":"Creative AI","floor":40},{"not_picked":["Unload","Venomology","Wraith Form v2"],"picked":"Amplify","floor":42},{"not_picked":["Wraith Form v2","Electrodynamics","The Bomb"],"picked":"Burst","floor":44},{"not_picked":["Coolheaded+1","Escape Plan","Force Field+1"],"picked":"Clothesline+1","floor":45},{"not_picked":["Conserve Battery","Purity+1","Compile Driver+1"],"picked":"Body Slam","floor":46},{"not_picked":["Cold Snap","Hemokinesis","Go for the Eyes"],"picked":"Barrage+1","floor":48}],"player_experience":202832,"relics_obtained":[{"floor":6,"key":"MawBank"},{"floor":8,"key":"Question Card"},{"floor":9,"key":"Lantern"},{"floor":10,"key":"Dodecahedron"},{"floor":23,"key":"Gremlin Horn"},{"floor":25,"key":"Oddly Smooth Stone"},{"floor":26,"key":"The Courier"},{"floor":28,"key":"Ice Cream"},{"floor":40,"key":"Mango"},{"floor":42,"key":"Magic Flower"},{"floor":43,"key":"Whetstone"},{"floor":44,"key":"Sundial"}],"event_choices":[{"damage_healed":0,"gold_gain":0,"player_choice":"Leave","damage_taken":0,"max_hp_gain":0,"max_hp_loss":0,"event_name":"The Cleric","floor":2,"gold_loss":0},{"cards_removed":["Terror"],"damage_healed":0,"gold_gain":0,"player_choice":"Gave Card","damage_taken":0,"relics_obtained":["PreservedInsect"],"max_hp_gain":0,"max_hp_loss":0,"event_name":"WeMeetAgain","floor":3,"gold_loss":0},{"damage_healed":0,"gold_gain":50,"player_choice":"Stole From Cult","damage_taken":0,"max_hp_gain":0,"max_hp_loss":0,"event_name":"Nest","floor":19,"gold_loss":0},{"damage_healed":0,"gold_gain":0,"player_choice":"Simplicity","damage_taken":0,"max_hp_gain":0,"max_hp_loss":0,"event_name":"Back to Basics","floor":30,"gold_loss":0,"cards_upgraded":[]},{"damage_healed":0,"gold_gain":0,"player_choice":"Became a vampire","damage_taken":0,"max_hp_gain":0,"max_hp_loss":28,"event_name":"Vampires","floor":31,"gold_loss":0,"cards_obtained":["Bite","Bite","Bite","Bite","Bite"]},{"damage_healed":0,"gold_gain":0,"player_choice":"Copied","damage_taken":0,"max_hp_gain":0,"max_hp_loss":0,"event_name":"Duplicator","floor":37,"gold_loss":0,"cards_obtained":["Demon Form"]}],"is_beta":false,"boss_relics":[{"not_picked":["Sozu","Lizard Tail"],"picked":"Eternal Feather"},{"not_picked":["White Beast Statue","Snecko Eye"],"picked":"Fusion Hammer"}],"items_purged_floors":[],"is_endless":false,"potions_floor_spawned":[6,13,16,22,23,33,35,36,45,48],"killed_by":"Awakened One","ascension_level":20}