{"gold_per_floor":[111,161,33,50,8,8,38,54,77,77,77],"floor_reached":11,"playtime":251,"items_purged":[],"score":142,"play_id":"aa33c2e7-fa2f-4ba6-af08-538a01a569cb","local_time":"20190321131000","is_ascension_mode":true,"campfire_choices":[{"data":"Neutralize","floor":6.0,"key":"SMITH"},{"floor":10.0,"key":"REST"}],"neow_cost":"NONE","seed_source_timestamp":0,"circlet_count":0,"master_deck":["AscendersBane","Defend_G","Defend_G","Defend_G","Defend_G","Defend_G","Strike_G","Strike_G","Strike_G","Strike_G","Strike_G","Survivor","Neutralize+1","Heel Hook","Dagger Spray","Footwork","PiercingWail","Heel Hook","Prepared"],"special_seed":0,"relics":["Ring of the Snake","Boot","Strawberry","PreservedInsect"],"potions_floor_usage":[],"damage_taken":[{"damage":3.0,"enemies":"2 Louse","floor":1.0,"turns":4.0},{"damage":4.0,"enemies":"Cultist","floor":4.0,"turns":3.0},{"damage":37.0,"enemies":"Lagavulin","floor":7.0,"turns":9.0},{"damage":3.0,"enemies":"Jaw Worm","floor":8.0,"turns":4.0},{"damage":36,"enemies":"Large Slime","floor":11,"turns":4}],"seed_played":"7685499416332675071","potions_obtained":[],"is_trial":false,"path_per_floor":["M","?","$","M","?","R","E","M","T","R","M"],"character_chosen":"THE_SILENT","items_purchased":["Dagger Spray","Footwork"],"campfire_rested":1,"item_purchase_floors":[3,3],"current_hp_per_floor":[56,50,50,46,46,46,16,13,13,34,0],"gold":77,"neow_bonus":"RANDOM_COMMON_RELIC","is_prod":false,"is_daily":false,"chose_seed":false,"campfire_upgraded":1,"win_rate":0,"timestamp":1553188200,"path_taken":["M","?","$","?","?","R","E","M","T","R","M"],"build_version":"2019-01-23","purchased_purges":0,"victory":false,"max_hp_per_floor":[66,66,66,66,66,66,73,73,73,73,73],"card_choices":[{"not_picked":["Dagger Spray","Endless Agony"],"picked":"Heel Hook","floor":1.0},{"not_picked":["Backflip","Bane"],"picked":"PiercingWail","floor":4.0},{"not_picked":["Poisoned Stab","Prepared"],"picked":"Heel Hook","floor":7.0},{"not_picked":["Tactician","Choke"],"picked":"Prepared","floor":8.0}],"player_experience":875073,"relics_obtained":[{"floor":7.0,"key":"Strawberry"},{"floor":9.0,"key":"PreservedInsect"}],"event_choices":[{"damage_healed":0.0,"max_hp_gain":0.0,"max_hp_loss":0.0,"gold_gain":50.0,"event_name":"FaceTrader","player_choice":"Touch","floor":2.0,"gold_loss":0.0,"damage_taken":6.0},{"damage_healed":0.0,"max_hp_gain":0.0,"max_hp_loss":0.0,"gold_gain":0.0,"event_name":"World of Goop","player_choice":"Left Gold","floor":5.0,"gold_loss":42.0,"damage_taken":0.0}],"is_beta":false,"boss_relics":[],"items_purged_floors":[],"is_endless":false,"potions_floor_spawned":[],"killed_by":"Large Slime","ascension_level":20}