{"gold_per_floor":[116,129,129,129,141,167,167,195,195,215,215,234,234,234,234,234],"floor_reached":16,"playtime":585,"items_purged":[],"score":193,"play_id":"11c4ccf9-bb13-4ff4-8590-3000c7dbbd2b","local_time":"20181117070114","is_ascension_mode":true,"campfire_choices":[{"floor":7,"key":"REST"},{"data":"Flex","floor":11,"key":"SMITH"},{"data":"Twin Strike","floor":15,"key":"SMITH"}],"neow_cost":"NONE","seed_source_timestamp":62426715405086,"circlet_count":0,"master_deck":["AscendersBane","Strike_R","Strike_R","Strike_R","Strike_R","Strike_R","Defend_R","Defend_R","Defend_R","Defend_R","Bash","Double Tap","Perfected Strike+1","Cleave","Dropkick","Flex+1","Twin Strike+1"],"relics":["Burning Blood","Letter Opener","Boot","The Courier","Happy Flower"],"potions_floor_usage":[6,8,8,16],"damage_taken":[{"damage":1,"enemies":"Cultist","floor":1,"turns":4},{"damage":2,"enemies":"2 Louse","floor":2,"turns":2},{"damage":14,"enemies":"Jaw Worm","floor":5,"turns":3},{"damage":43,"enemies":"Lagavulin","floor":6,"turns":7},{"damage":13,"enemies":"Gremlin Nob","floor":8,"turns":3},{"damage":14,"enemies":"Red Slaver","floor":10,"turns":2},{"damage":17,"enemies":"Looter","floor":12,"turns":3},{"damage":32,"enemies":"Hexaghost","floor":16,"turns":7}],"seed_played":"-1197913049774497897","potions_obtained":[{"floor":1,"key":"Fire Potion"},{"floor":5,"key":"Block Potion"},{"floor":6,"key":"PowerPotion"},{"floor":8,"key":"Regen Potion"}],"is_trial":false,"path_per_floor":["M","M","?","$","M","E","R","E","T","M","R","M","?","?","R","B"],"character_chosen":"IRONCLAD","items_purchased":[],"campfire_rested":1,"item_purchase_floors":[],"current_hp_per_floor":[73,75,75,75,67,30,52,45,45,37,37,26,26,26,26,6],"gold":234,"neow_bonus":"ONE_RANDOM_RARE_CARD","is_prod":false,"is_daily":false,"chose_seed":false,"campfire_upgraded":2,"win_rate":0,"timestamp":1542456074,"path_taken":["M","M","?","$","M","E","R","E","T","M","R","M","?","?","R","BOSS"],"build_version":"2018-11-15","purchased_purges":0,"victory":false,"max_hp_per_floor":[75,75,75,75,75,75,75,75,75,75,75,75,75,75,75,75],"card_choices":[{"not_picked":["Hemokinesis","Headbutt"],"picked":"Perfected Strike","floor":1},{"not_picked":["True Grit","Shrug It Off"],"picked":"Dual Wield","floor":2},{"not_picked":["Armaments","Second Wind"],"picked":"Cleave","floor":5},{"not_picked":["Intimidate","Armaments"],"picked":"Dropkick","floor":6},{"not_picked":["Anger","Fire Breathing","Disarm"],"picked":"SKIP","floor":8},{"not_picked":["Warcry","Havoc"],"picked":"Flex","floor":10},{"not_picked":["Dual Wield","Rampage"],"picked":"Twin Strike","floor":12}],"player_experience":734693,"relics_obtained":[{"floor":6,"key":"Letter Opener"},{"floor":8,"key":"Boot"},{"floor":9,"key":"The Courier"}],"event_choices":[{"damage_healed":0,"gold_gain":0,"player_choice":"Grow","damage_taken":0,"max_hp_gain":0,"max_hp_loss":0,"event_name":"Living Wall","floor":3,"gold_loss":0,"cards_upgraded":["Perfected Strike"]},{"damage_healed":0,"gold_gain":0,"player_choice":"Fled","damage_taken":0,"max_hp_gain":0,"max_hp_loss":0,"event_name":"Scrap Ooze","floor":13,"gold_loss":0},{"cards_removed":["Dual Wield"],"damage_healed":0,"gold_gain":0,"player_choice":"Gave Card","damage_taken":0,"relics_obtained":["Happy Flower"],"max_hp_gain":0,"max_hp_loss":0,"event_name":"WeMeetAgain","floor":14,"gold_loss":0}],"is_beta":false,"boss_relics":[],"items_purged_floors":[],"is_endless":false,"potions_floor_spawned":[1,5,6,8],"killed_by":"Hexaghost","ascension_level":15}