{"gold_per_floor":[117,117,134,148,148,175,175,193,193,193,221,19,19,37,37,141,141,161,174,187,203,213,213,213],"floor_reached":24,"playtime":2263,"items_purged":[],"score":252,"play_id":"096704b2-5480-4d35-84f4-63fd55f43869","local_time":"20190410014742","is_ascension_mode":true,"campfire_choices":[{"data":"White Noise","floor":7.0,"key":"SMITH"},{"data":"Conserve Battery","floor":10.0,"key":"SMITH"},{"floor":15.0,"key":"REST"},{"floor":23.0,"key":"REST"}],"neow_cost":"NONE","seed_source_timestamp":2202529585809500,"circlet_count":0,"master_deck":["Strike_B","Strike_B","Strike_B","Defend_B","Defend_B","Defend_B","Defend_B","Zap","Dualcast","FTL","White Noise+1","Coolheaded","Core Surge","Conserve Battery+1","Auto Shields","Echo Form","Ball Lightning+1","Stack+1","Coolheaded+1","Leap","Hello World"],"special_seed":0,"relics":["Inserter","Cables","Question Card","Art of War","Membership Card","Snecko Eye"],"potions_floor_usage":[24],"damage_taken":[{"damage":0.0,"enemies":"2 Louse","floor":1.0,"turns":3.0},{"damage":8.0,"enemies":"Jaw Worm","floor":3.0,"turns":4.0},{"damage":1.0,"enemies":"Cultist","floor":4.0,"turns":3.0},{"damage":16.0,"enemies":"3 Sentries","floor":6.0,"turns":13.0},{"damage":5.0,"enemies":"Blue Slaver","floor":8.0,"turns":5.0},{"damage":15.0,"enemies":"Gremlin Nob","floor":11.0,"turns":5.0},{"damage":8.0,"enemies":"3 Louse","floor":14.0,"turns":3.0},{"damage":31.0,"enemies":"Hexaghost","floor":16.0,"turns":13.0},{"damage":10.0,"enemies":"3 Byrds","floor":18.0,"turns":8.0},{"damage":11.0,"enemies":"Shell Parasite","floor":19.0,"turns":9.0},{"damage":23.0,"enemies":"Snake Plant","floor":20.0,"turns":4.0},{"damage":13.0,"enemies":"Snecko","floor":21.0,"turns":6.0},{"damage":13.0,"enemies":"Chosen and Byrds","floor":22.0,"turns":6.0},{"damage":39,"enemies":"Book of Stabbing","floor":24,"turns":4}],"seed_played":"-160910920532714144","potions_obtained":[{"floor":3.0,"key":"FearPotion"},{"floor":6.0,"key":"GamblersBrew"},{"floor":8.0,"key":"Dexterity Potion"},{"floor":11.0,"key":"LiquidBronze"},{"floor":20.0,"key":"Dexterity Potion"}],"is_trial":false,"path_per_floor":["M","?","M","M","?","E","R","M","T","R","E","$","$","M","R","B",null,"M","M","M","M","M","R","E"],"character_chosen":"DEFECT","items_purchased":["Membership Card"],"campfire_rested":2,"item_purchase_floors":[12],"current_hp_per_floor":[75,80,72,71,71,55,55,50,50,50,35,35,35,27,51,20,80,70,59,36,23,10,34,0],"gold":213,"neow_bonus":"BOSS_RELIC","is_prod":false,"is_daily":false,"chose_seed":false,"campfire_upgraded":2,"win_rate":0,"timestamp":1554875262,"path_taken":["M","?","M","M","?","E","R","M","T","R","E","?","$","?","R","BOSS","M","M","M","M","M","R","E"],"build_version":"2019-01-23","purchased_purges":0,"victory":false,"max_hp_per_floor":[75,80,80,80,80,80,80,80,80,80,80,80,80,80,80,80,80,80,80,80,80,80,80,80],"card_choices":[{"not_picked":["Coolheaded","Sweeping Beam"],"picked":"FTL","floor":1.0},{"not_picked":["Reprogram","Double Energy","Blizzard"],"picked":"SKIP","floor":3.0},{"not_picked":["Leap","Hologram"],"picked":"White Noise","floor":4.0},{"not_picked":["Force Field","Hologram"],"picked":"Core Surge","floor":6.0},{"not_picked":["Sweeping Beam","Self Repair"],"picked":"Conserve Battery","floor":8.0},{"not_picked":["Aggregate","Gash","Beam Cell","Streamline"],"picked":"SKIP","floor":11.0},{"not_picked":["Compile Driver","Chill","FTL"],"picked":"Auto Shields","floor":14.0},{"not_picked":["Multi-Cast","Reboot","Hyperbeam"],"picked":"Echo Form","floor":16.0},{"not_picked":["Go for the Eyes+1","Streamline","Turbo"],"picked":"Ball Lightning+1","floor":18.0},{"not_picked":["Recycle","Go for the Eyes+1","Streamline+1"],"picked":"Stack+1","floor":19.0},{"not_picked":["Aggregate+1","Beam Cell","Go for the Eyes"],"picked":"Coolheaded+1","floor":20.0},{"not_picked":["Aggregate+1","Stack","Darkness"],"picked":"Leap","floor":21.0},{"not_picked":["Leap","Stack","Go for the Eyes"],"picked":"Hello World","floor":22.0}],"player_experience":307361,"relics_obtained":[{"floor":6.0,"key":"Cables"},{"floor":9.0,"key":"Question Card"},{"floor":11.0,"key":"Art of War"}],"event_choices":[{"damage_healed":0.0,"max_hp_gain":5.0,"max_hp_loss":0.0,"gold_gain":0.0,"event_name":"Big Fish","player_choice":"Donut","floor":2.0,"gold_loss":0.0,"damage_taken":0.0},{"damage_healed":0.0,"max_hp_gain":0.0,"max_hp_loss":0.0,"gold_gain":0.0,"cards_transformed":["Strike_B"],"event_name":"Living Wall","player_choice":"Change","floor":5.0,"gold_loss":0.0,"damage_taken":0.0,"cards_obtained":["Coolheaded"]}],"is_beta":false,"boss_relics":[{"not_picked":["Philosopher\u0027s Stone","Fusion Hammer"],"picked":"Snecko Eye"}],"items_purged_floors":[],"is_endless":false,"potions_floor_spawned":[3,6,8,11,14,20],"killed_by":"Book of Stabbing","ascension_level":4}