{"path_per_floor":["M","$","M","M","$","E","M","M","T","M","M","E","$","M","R","B",null,"M","?","?","M","M","M","M","$","T","$","M","M","?","M","R"],"character_chosen":"IRONCLAD","items_purchased":["Block Potion"],"gold_per_floor":[111,36,56,76,76,103,118,129,129,145,162,188,88,107,107,204,204,215,215,140,154,165,178,189,16,16,16,26,43,43,59,59,59],"floor_reached":33,"campfire_rested":1,"playtime":994,"item_purchase_floors":[25],"current_hp_per_floor":[80,80,79,74,74,65,71,72,72,62,53,37,37,42,42,25,80,76,76,76,57,54,30,41,41,51,51,55,39,39,21,48,0],"items_purged":["Strike_R","Strike_R","Strike_R"],"gold":59,"score":267,"play_id":"fcc7a4e7-ae82-442d-a5db-86561a163a95","local_time":"20180531135507","is_prod":false,"is_daily":false,"chose_seed":false,"is_ascension_mode":false,"campfire_upgraded":1,"win_rate":0,"timestamp":1527746107,"campfire_choices":[{"data":"Rampage","floor":15,"key":"SMITH"},{"floor":32,"key":"REST"}],"path_taken":["M","$","M","M","?","E","M","?","T","M","M","E","$","M","R","BOSS","M","?","?","M","M","M","M","$","T","$","M","M","?","M","R","BOSS"],"build_version":"2018-05-24","seed_source_timestamp":279019965842871,"purchased_purges":3,"victory":false,"master_deck":["Strike_R","Defend_R","Defend_R","Defend_R","Bash","Rampage+1"],"max_hp_per_floor":[80,80,80,80,80,80,80,80,80,80,80,80,80,80,80,80,80,80,80,80,80,80,80,80,80,90,90,90,90,90,90,90,90],"relics":["Burning Blood","Potion Belt","Meat on the Bone","Unceasing Top","Pear"],"card_choices":[{"not_picked":["Rupture","Evolve","Armaments"],"picked":"SKIP","floor":1},{"not_picked":["Clothesline","Seeing Red"],"picked":"Rampage","floor":3},{"not_picked":["Reckless Charge","Warcry","Iron Wave"],"picked":"SKIP","floor":4},{"not_picked":["Ghostly Armor","Infernal Blade","Sword Boomerang"],"picked":"SKIP","floor":6},{"not_picked":["Sword Boomerang","Hemokinesis","Havoc"],"picked":"SKIP","floor":7},{"not_picked":["Shrug It Off","Cleave","Body Slam"],"picked":"SKIP","floor":8},{"not_picked":["Warcry","Armaments","Havoc"],"picked":"SKIP","floor":10},{"not_picked":["Sword Boomerang","Dual Wield","Cleave"],"picked":"SKIP","floor":11},{"not_picked":["Twin Strike","Pommel Strike","Wild Strike"],"picked":"SKIP","floor":12},{"not_picked":["Infernal Blade","Juggernaut","Carnage"],"picked":"SKIP","floor":14},{"not_picked":["Blood for Blood+1","Clothesline","Warcry"],"picked":"SKIP","floor":18},{"not_picked":["Pommel Strike+1","Shrug It Off","Clash"],"picked":"SKIP","floor":21},{"not_picked":["Twin Strike","Pommel Strike","Second Wind"],"picked":"SKIP","floor":22},{"not_picked":["Blood for Blood","Impervious","Burning Pact+1"],"picked":"SKIP","floor":23},{"not_picked":["Shrug It Off","Flex+1","Havoc+1"],"picked":"SKIP","floor":24},{"not_picked":["Headbutt","Thunderclap","Second Wind+1"],"picked":"SKIP","floor":28},{"not_picked":["Shrug It Off+1","Corruption","Anger"],"picked":"SKIP","floor":29},{"not_picked":["Clothesline+1","Searing Blow","Reaper"],"picked":"SKIP","floor":31}],"player_experience":203546,"potions_floor_usage":[6,6,8,16,22,24,28],"damage_taken":[{"damage":1,"enemies":"Cultist","floor":1,"turns":3},{"damage":7,"enemies":"Small Slimes","floor":3,"turns":5},{"damage":11,"enemies":"Jaw Worm","floor":4,"turns":2},{"damage":15,"enemies":"3 Sentries","floor":6,"turns":7},{"damage":0,"enemies":"Large Slime","floor":7,"turns":4},{"damage":5,"enemies":"Exordium Thugs","floor":8,"turns":4},{"damage":16,"enemies":"Blue Slaver","floor":10,"turns":4},{"damage":15,"enemies":"3 Louse","floor":11,"turns":3},{"damage":34,"enemies":"Gremlin Nob","floor":12,"turns":5},{"damage":13,"enemies":"Red Slaver","floor":14,"turns":3},{"damage":35,"enemies":"Slime Boss","floor":16,"turns":8},{"damage":10,"enemies":"Chosen","floor":18,"turns":4},{"damage":25,"enemies":"2 Thieves","floor":21,"turns":4},{"damage":29,"enemies":"Centurion and Healer","floor":22,"turns":7},{"damage":42,"enemies":"Slaver and Parasite","floor":23,"turns":8},{"damage":15,"enemies":"Snecko","floor":24,"turns":4},{"damage":14,"enemies":"Centurion and Healer","floor":28,"turns":5},{"damage":34,"enemies":"Sentry and Sphere","floor":29,"turns":5},{"damage":36,"enemies":"Snake Plant","floor":31,"turns":4},{"damage":51,"enemies":"Automaton","floor":33,"turns":4}],"relics_obtained":[{"floor":6,"key":"Potion Belt"},{"floor":9,"key":"Meat on the Bone"},{"floor":12,"key":"Unceasing Top"},{"floor":26,"key":"Pear"}],"event_choices":[{"event_name":"The Mausoleum","player_choice":"No","floor":19,"damage_taken":0},{"event_name":"Beggar","player_choice":"Gave Gold","floor":20,"damage_taken":0},{"event_name":"Vampires","player_choice":"Ignored","floor":30,"damage_taken":0}],"boss_relics":[{"not_picked":["Orrery","Calling Bell","Ectoplasm"]}],"items_purged_floors":[2,13,25],"potions_floor_spawned":[1,3,7,14,18,23],"seed_played":"-5342838981636633368","killed_by":"Automaton","ascension_level":0,"potions_obtained":[{"floor":1,"key":"SkillPotion"},{"floor":3,"key":"SteroidPotion"},{"floor":7,"key":"Block Potion"},{"floor":14,"key":"Explosive Potion"},{"floor":18,"key":"BloodPotion"},{"floor":23,"key":"BloodPotion"}],"is_trial":false}