{"gold_per_floor":[118,137,137,52,71,71,105,105,105,15,15,15,15,31,31,31],"floor_reached":16,"playtime":252,"items_purged":[],"score":196,"play_id":"a2c79830-2df5-475b-bf70-1e10c56e31ca","local_time":"20190205150655","is_ascension_mode":true,"campfire_choices":[{"data":"Riddle With Holes","floor":6,"key":"SMITH"},{"data":"1","floor":13,"key":"LIFT"},{"data":"2","floor":15,"key":"LIFT"}],"neow_cost":"NONE","seed_source_timestamp":72617341751722,"circlet_count":0,"master_deck":["AscendersBane","Defend_G","Defend_G","Defend_G","Defend_G","Defend_G","Strike_G","Strike_G","Strike_G","Strike_G","Survivor","Neutralize","Dagger Throw","Riddle With Holes+1","Footwork","All Out Attack","PiercingWail","Accuracy","Dodge and Roll"],"relics":["Ring of the Snake","NeowsBlessing","Girya","Tingsha"],"potions_floor_usage":[7,16],"damage_taken":[{"damage":0,"enemies":"Jaw Worm","floor":1,"turns":1},{"damage":0,"enemies":"Cultist","floor":2,"turns":1},{"damage":0,"enemies":"Small Slimes","floor":5,"turns":1},{"damage":18,"enemies":"Gremlin Nob","floor":7,"turns":4},{"damage":0,"enemies":"Exordium Wildlife","floor":14,"turns":3},{"damage":41,"enemies":"Slime Boss","floor":16,"turns":7}],"seed_played":"-5881408374389492974","potions_obtained":[{"floor":2,"key":"Block Potion"},{"floor":7,"key":"Block Potion"}],"is_trial":false,"path_per_floor":["M","M","?","$","M","R","E","?","T","$","?","$","R","M","R","B"],"character_chosen":"THE_SILENT","items_purchased":["Footwork","Accuracy"],"campfire_rested":0,"item_purchase_floors":[4,10],"current_hp_per_floor":[59,59,59,59,59,59,41,41,41,41,41,41,41,41,41,0],"gold":31,"neow_bonus":"THREE_ENEMY_KILL","is_prod":false,"is_daily":false,"chose_seed":false,"campfire_upgraded":1,"win_rate":0,"timestamp":1549397215,"path_taken":["M","M","?","$","?","R","E","?","T","$","?","$","R","M","R","BOSS"],"build_version":"2019-01-23","purchased_purges":0,"victory":false,"max_hp_per_floor":[66,66,66,66,66,66,66,66,66,66,66,66,66,66,66,66],"card_choices":[{"not_picked":["Deadly Poison","Underhanded Strike"],"picked":"Dagger Throw","floor":1},{"not_picked":["Underhanded Strike","Deadly Poison"],"picked":"Riddle With Holes","floor":2},{"not_picked":["Quick Slash","Eviscerate"],"picked":"All Out Attack","floor":5},{"not_picked":["Flying Knee","Catalyst"],"picked":"PiercingWail","floor":7},{"not_picked":["Expertise","Deadly Poison"],"picked":"Dodge and Roll","floor":14}],"player_experience":820931,"relics_obtained":[{"floor":7,"key":"Girya"},{"floor":9,"key":"Tingsha"}],"event_choices":[{"cards_removed":["Strike_G"],"damage_healed":0,"gold_gain":0,"player_choice":"Purged","damage_taken":0,"max_hp_gain":0,"max_hp_loss":0,"event_name":"Purifier","floor":3,"gold_loss":0},{"damage_healed":0,"gold_gain":0,"player_choice":"Ignored","damage_taken":0,"max_hp_gain":0,"max_hp_loss":0,"event_name":"Shining Light","floor":8,"gold_loss":0},{"damage_healed":0,"gold_gain":0,"player_choice":"Leave","damage_taken":0,"max_hp_gain":0,"max_hp_loss":0,"event_name":"The Cleric","floor":11,"gold_loss":0}],"is_beta":false,"boss_relics":[],"items_purged_floors":[],"is_endless":false,"potions_floor_spawned":[2,7],"killed_by":"Slime Boss","ascension_level":20}