{"path_per_floor":["M","?","?","$","M","R","?","R","T","R","$","M","M","$","R","B",null,"M","$","M","M","?"],"character_chosen":"THE_SILENT","items_purchased":["Prepared","Choke"],"gold_per_floor":[112,187,187,112,129,129,129,129,211,211,61,79,95,24,24,124,124,137,12,12,25,0,0],"floor_reached":23,"campfire_rested":1,"playtime":755,"item_purchase_floors":[11,14],"current_hp_per_floor":[69,58,44,44,44,44,44,44,44,65,65,65,65,65,65,62,70,67,67,51,42,42,0],"items_purged":["Strike_G","Strike_G","Strike_G"],"gold":0,"score":179,"play_id":"b67b14d6-078a-46fd-bbb0-4e43ca14679f","local_time":"20180528153916","is_prod":false,"is_daily":false,"chose_seed":false,"is_ascension_mode":false,"campfire_upgraded":3,"win_rate":0,"timestamp":1527493156,"campfire_choices":[{"data":"Neutralize","floor":6,"key":"SMITH"},{"data":"Dagger Throw","floor":8,"key":"SMITH"},{"floor":10,"key":"REST"},{"data":"Choke","floor":15,"key":"SMITH"}],"path_taken":["M","?","?","$","?","R","?","R","T","R","$","M","M","?","R","BOSS","M","$","M","?","?","E"],"build_version":"2018-05-24","seed_source_timestamp":26288771547897,"purchased_purges":3,"victory":false,"master_deck":["Defend_G","Defend_G","Defend_G","Defend_G","Defend_G","Strike_G+1","Survivor","Neutralize+1","Blade Dance+1","Dagger Throw+1","Leg Sweep","Prepared","Cloak And Dagger","Choke+1","Storm of Steel","Parasite","Parasite","Parasite","Concentrate+1","Backflip","Flying Knee"],"max_hp_per_floor":[70,70,70,70,70,70,70,70,70,70,70,70,70,70,70,70,70,70,70,70,70,70,75],"relics":["Ring of the Snake","Bottled Flame","Calling Bell","Bag of Marbles","Matryoshka","Bird Faced Urn"],"card_choices":[{"not_picked":["PiercingWail","Dagger Spray"],"picked":"Blade Dance","floor":1},{"not_picked":["Endless Agony","Leg Sweep"],"picked":"Dagger Throw","floor":5},{"not_picked":["Bane","Leg Sweep","Slice"],"picked":"SKIP","floor":12},{"not_picked":["Bane","Quick Slash"],"picked":"Cloak And Dagger","floor":13},{"not_picked":["Grand Finale","Unload"],"picked":"Storm of Steel","floor":16},{"not_picked":["Malaise","Slice"],"picked":"Concentrate+1","floor":18},{"not_picked":["Deflect+1","Riddle With Holes+1"],"picked":"Backflip","floor":20},{"not_picked":["Deflect","Sucker Punch"],"picked":"Flying Knee","floor":21}],"player_experience":189188,"potions_floor_usage":[16,16,16,20,20,23],"damage_taken":[{"damage":1,"enemies":"2 Louse","floor":1,"turns":3},{"damage":0,"enemies":"Jaw Worm","floor":5,"turns":3},{"damage":0,"enemies":"Small Slimes","floor":12,"turns":2},{"damage":0,"enemies":"Gremlin Gang","floor":13,"turns":4},{"damage":3,"enemies":"Slime Boss","floor":16,"turns":9},{"damage":3,"enemies":"3 Byrds","floor":18,"turns":5},{"damage":16,"enemies":"2 Thieves","floor":20,"turns":4},{"damage":9,"enemies":"Snake Plant","floor":21,"turns":5},{"damage":50,"enemies":"Book of Stabbing","floor":23,"turns":6}],"relics_obtained":[{"floor":9,"key":"Bottled Flame"},{"floor":17,"key":"Bag of Marbles"},{"floor":17,"key":"Matryoshka"},{"floor":17,"key":"Bird Faced Urn"}],"event_choices":[{"event_name":"World of Goop","player_choice":"Gather Gold","floor":2,"damage_taken":0},{"event_name":"Shining Light","player_choice":"Entered Light","floor":3,"damage_taken":0},{"event_name":"Living Wall","player_choice":"Change","floor":7,"damage_taken":0},{"event_name":"Masked Bandits","player_choice":"Paid Bandits 25 gold","floor":22,"damage_taken":0}],"boss_relics":[{"not_picked":["Black Star","Runic Dome"],"picked":"Calling Bell"}],"items_purged_floors":[4,11,19],"potions_floor_spawned":[12,13,16,21],"seed_played":"5010522587865027409","killed_by":"Book of Stabbing","ascension_level":0,"potions_obtained":[{"floor":12,"key":"EntropicBrew"},{"floor":13,"key":"Energy Potion"},{"floor":16,"key":"EssenceOfSteel"},{"floor":21,"key":"Fruit Juice"}],"is_trial":false}