{"gold_per_floor":[109,41,58,68,68,93,108,108,132,147,147,162,175,191,191,288,288,277,43,57,57,83,83,83],"floor_reached":24,"playtime":1738,"items_purged":[],"score":200,"play_id":"971dae74-cf3a-4d68-9593-eed408424dc4","local_time":"20190427135135","is_ascension_mode":false,"campfire_choices":[{"data":"Defend_R","floor":11,"key":"SMITH"},{"data":"Cleave","floor":15,"key":"SMITH"},{"floor":23,"key":"REST"}],"neow_cost":"","seed_source_timestamp":1448854156241800,"circlet_count":0,"master_deck":["Strike_R","Strike_R","Defend_R","Defend_R","Defend_R+1","Bash","Clothesline","Flame Barrier+1","Anger","Thunderclap+1","Cleave+1","Cleave","Iron Wave","Warcry","Dual Wield","Anger","Fire Breathing","Bludgeon","Twin Strike+1","Barricade+1","Dual Wield+1","Infernal Blade","Mayhem","Inflame","Armaments"],"relics":["Burning Blood","Oddly Smooth Stone","Bronze Scales","Astrolabe","Vajra"],"potions_floor_usage":[16,16,16,20],"damage_taken":[{"damage":5,"enemies":"Cultist","floor":1,"turns":4},{"damage":12,"enemies":"Small Slimes","floor":3,"turns":4},{"damage":0,"enemies":"2 Louse","floor":4,"turns":3},{"damage":20,"enemies":"Lagavulin","floor":6,"turns":7},{"damage":0,"enemies":"Lots of Slimes","floor":7,"turns":2},{"damage":0,"enemies":"Exordium Wildlife","floor":10,"turns":2},{"damage":4,"enemies":"Exordium Thugs","floor":12,"turns":3},{"damage":6,"enemies":"3 Louse","floor":13,"turns":2},{"damage":5,"enemies":"2 Fungi Beasts","floor":14,"turns":3},{"damage":69,"enemies":"The Guardian","floor":16,"turns":9},{"damage":40,"enemies":"2 Thieves","floor":18,"turns":4},{"damage":30,"enemies":"Shell Parasite","floor":20,"turns":6},{"damage":50,"enemies":"Slavers","floor":24,"turns":3}],"seed_played":"-7718372744847505741","potions_obtained":[{"floor":1,"key":"FearPotion"},{"floor":4,"key":"Explosive Potion"},{"floor":10,"key":"SpeedPotion"},{"floor":12,"key":"PowerPotion"},{"floor":13,"key":"BloodPotion"},{"floor":14,"key":"LiquidBronze"},{"floor":18,"key":"Fire Potion"}],"is_trial":false,"path_per_floor":["M","$","M","M","?","E","M","?","T","M","R","M","M","M","R","B",null,"M","$","M","?","T","R","E"],"character_chosen":"IRONCLAD","items_purchased":["Flame Barrier","Mayhem","Inflame"],"campfire_rested":1,"item_purchase_floors":[2,19,19],"current_hp_per_floor":[80,80,74,80,64,50,56,56,56,62,62,64,64,65,65,10,80,46,46,22,22,22,46,0],"gold":83,"neow_bonus":"","is_prod":false,"is_daily":false,"chose_seed":false,"campfire_upgraded":2,"win_rate":0.0,"timestamp":1556387495,"path_taken":["M","$","?","M","?","E","M","?","T","M","R","M","?","M","R","BOSS","M","$","M","?","?","R","E"],"build_version":"2019-01-23","purchased_purges":0,"victory":false,"max_hp_per_floor":[80,80,80,80,80,80,80,80,80,80,80,80,80,80,80,80,80,80,80,80,80,80,80,80],"card_choices":[{"not_picked":["Flex","Battle Trance"],"picked":"Clothesline","floor":1},{"not_picked":["Sword Boomerang","Corruption"],"picked":"Anger","floor":3},{"not_picked":["Clash","Clothesline"],"picked":"Thunderclap","floor":4},{"not_picked":["Clothesline","Thunderclap"],"picked":"Cleave","floor":6},{"not_picked":["Uppercut","Headbutt"],"picked":"Cleave","floor":7},{"not_picked":["True Grit","Clothesline"],"picked":"Warcry","floor":10},{"not_picked":["Impervious","Body Slam"],"picked":"Dual Wield","floor":12},{"not_picked":["Thunderclap","Sever Soul"],"picked":"Anger","floor":13},{"not_picked":["True Grit","Bloodletting"],"picked":"Fire Breathing","floor":14},{"not_picked":["Feed","Impervious"],"picked":"Bludgeon","floor":16},{"not_picked":["Anger+1","Fire Breathing"],"picked":"Infernal Blade","floor":18},{"not_picked":["Hemokinesis+1","Clash"],"picked":"Armaments","floor":20}],"player_experience":0,"relics_obtained":[{"floor":6,"key":"Oddly Smooth Stone"},{"floor":9,"key":"Bronze Scales"},{"floor":22,"key":"Vajra"}],"event_choices":[{"damage_healed":0,"gold_gain":0,"player_choice":"Entered Light","damage_taken":16,"max_hp_gain":0,"max_hp_loss":0,"event_name":"Shining Light","floor":5,"gold_loss":0,"cards_upgraded":["Flame Barrier","Thunderclap"]},{"cards_removed":["Strike_R"],"damage_healed":0,"gold_gain":0,"player_choice":"Took Card","damage_taken":0,"max_hp_gain":0,"max_hp_loss":0,"event_name":"NoteForYourself","floor":8,"gold_loss":0,"cards_obtained":["Iron Wave"]},{"damage_healed":0,"gold_gain":0,"player_choice":"Ignored","damage_taken":0,"max_hp_gain":0,"max_hp_loss":0,"event_name":"Beggar","floor":21,"gold_loss":0}],"is_beta":false,"boss_relics":[{"not_picked":["Fusion Hammer","Eternal Feather"],"picked":"Astrolabe"}],"items_purged_floors":[],"is_endless":false,"potions_floor_spawned":[1,4,10,12,13,14,18],"killed_by":"Slavers","ascension_level":0}