{"gold_per_floor":[119,294,312,322,59,59,91,104,161,177,195,195,226,238,238,343,343,360,360,7,7,25,25,57,76,76,94,114,134,134,147,147,242,242,258,3,19,29,29,29,49,83,83,83],"floor_reached":44,"playtime":2446,"items_purged":["Doubt"],"score":571,"play_id":"81273638-e758-43da-99b2-571d799f1066","local_time":"20180830110252","is_ascension_mode":true,"campfire_choices":[{"data":"Chrysalis","floor":6,"key":"SMITH"},{"floor":12,"key":"REST"},{"data":"Hyperbeam","floor":15,"key":"SMITH"},{"floor":23,"key":"REST"},{"floor":32,"key":"REST"},{"data":"Reboot","floor":40,"key":"SMITH"}],"neow_cost":"NONE","seed_source_timestamp":789134398506444,"circlet_count":0,"master_deck":["Strike_B","Strike_B","Defend_B","Defend_B","Defend_B","Defend_B","Zap","Dualcast+1","Genetic Algorithm","Static Discharge","Tempest","Chrysalis+1","Hyperbeam+1","Steam Power","Hologram+1","Electrodynamics","Reboot+1","Skim+1","Creative AI","Gash+1","Double Energy+1","Core Surge","Beam Cell","Turbo","Aggregate+1","Reprogram+1"],"relics":["Cracked Core","Pen Nib","Blood Vial","Tiny Chest","Art of War","Sozu","Toolbox","War Paint","Regal Pillow","Mercury Hourglass","Smiling Mask","Empty Cage","OrangePellets","Incense Burner","Question Card"],"potions_floor_usage":[7,13,16,16,16,16,18,29],"damage_taken":[{"damage":5,"enemies":"Small Slimes","floor":1,"turns":3},{"damage":17,"enemies":"Jaw Worm","floor":3,"turns":4},{"damage":3,"enemies":"2 Louse","floor":4,"turns":2},{"damage":32,"enemies":"Gremlin Nob","floor":7,"turns":4},{"damage":0,"enemies":"Exordium Thugs","floor":8,"turns":4},{"damage":0,"enemies":"Exordium Wildlife","floor":10,"turns":2},{"damage":0,"enemies":"2 Fungi Beasts","floor":11,"turns":1},{"damage":5,"enemies":"3 Sentries","floor":13,"turns":2},{"damage":1,"enemies":"Looter","floor":14,"turns":3},{"damage":47,"enemies":"The Guardian","floor":16,"turns":10},{"damage":8,"enemies":"Shell Parasite","floor":18,"turns":4},{"damage":18,"enemies":"2 Thieves","floor":22,"turns":4},{"damage":45,"enemies":"Gremlin Leader","floor":24,"turns":5},{"damage":22,"enemies":"Chosen and Byrds","floor":25,"turns":7},{"damage":3,"enemies":"Centurion and Healer","floor":27,"turns":3},{"damage":8,"enemies":"Cultist and Chosen","floor":28,"turns":4},{"damage":7,"enemies":"Chosen and Byrds","floor":29,"turns":6},{"damage":0,"enemies":"Snecko","floor":31,"turns":2},{"damage":36,"enemies":"Automaton","floor":33,"turns":12},{"damage":0,"enemies":"3 Shapes","floor":35,"turns":3},{"damage":6,"enemies":"Orb Walker","floor":37,"turns":3},{"damage":12,"enemies":"Sphere and 2 Shapes","floor":38,"turns":5},{"damage":0,"enemies":"3 Darklings","floor":41,"turns":1},{"damage":62,"enemies":"Nemesis","floor":42,"turns":6},{"damage":11,"enemies":"4 Shapes","floor":44,"turns":1}],"seed_played":"-2825917110613228150","potions_obtained":[{"floor":4,"key":"Dexterity Potion"},{"floor":8,"key":"Energy Potion"},{"floor":13,"key":"Energy Potion"},{"floor":14,"key":"EntropicBrew"},{"floor":16,"key":"Block Potion"}],"is_trial":false,"path_per_floor":["M","?","M","M","$","R","E","M","T","M","M","R","E","M","R","B",null,"M","?","$","T","M","R","E","M","T","M","M","M","?","M","R","B",null,"M","$","M","M","$","R","M","E","T"],"character_chosen":"DEFECT","items_purchased":["Chrysalis","Toolbox","War Paint","OrangePellets","Beam Cell"],"campfire_rested":3,"item_purchase_floors":[5,20,20,36,36],"current_hp_per_floor":[70,70,53,50,50,50,18,20,20,22,24,46,43,44,44,4,75,67,53,53,53,37,76,33,13,13,12,13,8,8,10,49,15,80,80,80,74,64,64,64,66,6,6,0],"gold":83,"neow_bonus":"RANDOM_COMMON_RELIC","is_prod":false,"is_daily":false,"chose_seed":false,"campfire_upgraded":3,"win_rate":0,"timestamp":1535641372,"path_taken":["M","?","M","M","$","R","E","M","T","M","M","R","E","M","R","BOSS","M","?","$","?","M","R","E","M","T","M","M","M","?","?","R","BOSS","M","$","M","M","$","R","M","E","T","M"],"build_version":"2018-08-23v2","purchased_purges":1,"victory":false,"max_hp_per_floor":[75,75,75,75,75,75,75,75,75,75,75,75,75,75,75,75,75,75,80,80,80,80,80,80,80,80,80,80,80,80,80,80,80,80,80,80,80,80,80,80,80,80,80,80],"card_choices":[{"not_picked":["Redo","Go for the Eyes"],"picked":"Genetic Algorithm","floor":1},{"not_picked":["Capacitor","Gash"],"picked":"Static Discharge","floor":3},{"not_picked":["Gash","Barrage"],"picked":"Tempest","floor":4},{"not_picked":["Gash","Reinforced Body"],"picked":"Hyperbeam","floor":7},{"not_picked":["Beam Cell","Barrage"],"picked":"Steam Power","floor":8},{"not_picked":["Compile Driver","Tempest","Ball Lightning"],"picked":"SKIP","floor":10},{"not_picked":["Barrage","FTL"],"picked":"Hologram","floor":11},{"not_picked":["Lockon","Conserve Battery","Go for the Eyes"],"picked":"SKIP","floor":13},{"not_picked":["Conserve Battery","Turbo"],"picked":"Electrodynamics","floor":14},{"not_picked":["Machine Learning","Multi-Cast"],"picked":"Reboot","floor":16},{"not_picked":["Coolheaded","Beam Cell","Redo"],"picked":"SKIP","floor":18},{"not_picked":["Coolheaded+1","Undo"],"picked":"Skim+1","floor":22},{"not_picked":["Glacier","Beam Cell"],"picked":"Creative AI","floor":24},{"not_picked":["Steam Power","Consume+1"],"picked":"Gash+1","floor":25},{"not_picked":["Steam","Reinforced Body+1","Heatsinks"],"picked":"SKIP","floor":27},{"not_picked":["Coolheaded","Force Field","Genetic Algorithm"],"picked":"SKIP","floor":28},{"not_picked":["Streamline","Redo","Coolheaded"],"picked":"SKIP","floor":29},{"not_picked":["Barrage","Darkness"],"picked":"Double Energy+1","floor":31},{"not_picked":["Meteor Strike","Rainbow"],"picked":"Core Surge","floor":33},{"not_picked":["Cold Snap+1","Barrage+1","Lockon"],"picked":"SKIP","floor":35},{"not_picked":["Rebound","BootSequence"],"picked":"Turbo","floor":37},{"not_picked":["Sweeping Beam+1","Chill"],"picked":"Aggregate+1","floor":38},{"not_picked":["Beam Cell+1","Conserve Battery","Leap"],"picked":"SKIP","floor":41},{"not_picked":["Rip and Tear+1","Static Discharge+1"],"picked":"Reprogram+1","floor":42}],"player_experience":488252,"relics_obtained":[{"floor":7,"key":"Blood Vial"},{"floor":9,"key":"Tiny Chest"},{"floor":13,"key":"Art of War"},{"floor":21,"key":"Regal Pillow"},{"floor":24,"key":"Mercury Hourglass"},{"floor":26,"key":"Smiling Mask"},{"floor":42,"key":"Incense Burner"},{"floor":43,"key":"Question Card"}],"event_choices":[{"event_name":"Liars Game","player_choice":"agreed","floor":2,"damage_taken":0},{"event_name":"Forgotten Altar","player_choice":"Shed Blood","floor":19,"damage_taken":0},{"event_name":"Cursed Tome","player_choice":"Ignored","floor":30,"damage_taken":0}],"is_beta":false,"boss_relics":[{"not_picked":["Black Star","FrozenCore"],"picked":"Sozu"},{"not_picked":["Coffee Dripper","Inserter"],"picked":"Empty Cage"}],"items_purged_floors":[5],"is_endless":false,"potions_floor_spawned":[4,8,13,14,16,22,27,31,33,37,41],"killed_by":"4 Shapes","ascension_level":4}