{"gold_per_floor":[116,134,152,213,232,232,249,249,299,299,326,342,342,74,74,173,173,183,183,199,199,199],"floor_reached":22,"playtime":818,"items_purged":[],"score":295,"play_id":"31b63538-6d8f-44ee-b851-344c1082236f","local_time":"20190402232245","is_ascension_mode":true,"campfire_choices":[{"data":"Zap","floor":6,"key":"SMITH"},{"data":"Dualcast","floor":8,"key":"SMITH"},{"data":"Sunder","floor":15,"key":"SMITH"}],"neow_cost":"NONE","seed_source_timestamp":1780378959689233,"circlet_count":0,"master_deck":["Strike_B+1","Strike_B+1","Strike_B+1","Strike_B+1","Defend_B+1","Defend_B+1","Defend_B+1","Defend_B+1","Zap+1","Dualcast+1","Streamline+1","Hello World","Rebound","Rip and Tear","Conserve Battery","Hello World","Amplify","Sunder+1","Beam Cell","All For One","Streamline+1"],"relics":["Cracked Core","Bag of Preparation","Whetstone","Mummified Hand","Boot","Happy Flower","Eternal Feather"],"potions_floor_usage":[16,16],"damage_taken":[{"damage":2,"enemies":"Jaw Worm","floor":1,"turns":3},{"damage":0,"enemies":"2 Louse","floor":2,"turns":2},{"damage":0,"enemies":"Small Slimes","floor":3,"turns":3},{"damage":11,"enemies":"Looter","floor":5,"turns":2},{"damage":17,"enemies":"Lots of Slimes","floor":7,"turns":3},{"damage":8,"enemies":"Gremlin Nob","floor":11,"turns":3},{"damage":14,"enemies":"Red Slaver","floor":12,"turns":2},{"damage":0,"enemies":"Hexaghost","floor":16,"turns":7},{"damage":5,"enemies":"Shell Parasite","floor":18,"turns":2},{"damage":0,"enemies":"Spheric Guardian","floor":20,"turns":2},{"damage":48,"enemies":"Colosseum Slavers","floor":22,"turns":3}],"seed_played":"-6837312881355666321","potions_obtained":[{"floor":2,"key":"EssenceOfSteel"},{"floor":7,"key":"SpeedPotion"},{"floor":16,"key":"SpeedPotion"},{"floor":18,"key":"Regen Potion"},{"floor":20,"key":"Dexterity Potion"}],"is_trial":false,"path_per_floor":["M","M","M","?","M","R","M","R","T","?","E","M","?","$","R","B",null,"M","?","M","?","?"],"character_chosen":"DEFECT","items_purchased":["Sunder","Happy Flower","Beam Cell"],"campfire_rested":0,"item_purchase_floors":[14,14,14],"current_hp_per_floor":[73,73,73,73,62,62,45,45,45,45,37,23,23,23,23,23,62,57,57,57,43,0],"gold":199,"neow_bonus":"RANDOM_COMMON_RELIC","is_prod":false,"is_daily":false,"chose_seed":false,"campfire_upgraded":3,"win_rate":0,"timestamp":1554272565,"path_taken":["M","M","M","?","M","R","M","R","T","?","E","M","?","?","R","BOSS","M","?","M","?","?"],"build_version":"2019-01-23","purchased_purges":0,"victory":false,"max_hp_per_floor":[75,75,75,75,75,75,75,75,75,75,75,75,75,75,75,75,75,75,75,75,80,80],"card_choices":[{"not_picked":["Conserve Battery","Leap"],"picked":"Streamline","floor":1},{"not_picked":["Melter","Compile Driver"],"picked":"Hello World","floor":2},{"not_picked":["Stack","Streamline"],"picked":"Rebound","floor":3},{"not_picked":["Reprogram","Capacitor"],"picked":"Rip and Tear","floor":5},{"not_picked":["Streamline","Stack"],"picked":"Conserve Battery","floor":7},{"not_picked":["Force Field","Darkness"],"picked":"Hello World","floor":11},{"not_picked":["Streamline","Cold Snap"],"picked":"Amplify","floor":12},{"not_picked":["Multi-Cast","Seek"],"picked":"All For One","floor":16},{"not_picked":["Steam","Sweeping Beam"],"picked":"Streamline+1","floor":18},{"not_picked":["Stack","Compile Driver","Conserve Battery"],"picked":"SKIP","floor":20}],"player_experience":504285,"relics_obtained":[{"floor":9,"key":"Whetstone"},{"floor":11,"key":"Boot"}],"event_choices":[{"damage_healed":0,"gold_gain":61,"player_choice":"Gained Gold","damage_taken":0,"max_hp_gain":0,"max_hp_loss":0,"event_name":"Golden Wing","floor":4,"gold_loss":0},{"damage_healed":0,"gold_gain":0,"player_choice":"Searched \u00271\u0027 times","damage_taken":0,"relics_obtained":["Mummified Hand"],"max_hp_gain":0,"max_hp_loss":0,"event_name":"Dead Adventurer","floor":10,"gold_loss":0},{"damage_healed":0,"gold_gain":0,"player_choice":"Grow","damage_taken":0,"max_hp_gain":0,"max_hp_loss":0,"event_name":"Living Wall","floor":13,"gold_loss":0,"cards_upgraded":["Streamline"]},{"damage_healed":0,"gold_gain":0,"player_choice":"Simplicity","damage_taken":0,"max_hp_gain":0,"max_hp_loss":0,"event_name":"Back to Basics","floor":19,"gold_loss":0,"cards_upgraded":["Strike_B","Strike_B","Defend_B","Defend_B","Defend_B","Defend_B"]},{"damage_healed":0,"gold_gain":0,"player_choice":"Shed Blood","damage_taken":19,"max_hp_gain":5,"max_hp_loss":0,"event_name":"Forgotten Altar","floor":21,"gold_loss":0},{"damage_healed":0,"gold_gain":0,"player_choice":"Fight","damage_taken":0,"max_hp_gain":0,"max_hp_loss":0,"event_name":"Colosseum","floor":22,"gold_loss":0}],"is_beta":false,"boss_relics":[{"not_picked":["Orrery","Philosopher\u0027s Stone"],"picked":"Eternal Feather"}],"items_purged_floors":[],"is_endless":false,"potions_floor_spawned":[2,7,16,18,20],"killed_by":"Colosseum Slavers","ascension_level":5}