{"gold_per_floor":[113,113,133,283,283,283,303,303,355,369,385,403,77,106,106,177,177,191,150,150,150,150],"floor_reached":22,"playtime":563,"items_purged":[],"score":367,"play_id":"c1d1bbcc-20e9-4c43-a97c-366e3109f14a","local_time":"20190415144924","is_ascension_mode":true,"campfire_choices":[{"data":"Defragment","floor":6,"key":"SMITH"},{"data":"Zap","floor":8,"key":"SMITH"},{"floor":15,"key":"REST"}],"neow_cost":"NONE","seed_source_timestamp":421559516778903,"circlet_count":0,"master_deck":["AscendersBane","Strike_B","Strike_B","Strike_B","Strike_B","Defend_B","Defend_B","Defend_B","Defend_B","Zap+1","Dualcast","Lockon","Consume","Hologram","Defragment+1","Redo","Scrape","FTL","Seek","Seek","Loop","Flash of Steel","Conserve Battery","Echo Form","Rip and Tear","Loop","RitualDagger"],"relics":["Cracked Core","NeowsBlessing","Ancient Tea Set","Oddly Smooth Stone","Eternal Feather","Spirit Poop"],"potions_floor_usage":[11,14,18,18],"damage_taken":[{"damage":0,"enemies":"2 Louse","floor":1,"turns":1},{"damage":0,"enemies":"Jaw Worm","floor":3,"turns":1},{"damage":0,"enemies":"Cultist","floor":7,"turns":1},{"damage":14,"enemies":"Red Slaver","floor":10,"turns":3},{"damage":7,"enemies":"Large Slime","floor":11,"turns":4},{"damage":5,"enemies":"Gremlin Gang","floor":12,"turns":3},{"damage":32,"enemies":"Gremlin Nob","floor":14,"turns":4},{"damage":6,"enemies":"Slime Boss","floor":16,"turns":8},{"damage":4,"enemies":"3 Byrds","floor":18,"turns":5},{"damage":38,"enemies":"Shell Parasite","floor":22,"turns":4}],"seed_played":"153288359490488987","potions_obtained":[{"floor":3,"key":"Strength Potion"},{"floor":7,"key":"Energy Potion"},{"floor":11,"key":"Fire Potion"},{"floor":14,"key":"Energy Potion"},{"floor":16,"key":"Fire Potion"},{"floor":18,"key":"Ancient Potion"}],"is_trial":false,"path_per_floor":["M","?","M","?","?","R","M","R","T","M","M","M","$","E","R","B",null,"M","$","?","?","M"],"character_chosen":"DEFECT","items_purchased":["Seek","Loop","Flash of Steel","Loop"],"campfire_rested":1,"item_purchase_floors":[13,13,13,19],"current_hp_per_floor":[64,64,64,64,64,64,64,64,64,50,43,38,38,6,27,21,59,55,55,49,49,11],"gold":150,"neow_bonus":"THREE_ENEMY_KILL","is_prod":false,"is_daily":false,"chose_seed":false,"campfire_upgraded":2,"win_rate":0,"timestamp":1555354164,"path_taken":["M","?","M","?","?","R","M","R","T","M","M","?","$","E","R","BOSS","M","$","?","?","?"],"build_version":"2019-01-23","purchased_purges":0,"victory":false,"max_hp_per_floor":[71,71,71,71,71,71,71,71,71,71,71,71,71,71,71,71,71,71,71,71,71,71],"card_choices":[{"not_picked":["Redo","BootSequence"],"picked":"Lockon","floor":1},{"not_picked":["Ball Lightning","Barrage"],"picked":"Consume","floor":3},{"not_picked":["Storm","Steam"],"picked":"Redo","floor":7},{"not_picked":["Hologram","Streamline"],"picked":"Scrape","floor":10},{"not_picked":["Doom and Gloom","Redo"],"picked":"FTL","floor":11},{"not_picked":["Leap","Auto Shields"],"picked":"Seek","floor":12},{"not_picked":["Rebound","Consume"],"picked":"Conserve Battery","floor":14},{"not_picked":["Fission","Buffer"],"picked":"Echo Form","floor":16},{"not_picked":["Genetic Algorithm","Blizzard"],"picked":"Rip and Tear","floor":18}],"player_experience":897127,"relics_obtained":[{"floor":9,"key":"Ancient Tea Set"},{"floor":14,"key":"Oddly Smooth Stone"}],"event_choices":[{"damage_healed":0,"gold_gain":0,"player_choice":"Ignored","damage_taken":0,"max_hp_gain":0,"max_hp_loss":0,"event_name":"Golden Wing","floor":2,"gold_loss":0},{"damage_healed":0,"gold_gain":150,"player_choice":"AGREE","damage_taken":0,"max_hp_gain":0,"max_hp_loss":0,"event_name":"Liars Game","floor":4,"gold_loss":0,"cards_obtained":["Doubt"]},{"damage_healed":0,"gold_gain":0,"player_choice":"2 cards matched","damage_taken":0,"max_hp_gain":0,"max_hp_loss":0,"event_name":"Match and Keep!","floor":5,"gold_loss":0,"cards_obtained":["Hologram","Defragment"]},{"damage_healed":0,"gold_gain":0,"player_choice":"Joined the Cult","damage_taken":6,"max_hp_gain":0,"max_hp_loss":0,"event_name":"Nest","floor":20,"gold_loss":0,"cards_obtained":["RitualDagger"]},{"cards_removed":["Doubt"],"damage_healed":0,"gold_gain":0,"player_choice":"Offered Curse","damage_taken":0,"relics_obtained":["Spirit Poop"],"max_hp_gain":0,"max_hp_loss":0,"event_name":"Bonfire Elementals","floor":21,"gold_loss":0}],"is_beta":false,"boss_relics":[{"not_picked":["White Beast Statue","Calling Bell"],"picked":"Eternal Feather"}],"items_purged_floors":[],"is_endless":false,"potions_floor_spawned":[3,7,11,14,16,18],"killed_by":"Shell Parasite","ascension_level":20}