{"gold_per_floor":[110,123,298,298,308,308,383,383,383,399,399,399,399,426,426,523,523,541,554,554,653,3,3,33,33,33,33,33,58,58,70,70,175,175,195,241,256,256,5,5,33,33,33,52,152,165,165,3,3,3,3,3,3,37,37],"floor_reached":56,"playtime":3263,"items_purged":["Doubt","Decay"],"score":1378,"play_id":"6e9fe28c-2464-45ca-9ac4-c056d9605727","local_time":"20190324223810","is_ascension_mode":true,"campfire_choices":[{"data":"Streamline","floor":6,"key":"SMITH"},{"data":"Storm","floor":11,"key":"SMITH"},{"floor":13,"key":"REST"},{"data":"Consume","floor":15,"key":"SMITH"},{"floor":23,"key":"REST"},{"floor":25,"key":"REST"},{"data":"Chaos","floor":28,"key":"SMITH"},{"data":"Dualcast","floor":30,"key":"SMITH"},{"floor":32,"key":"REST"},{"floor":40,"key":"REST"},{"data":"Buffer","floor":42,"key":"SMITH"},{"floor":47,"key":"RECALL"},{"floor":49,"key":"REST"},{"data":"Static Discharge","floor":52,"key":"SMITH"}],"neow_cost":"NONE","seed_source_timestamp":997650295288326,"circlet_count":0,"master_deck":["Strike_B+1","Strike_B","Strike_B","Strike_B","Defend_B","Defend_B","Defend_B","Defend_B","Zap","Dualcast+1","Force Field","White Noise","Streamline+1","Storm+1","Consume+1","Core Surge","Conserve Battery","BootSequence","Chaos+1","Dramatic Entrance","Capacitor","Seek","Static Discharge+1","Injury","Thunder Strike","Sweeping Beam+1","FTL+1","Buffer+1","White Noise+1","Loop","Ball Lightning+1","Violence","Discovery","Transmutation","Turbo+1","Hologram+1","Redo+1","Thunder Strike","White Noise","Magnetism","Defragment","Capacitor","Lockon+1"],"relics":["Cracked Core","PreservedInsect","Mercury Hourglass","Dead Branch","Pen Nib","Cursed Key","MutagenicStrength","Membership Card","Bag of Marbles","WingedGreaves","Art of War","Dream Catcher","Anchor","Philosopher\u0027s Stone","Shovel","Whetstone","OrangePellets","Bag of Preparation","Orichalcum","Thread and Needle","Torii","Kunai"],"potions_floor_usage":[19,31,33,33,33,46,50,55,55,55],"damage_taken":[{"damage":1,"enemies":"Cultist","floor":1,"turns":4},{"damage":2,"enemies":"Jaw Worm","floor":2,"turns":3},{"damage":15,"enemies":"2 Louse","floor":5,"turns":2},{"damage":11,"enemies":"2 Fungi Beasts","floor":10,"turns":3},{"damage":9,"enemies":"3 Sentries","floor":14,"turns":4},{"damage":12,"enemies":"Slime Boss","floor":16,"turns":7},{"damage":21,"enemies":"3 Byrds","floor":18,"turns":3},{"damage":30,"enemies":"Shell Parasite","floor":19,"turns":5},{"damage":23,"enemies":"Book of Stabbing","floor":24,"turns":4},{"damage":0,"enemies":"Gremlin Leader","floor":29,"turns":2},{"damage":0,"enemies":"Snake Plant","floor":31,"turns":3},{"damage":25,"enemies":"Collector","floor":33,"turns":4},{"damage":0,"enemies":"3 Shapes","floor":35,"turns":3},{"damage":31,"enemies":"2 Orb Walkers","floor":36,"turns":4},{"damage":0,"enemies":"3 Darklings","floor":37,"turns":3},{"damage":0,"enemies":"Reptomancer","floor":41,"turns":4},{"damage":0,"enemies":"4 Shapes","floor":44,"turns":2},{"damage":0,"enemies":"Mind Bloom Boss Battle","floor":45,"turns":3},{"damage":24,"enemies":"Maw","floor":46,"turns":4},{"damage":2,"enemies":"Time Eater","floor":50,"turns":7},{"damage":0,"enemies":"Shield and Spear","floor":54,"turns":3},{"damage":69,"enemies":"The Heart","floor":55,"turns":6}],"seed_played":"8371260687888698607","potions_obtained":[{"floor":1,"key":"SpeedPotion"},{"floor":16,"key":"Energy Potion"},{"floor":24,"key":"Dexterity Potion"},{"floor":27,"key":"Explosive Potion"},{"floor":29,"key":"PowerPotion"},{"floor":31,"key":"GamblersBrew"},{"floor":35,"key":"Regen Potion"},{"floor":41,"key":"FocusPotion"},{"floor":45,"key":"Strength Potion"},{"floor":46,"key":"Block Potion"},{"floor":54,"key":"Ancient Potion"}],"is_trial":false,"path_per_floor":["M","M","?","?","M","R","?","?","T","M","R","?","R","E","R","B",null,"M","M","?","?","$","R","E","R","T","?","R","E","R","M","R","B",null,"M","?","M","?","$","R","E","R","T","M","?","M","R","$","R","B",null,"R","$","E","B",null],"character_chosen":"DEFECT","items_purchased":["Membership Card","Chaos","Dramatic Entrance","Bag of Marbles","WingedGreaves","Capacitor","Seek","Whetstone","OrangePellets","Bag of Preparation","Magnetism","Defragment"],"campfire_rested":6,"item_purchase_floors":[22,22,22,22,22,22,22,39,39,39,48,48],"current_hp_per_floor":[74,72,72,72,57,57,46,46,46,35,35,32,54,45,45,33,75,54,24,24,24,24,46,23,45,45,45,45,45,45,45,67,42,75,75,44,44,34,34,56,56,56,56,56,56,44,44,44,66,64,75,75,75,75,6],"gold":37,"neow_bonus":"RANDOM_COMMON_RELIC","is_prod":false,"is_daily":false,"chose_seed":false,"campfire_upgraded":7,"win_rate":0,"timestamp":1553492290,"path_taken":["M","?","?","?","M","R","?","?","T","?","R","?","R","E","R","BOSS","M","M","?","?","$","R","E","R","T","?","R","E","R","?","R","BOSS","M","?","M","?","$","R","E","R","T","M","?","M","R","$","R","BOSS","R","$","E","BOSS"],"build_version":"2019-01-23","purchased_purges":2,"victory":true,"max_hp_per_floor":[75,75,75,75,75,75,75,75,75,75,75,75,75,75,75,75,75,75,75,75,75,75,75,75,75,75,75,75,75,75,75,75,75,75,75,75,75,75,75,75,75,75,75,75,75,75,75,75,75,75,75,75,75,75,75],"card_choices":[{"not_picked":["Barrage","Compile Driver"],"picked":"Force Field","floor":1},{"not_picked":["Hologram","Cold Snap"],"picked":"White Noise","floor":2},{"not_picked":["Steam","Doom and Gloom"],"picked":"Streamline","floor":5},{"not_picked":["Machine Learning","Redo"],"picked":"Storm","floor":10},{"not_picked":["Beam Cell","Lockon"],"picked":"Consume","floor":14},{"not_picked":["Amplify","All For One"],"picked":"Core Surge","floor":16},{"not_picked":["Leap","Turbo"],"picked":"Conserve Battery","floor":18},{"not_picked":["Cold Snap","Doom and Gloom"],"picked":"BootSequence","floor":19},{"not_picked":["Cold Snap+1","BootSequence"],"picked":"Static Discharge","floor":24},{"not_picked":["Chill","Beam Cell"],"picked":"Thunder Strike","floor":29},{"not_picked":["Hello World","Stack"],"picked":"Sweeping Beam","floor":31},{"not_picked":["Stack","Steam Power"],"picked":"FTL+1","floor":32},{"not_picked":["Multi-Cast","Amplify"],"picked":"Buffer","floor":33},{"not_picked":["Turbo","Scrape+1"],"picked":"White Noise+1","floor":35},{"not_picked":["Sunder","Coolheaded+1"],"picked":"Loop","floor":36},{"not_picked":["Redo","Cold Snap+1"],"picked":"Ball Lightning+1","floor":37},{"not_picked":["Master of Strategy","Finesse"],"picked":"Violence","floor":38},{"not_picked":["Dark Shackles","Good Instincts"],"picked":"Discovery","floor":38},{"not_picked":["Jack Of All Trades","Swift Strike"],"picked":"Transmutation","floor":38},{"not_picked":["Beam Cell+1","Undo+1"],"picked":"Turbo+1","floor":40},{"not_picked":["Streamline+1","Heatsinks+1"],"picked":"Hologram+1","floor":41},{"not_picked":["Loop+1","Skim"],"picked":"Redo+1","floor":44},{"not_picked":["Streamline","Darkness"],"picked":"Thunder Strike","floor":45},{"not_picked":["Streamline","Redo"],"picked":"White Noise","floor":46},{"not_picked":["Beam Cell+1","Genetic Algorithm+1"],"picked":"Capacitor","floor":49},{"not_picked":["Sweeping Beam+1","Heatsinks"],"picked":"Lockon+1","floor":54}],"player_experience":418694,"relics_obtained":[{"floor":14,"key":"Pen Nib"},{"floor":24,"key":"Art of War"},{"floor":26,"key":"Dream Catcher"},{"floor":29,"key":"Anchor"},{"floor":36,"key":"Shovel"},{"floor":41,"key":"Orichalcum"},{"floor":43,"key":"Thread and Needle"},{"floor":45,"key":"Torii"},{"floor":54,"key":"Kunai"}],"event_choices":[{"damage_healed":0,"gold_gain":175,"player_choice":"AGREE","damage_taken":0,"max_hp_gain":0,"max_hp_loss":0,"event_name":"Liars Game","floor":3,"gold_loss":0,"cards_obtained":["Doubt"]},{"damage_healed":0,"gold_gain":0,"player_choice":"Box","damage_taken":0,"relics_obtained":["Mercury Hourglass"],"max_hp_gain":0,"max_hp_loss":0,"event_name":"Big Fish","floor":4,"gold_loss":0,"cards_obtained":["Regret"]},{"damage_healed":0,"gold_gain":75,"player_choice":"Gather Gold","damage_taken":11,"max_hp_gain":0,"max_hp_loss":0,"event_name":"World of Goop","floor":7,"gold_loss":0},{"cards_removed":["Regret"],"damage_healed":0,"gold_gain":0,"player_choice":"Forget","damage_taken":0,"max_hp_gain":0,"max_hp_loss":0,"event_name":"Living Wall","floor":8,"gold_loss":0},{"damage_healed":0,"gold_gain":0,"player_choice":"Success","damage_taken":3,"relics_obtained":["Dead Branch"],"max_hp_gain":0,"max_hp_loss":0,"event_name":"Scrap Ooze","floor":12,"gold_loss":0},{"damage_healed":0,"gold_gain":0,"player_choice":"Inject Mutagens","damage_taken":0,"relics_obtained":["MutagenicStrength"],"max_hp_gain":0,"max_hp_loss":0,"event_name":"Drug Dealer","floor":20,"gold_loss":0},{"damage_healed":0,"gold_gain":99,"player_choice":"Stole From Cult","damage_taken":0,"max_hp_gain":0,"max_hp_loss":0,"event_name":"Nest","floor":21,"gold_loss":0},{"damage_healed":0,"gold_gain":0,"player_choice":"Got Potions","damage_taken":0,"max_hp_gain":0,"max_hp_loss":0,"event_name":"Lab","floor":27,"gold_loss":0},{"damage_healed":0,"gold_gain":0,"player_choice":"Fight","damage_taken":0,"max_hp_gain":0,"max_hp_loss":0,"event_name":"Mysterious Sphere","floor":36,"gold_loss":0},{"damage_healed":0,"gold_gain":0,"player_choice":"Memory 3","damage_taken":10,"max_hp_gain":0,"max_hp_loss":0,"event_name":"SensoryStone","floor":38,"gold_loss":0},{"damage_healed":0,"gold_gain":0,"player_choice":"Fight","damage_taken":0,"max_hp_gain":0,"max_hp_loss":0,"event_name":"MindBloom","floor":45,"gold_loss":0}],"is_beta":false,"boss_relics":[{"not_picked":["Coffee Dripper","FrozenCore"],"picked":"Cursed Key"},{"not_picked":["Empty Cage","Velvet Choker"],"picked":"Philosopher\u0027s Stone"}],"items_purged_floors":[22,48],"is_endless":false,"potions_floor_spawned":[1,16,24,29,31,35,41,45,46,54],"ascension_level":2}