{"gold_per_floor":[99,99,99,49,0,0,0,0,0,0,0,0,0,0,0,0,0,0,0,0,0,0,0,0,0,0,0,0,0,0,0,0,0],"floor_reached":33,"playtime":1426,"items_purged":[],"score":265,"play_id":"68a1af0c-dd6e-4378-97e7-d33bff9bebba","local_time":"20180730013956","is_ascension_mode":true,"campfire_choices":[{"data":"Defragment","floor":6,"key":"SMITH"},{"data":"Coolheaded","floor":10,"key":"SMITH"},{"data":"Redo","floor":13,"key":"SMITH"},{"floor":15,"key":"REST"},{"data":"Zap","floor":23,"key":"SMITH"},{"floor":25,"key":"REST"},{"floor":28,"key":"REST"},{"floor":32,"key":"REST"}],"neow_cost":"NONE","seed_source_timestamp":1562555271288270,"circlet_count":0,"master_deck":["Strike_B","Strike_B","Defend_B","Defend_B","Defend_B","Defend_B","Zap+1","Dualcast","Defragment+1","Coolheaded+1","Redo+1","Compile Driver","Multi-Cast","Capacitor","Coolheaded+1"],"relics":["Ectoplasm","Darkstone Periapt","Velvet Choker","Lantern"],"potions_floor_usage":[16,16,16,24,30],"damage_taken":[{"damage":0,"enemies":"Cultist","floor":1,"turns":3},{"damage":4,"enemies":"Jaw Worm","floor":2,"turns":3},{"damage":0,"enemies":"Small Slimes","floor":3,"turns":3},{"damage":3,"enemies":"2 Fungi Beasts","floor":7,"turns":4},{"damage":9,"enemies":"Blue Slaver","floor":8,"turns":3},{"damage":5,"enemies":"3 Louse","floor":11,"turns":4},{"damage":1,"enemies":"2 Fungi Beasts","floor":14,"turns":3},{"damage":30,"enemies":"Slime Boss","floor":16,"turns":12},{"damage":26,"enemies":"2 Thieves","floor":18,"turns":5},{"damage":15,"enemies":"Shell Parasite","floor":22,"turns":8},{"damage":17,"enemies":"Sentry and Sphere","floor":24,"turns":6},{"damage":9,"enemies":"Snake Plant","floor":27,"turns":7},{"damage":3,"enemies":"Snecko","floor":29,"turns":6},{"damage":35,"enemies":"Cultist and Chosen","floor":30,"turns":8},{"damage":37,"enemies":"Automaton","floor":33,"turns":6}],"seed_played":"-8110210032750147399","potions_obtained":[{"floor":1,"key":"Poison Potion"},{"floor":8,"key":"Poison Potion"},{"floor":11,"key":"Weak Potion"},{"floor":16,"key":"Dexterity Potion"},{"floor":29,"key":"Weak Potion"}],"is_trial":false,"path_per_floor":["M","M","M","?","$","R","M","M","T","R","M","?","R","M","R","B",null,"M","?","$","?","M","R","M","R","T","M","R","M","M","?","R"],"character_chosen":"DEFECT","items_purchased":["Coolheaded"],"campfire_rested":4,"item_purchase_floors":[5],"current_hp_per_floor":[75,71,71,71,71,71,68,59,59,59,54,47,47,46,68,38,75,49,49,49,49,34,34,17,39,39,30,52,49,14,14,36,0],"gold":0,"neow_bonus":"BOSS_RELIC","is_prod":false,"is_daily":false,"chose_seed":false,"campfire_upgraded":4,"win_rate":0,"timestamp":1532907596,"path_taken":["M","?","?","?","$","R","M","M","T","R","M","?","R","M","R","BOSS","M","?","?","?","?","R","M","R","T","M","R","M","M","?","R","BOSS"],"build_version":"2018-07-26","purchased_purges":0,"victory":false,"max_hp_per_floor":[75,75,75,75,75,75,75,75,75,75,75,75,75,75,75,75,75,75,75,75,75,75,75,75,75,75,75,75,75,75,75,75,75],"card_choices":[{"not_picked":["Force Field","Chaos"],"picked":"Defragment","floor":1},{"not_picked":["Sweeping Beam","Reprogram","Barrage"],"picked":"SKIP","floor":2},{"not_picked":["Gash","Beam Cell","White Noise"],"picked":"SKIP","floor":3},{"not_picked":["Beam Cell","Steam"],"picked":"Redo","floor":7},{"not_picked":["White Noise","Ball Lightning","Hologram"],"picked":"SKIP","floor":8},{"not_picked":["White Noise","Buffer"],"picked":"Compile Driver","floor":11},{"not_picked":["Gash","Genetic Algorithm","Sweeping Beam"],"picked":"SKIP","floor":14},{"not_picked":["Core Surge","Amplify"],"picked":"Multi-Cast","floor":16},{"not_picked":["Cold Snap","Leap"],"picked":"Capacitor","floor":18},{"not_picked":["Sweeping Beam","Hologram","Barrage"],"picked":"SKIP","floor":22},{"not_picked":["Turbo","Leap"],"picked":"Coolheaded+1","floor":24},{"not_picked":["Core Surge","Stack","Beam Cell"],"picked":"SKIP","floor":27},{"not_picked":["Compile Driver+1","Steam","Sweeping Beam"],"picked":"SKIP","floor":29},{"not_picked":["Hologram","Undo+1","Recycle"],"picked":"SKIP","floor":30}],"player_experience":336331,"relics_obtained":[{"floor":9,"key":"Darkstone Periapt"},{"floor":26,"key":"Lantern"}],"event_choices":[{"event_name":"The Cleric","player_choice":"Card Removal","floor":4,"damage_taken":0},{"event_name":"Golden Wing","player_choice":"Card Removal","floor":12,"damage_taken":0},{"event_name":"Drug Dealer","player_choice":"Ignored","floor":19,"damage_taken":0},{"event_name":"Masked Bandits","player_choice":"Paid Bandits 0 gold","floor":21,"damage_taken":0},{"event_name":"The Mausoleum","player_choice":"No","floor":31,"damage_taken":0}],"is_beta":false,"boss_relics":[{"not_picked":["Calling Bell","Pandora\u0027s Box"],"picked":"Velvet Choker"}],"items_purged_floors":[],"is_endless":false,"potions_floor_spawned":[1,8,11,16,29],"killed_by":"Automaton","ascension_level":2}