{"gold_per_floor":[219,394,16,32,49,74,74,139,189,199,228,248,47,64,64,161,161,177,205,232,24,42,69,82,82,108,154,186,64,64,64,64,64],"floor_reached":33,"playtime":1571,"items_purged":["Doubt","Strike_G"],"score":310,"play_id":"b6d75392-9918-49ad-a3bc-efb7440e0be6","local_time":"20190508163446","is_ascension_mode":true,"campfire_choices":[{"data":"Noxious Fumes","floor":7.0,"key":"SMITH"},{"data":"Tactician","floor":15.0,"key":"SMITH"},{"floor":25.0,"key":"REST"},{"floor":32.0,"key":"DIG"}],"neow_cost":"NONE","seed_source_timestamp":75194726010800,"circlet_count":0,"master_deck":["Defend_G","Defend_G","Defend_G","Defend_G","Defend_G","Strike_G","Strike_G+1","Survivor","Neutralize+1","Cloak And Dagger","Noxious Fumes+1","Backflip","Slice","Tactician+1","Cloak And Dagger","Quick Slash","Backstab","Backflip","Adrenaline","Bane","Noxious Fumes","Noxious Fumes+1","Deflect","Well Laid Plans","Corpse Explosion","Catalyst","Catalyst","Slice","Storm of Steel"],"special_seed":0,"relics":["Ring of the Serpent","Oddly Smooth Stone","Juzu Bracelet","Bronze Scales","Anchor","Whetstone","Regal Pillow","Tiny Chest","Red Mask","Bag of Preparation","DollysMirror","Shovel","MawBank","Dream Catcher","Bottled Flame"],"potions_floor_usage":[33],"damage_taken":[{"damage":2.0,"enemies":"2 Louse","floor":1.0,"turns":4.0},{"damage":0.0,"enemies":"Small Slimes","floor":4.0,"turns":3.0},{"damage":1.0,"enemies":"Jaw Worm","floor":5.0,"turns":5.0},{"damage":8.0,"enemies":"3 Sentries","floor":6.0,"turns":9.0},{"damage":19.0,"enemies":"Gremlin Nob","floor":8.0,"turns":5.0},{"damage":0.0,"enemies":"Exordium Wildlife","floor":10.0,"turns":4.0},{"damage":10.0,"enemies":"Gremlin Nob","floor":11.0,"turns":3.0},{"damage":0.0,"enemies":"Blue Slaver","floor":12.0,"turns":3.0},{"damage":0.0,"enemies":"Looter","floor":14.0,"turns":2.0},{"damage":20.0,"enemies":"The Guardian","floor":16.0,"turns":10.0},{"damage":0.0,"enemies":"Chosen","floor":18.0,"turns":4.0},{"damage":16.0,"enemies":"Masked Bandits","floor":19.0,"turns":5.0},{"damage":11.0,"enemies":"Spheric Guardian","floor":22.0,"turns":4.0},{"damage":13.0,"enemies":"Book of Stabbing","floor":23.0,"turns":5.0},{"damage":5.0,"enemies":"Snake Plant","floor":24.0,"turns":5.0},{"damage":13.0,"enemies":"Slavers","floor":27.0,"turns":5.0},{"damage":0.0,"enemies":"3 Cultists","floor":28.0,"turns":3.0},{"damage":54,"enemies":"Collector","floor":33,"turns":6}],"seed_played":"-7047709273069577507","potions_obtained":[{"floor":6.0,"key":"Fire Potion"},{"floor":8.0,"key":"Dexterity Potion"},{"floor":10.0,"key":"SkillPotion"},{"floor":14.0,"key":"LiquidBronze"},{"floor":16.0,"key":"Swift Potion"},{"floor":19.0,"key":"Fire Potion"},{"floor":27.0,"key":"SteroidPotion"}],"is_trial":false,"path_per_floor":["M","?","$","M","M","E","R","?","T","M","E","M","$","M","R","B",null,"M","?","T","$","M","E","M","R","T","E","M","$","?","?","R","B"],"character_chosen":"THE_SILENT","items_purchased":["Noxious Fumes","Oddly Smooth Stone","Juzu Bracelet","Tiny Chest","DollysMirror","Catalyst"],"campfire_rested":1,"item_purchase_floors":[3,3,3,13,21,29],"current_hp_per_floor":[68,68,68,68,67,59,59,40,40,40,30,30,30,30,30,10,70,70,54,54,54,43,30,25,61,61,48,48,48,48,48,48,0],"gold":64,"neow_bonus":"HUNDRED_GOLD","is_prod":false,"is_daily":false,"chose_seed":false,"campfire_upgraded":2,"win_rate":0,"timestamp":1557351286,"path_taken":["M","?","$","M","M","E","R","?","T","M","E","M","$","M","R","BOSS","M","?","?","$","M","E","M","R","T","E","M","?","?","?","R","BOSS"],"build_version":"2019-01-23","purchased_purges":2,"victory":false,"max_hp_per_floor":[70,70,70,70,70,70,70,70,70,70,70,70,70,70,70,70,70,70,70,70,70,70,70,70,70,70,70,70,70,70,70,70,70],"card_choices":[{"not_picked":["Quick Slash","Flying Knee"],"picked":"Cloak And Dagger","floor":1.0},{"not_picked":["Bane","Dodge and Roll"],"picked":"Backflip","floor":4.0},{"not_picked":["Deflect","Backflip"],"picked":"Slice","floor":5.0},{"not_picked":["Accuracy","Deadly Poison"],"picked":"Tactician","floor":6.0},{"not_picked":["All Out Attack","Slice"],"picked":"Cloak And Dagger","floor":10.0},{"not_picked":["Riddle With Holes","Crippling Poison"],"picked":"Quick Slash","floor":11.0},{"not_picked":["Deadly Poison","Acrobatics"],"picked":"Backstab","floor":12.0},{"not_picked":["Reflex","Predator"],"picked":"Backflip","floor":14.0},{"not_picked":["Die Die Die","Grand Finale"],"picked":"Adrenaline","floor":16.0},{"not_picked":["Backflip+1","Bouncing Flask+1"],"picked":"Bane","floor":18.0},{"not_picked":["Dagger Spray","Tactician"],"picked":"Noxious Fumes","floor":19.0},{"not_picked":["Dodge and Roll","Deadly Poison","Backflip+1"],"picked":"SKIP","floor":22.0},{"not_picked":["PiercingWail+1","All Out Attack"],"picked":"Deflect","floor":23.0},{"not_picked":["Outmaneuver+1","Flechettes+1"],"picked":"Well Laid Plans","floor":24.0},{"not_picked":["Heel Hook","Calculated Gamble"],"picked":"Corpse Explosion","floor":27.0},{"not_picked":["Quick Slash","Finisher"],"picked":"Catalyst","floor":28.0}],"player_experience":238655,"relics_obtained":[{"floor":6.0,"key":"Bronze Scales"},{"floor":8.0,"key":"Anchor"},{"floor":9.0,"key":"Whetstone"},{"floor":11.0,"key":"Regal Pillow"},{"floor":19.0,"key":"Red Mask"},{"floor":20.0,"key":"Bag of Preparation"},{"floor":23.0,"key":"Shovel"},{"floor":26.0,"key":"MawBank"},{"floor":27.0,"key":"Dream Catcher"},{"floor":32.0,"key":"Bottled Flame"}],"event_choices":[{"damage_healed":0.0,"max_hp_gain":0.0,"max_hp_loss":0.0,"gold_gain":175.0,"event_name":"Liars Game","player_choice":"AGREE","floor":2.0,"gold_loss":0.0,"damage_taken":0.0,"cards_obtained":["Doubt"]},{"damage_healed":0.0,"max_hp_gain":0.0,"max_hp_loss":0.0,"gold_gain":30.0,"event_name":"Dead Adventurer","player_choice":"Searched \u00272\u0027 times","floor":8.0,"gold_loss":0.0,"damage_taken":0.0},{"damage_healed":0.0,"max_hp_gain":0.0,"max_hp_loss":0.0,"gold_gain":0.0,"event_name":"Masked Bandits","player_choice":"Fought Bandits","floor":19.0,"gold_loss":0.0,"damage_taken":0.0},{"damage_healed":0.0,"max_hp_gain":0.0,"max_hp_loss":0.0,"gold_gain":0.0,"event_name":"Beggar","player_choice":"Ignored","floor":30.0,"gold_loss":0.0,"damage_taken":0.0},{"damage_healed":0.0,"max_hp_gain":0.0,"max_hp_loss":0.0,"gold_gain":0.0,"cards_transformed":["Strike_G","Strike_G"],"event_name":"Drug Dealer","player_choice":"Became Test Subject","floor":31.0,"gold_loss":0.0,"damage_taken":0.0,"cards_obtained":["Slice","Storm of Steel"]}],"is_beta":false,"boss_relics":[{"not_picked":["Tiny House","Astrolabe"],"picked":"Ring of the Serpent"}],"items_purged_floors":[13,29],"is_endless":false,"potions_floor_spawned":[6,8,10,14,16,19,27],"killed_by":"Collector","ascension_level":1}