{"gold_per_floor":[361,361,376,0,0,0,35,64,110,123,123,123,4,31,31,127,127,142,2,2,19,34,34,59,59,138,238,238,248,248,279,279,381,381,401,169,169,185,202,202,227,227,227,8,27,60,80,93,93,93],"floor_reached":51,"playtime":3893,"items_purged":["Writhe"],"score":1236,"play_id":"ec60847d-6227-48a8-8fda-4ed8214c105c","local_time":"20190126202501","is_ascension_mode":true,"campfire_choices":[{"data":"Iron Wave","floor":6,"key":"SMITH"},{"floor":12,"key":"REST"},{"data":"Pummel","floor":15,"key":"SMITH"},{"data":"Shrug It Off","floor":23,"key":"SMITH"},{"floor":25,"key":"REST"},{"floor":28,"key":"REST"},{"data":"Limit Break","floor":30,"key":"SMITH"},{"floor":32,"key":"REST"},{"floor":40,"key":"REST"},{"data":"Infernal Blade","floor":42,"key":"SMITH"},{"floor":49,"key":"REST"}],"neow_cost":"PERCENT_DAMAGE","seed_source_timestamp":189436526743825,"circlet_count":0,"master_deck":["Strike_R+1","Strike_R","Strike_R","Strike_R","Strike_R+1","Defend_R","Defend_R","Defend_R","Defend_R","Bash","Iron Wave+1","Infernal Blade+1","Spot Weakness","Armaments+1","Pummel+1","Demon Form+1","Impervious","Heavy Blade+1","Impervious","Shrug It Off+1","Ghostly Armor","Limit Break+1","Whirlwind+1","Impervious","Anger","Jack Of All Trades+1","Limit Break+1","Flash of Steel","Flame Barrier+1","Body Slam+1","Disarm+1","Infernal Blade+1","Sword Boomerang","Clothesline+1"],"relics":["Burning Blood","Membership Card","Frozen Egg 2","Letter Opener","The Courier","Odd Mushroom","Centennial Puzzle","Toolbox","Vajra","Mark of Pain","HandDrill","Omamori","Whetstone","Blue Candle","Shuriken","Calling Bell","Bag of Marbles","Toxic Egg 2","Du-Vu Doll","Regal Pillow","DollysMirror","Pear","Paper Frog","Pen Nib","Sundial","Peace Pipe"],"potions_floor_usage":[7,7,7,14,16,18,22,24,29,35,39,39,45,46,50,50,50],"damage_taken":[{"damage":7,"enemies":"2 Louse","floor":1,"turns":3},{"damage":4,"enemies":"Jaw Worm","floor":3,"turns":4},{"damage":5,"enemies":"3 Sentries","floor":7,"turns":6},{"damage":15,"enemies":"The Mushroom Lair","floor":8,"turns":5},{"damage":2,"enemies":"Small Slimes","floor":10,"turns":4},{"damage":0,"enemies":"Lagavulin","floor":14,"turns":4},{"damage":0,"enemies":"Slime Boss","floor":16,"turns":6},{"damage":0,"enemies":"Spheric Guardian","floor":18,"turns":3},{"damage":18,"enemies":"Shell Parasite","floor":21,"turns":5},{"damage":13,"enemies":"Snecko","floor":22,"turns":7},{"damage":43,"enemies":"Book of Stabbing","floor":24,"turns":6},{"damage":19,"enemies":"3 Cultists","floor":29,"turns":7},{"damage":36,"enemies":"Slavers","floor":31,"turns":6},{"damage":45,"enemies":"Collector","floor":33,"turns":7},{"damage":16,"enemies":"Orb Walker","floor":35,"turns":2},{"damage":8,"enemies":"3 Darklings","floor":38,"turns":4},{"damage":10,"enemies":"4 Shapes","floor":39,"turns":7},{"damage":9,"enemies":"Nemesis","floor":41,"turns":5},{"damage":10,"enemies":"Transient","floor":45,"turns":5},{"damage":13,"enemies":"Giant Head","floor":46,"turns":5},{"damage":9,"enemies":"Sphere and 2 Shapes","floor":47,"turns":7},{"damage":0,"enemies":"3 Darklings","floor":48,"turns":3},{"damage":37,"enemies":"Time Eater","floor":50,"turns":7}],"seed_played":"1830877339648332675","potions_obtained":[{"floor":3,"key":"SteroidPotion"},{"floor":14,"key":"FearPotion"},{"floor":16,"key":"Strength Potion"},{"floor":21,"key":"Regen Potion"},{"floor":22,"key":"PowerPotion"},{"floor":33,"key":"AttackPotion"},{"floor":38,"key":"Swift Potion"},{"floor":46,"key":"AttackPotion"}],"is_trial":false,"path_per_floor":["M","?","M","$","?","R","E","?","T","M","?","R","$","E","R","B",null,"M","$","?","M","M","R","E","R","T","?","R","M","R","E","R","B",null,"M","$","?","M","M","R","E","R","T","$","M","E","M","M","R","B",null],"character_chosen":"IRONCLAD","items_purchased":["Membership Card","Fire Potion","Explosive Potion","Frozen Egg 2","Toolbox","Strength Potion","Explosive Potion","HandDrill","Omamori","Regal Pillow","Jack Of All Trades+1","DollysMirror","Energy Potion","Pen Nib","Sundial","Energy Potion","EntropicBrew"],"campfire_rested":6,"item_purchase_floors":[4,4,4,4,13,13,13,19,19,36,36,36,36,44,44,44,44],"current_hp_per_floor":[50,76,78,78,60,60,61,52,52,56,56,80,80,80,80,80,80,80,80,80,68,76,76,39,63,63,63,80,67,67,37,61,22,66,56,56,56,54,50,80,87,87,87,87,83,76,73,79,90,59],"gold":93,"neow_bonus":"TWO_FIFTY_GOLD","is_prod":false,"is_daily":false,"chose_seed":false,"campfire_upgraded":5,"win_rate":0,"timestamp":1548530701,"path_taken":["M","?","M","$","?","R","E","?","T","M","?","R","$","E","R","BOSS","M","$","?","M","?","R","E","R","T","?","R","M","R","E","R","BOSS","M","$","?","M","M","R","E","R","T","$","M","E","M","M","R","BOSS"],"build_version":"2019-01-23","purchased_purges":1,"victory":true,"max_hp_per_floor":[80,80,80,80,80,80,80,80,80,80,80,80,80,80,80,80,80,80,80,80,80,80,80,80,80,80,80,80,80,80,80,80,80,80,80,80,80,80,80,80,90,90,90,90,90,90,90,90,90,90],"card_choices":[{"not_picked":["Carnage","Hemokinesis"],"picked":"Iron Wave","floor":1},{"not_picked":["Havoc","True Grit"],"picked":"Infernal Blade","floor":3},{"not_picked":["Hemokinesis","Feel No Pain+1"],"picked":"Spot Weakness","floor":7},{"not_picked":["Disarm","Headbutt"],"picked":"Armaments","floor":8},{"not_picked":["Armaments","Anger"],"picked":"Pummel","floor":10},{"not_picked":["Headbutt","Clothesline"],"picked":"Demon Form+1","floor":14},{"not_picked":["Double Tap","Brutality+1"],"picked":"Impervious","floor":16},{"not_picked":["Iron Wave","Armaments"],"picked":"Heavy Blade+1","floor":18},{"not_picked":["Second Wind","Perfected Strike"],"picked":"Shrug It Off","floor":21},{"not_picked":["Carnage","Perfected Strike","Burning Pact"],"picked":"SKIP","floor":22},{"not_picked":["Twin Strike","Dropkick"],"picked":"Ghostly Armor","floor":24},{"not_picked":["Disarm+1","Rupture+1"],"picked":"Limit Break","floor":29},{"not_picked":["Demon Form+1","Searing Blow+1"],"picked":"Whirlwind+1","floor":31},{"not_picked":["Bludgeon","Feed"],"picked":"Impervious","floor":33},{"not_picked":["Flex+1","Armaments+1"],"picked":"Anger","floor":35},{"not_picked":["Secret Weapon+1","Blind+1"],"picked":"Flash of Steel","floor":37},{"not_picked":["Iron Wave+1","Disarm+1"],"picked":"Flame Barrier+1","floor":38},{"not_picked":["Bloodletting+1","Cleave+1","Dual Wield+1"],"picked":"SKIP","floor":39},{"not_picked":["Thunderclap+1","Wild Strike+1"],"picked":"Body Slam+1","floor":41},{"not_picked":["Clash","Armaments+1"],"picked":"Disarm+1","floor":45},{"not_picked":["Iron Wave","Cleave"],"picked":"Infernal Blade+1","floor":46},{"not_picked":["Bloodletting+1","Spot Weakness+1"],"picked":"Sword Boomerang","floor":47},{"not_picked":["Cleave+1","Pommel Strike+1"],"picked":"Clothesline+1","floor":48}],"player_experience":390071,"relics_obtained":[{"floor":7,"key":"The Courier"},{"floor":8,"key":"Odd Mushroom"},{"floor":9,"key":"Centennial Puzzle"},{"floor":14,"key":"Vajra"},{"floor":24,"key":"Whetstone"},{"floor":26,"key":"Blue Candle"},{"floor":31,"key":"Shuriken"},{"floor":34,"key":"Bag of Marbles"},{"floor":34,"key":"Toxic Egg 2"},{"floor":34,"key":"Du-Vu Doll"},{"floor":41,"key":"Pear"},{"floor":43,"key":"Paper Frog"},{"floor":46,"key":"Peace Pipe"}],"event_choices":[{"damage_healed":26,"gold_gain":0,"player_choice":"Banana","damage_taken":0,"max_hp_gain":0,"max_hp_loss":0,"event_name":"Big Fish","floor":2,"gold_loss":0},{"damage_healed":0,"gold_gain":0,"player_choice":"Success","damage_taken":18,"relics_obtained":["Letter Opener"],"max_hp_gain":0,"max_hp_loss":0,"event_name":"Scrap Ooze","floor":5,"gold_loss":0},{"damage_healed":0,"gold_gain":0,"player_choice":"Fought Mushrooms","damage_taken":0,"max_hp_gain":0,"max_hp_loss":0,"event_name":"Mushrooms","floor":8,"gold_loss":0},{"damage_healed":0,"gold_gain":0,"player_choice":"Grow","damage_taken":0,"max_hp_gain":0,"max_hp_loss":0,"event_name":"Living Wall","floor":11,"gold_loss":0,"cards_upgraded":["Armaments"]},{"damage_healed":0,"gold_gain":0,"player_choice":"Copied","damage_taken":0,"max_hp_gain":0,"max_hp_loss":0,"event_name":"Duplicator","floor":20,"gold_loss":0,"cards_obtained":["Impervious"]},{"damage_healed":0,"gold_gain":100,"player_choice":"Pray","damage_taken":0,"max_hp_gain":0,"max_hp_loss":0,"event_name":"Golden Shrine","floor":27,"gold_loss":0},{"damage_healed":0,"gold_gain":0,"player_choice":"Memory 1","damage_taken":0,"max_hp_gain":0,"max_hp_loss":0,"event_name":"SensoryStone","floor":37,"gold_loss":0}],"is_beta":false,"boss_relics":[{"not_picked":["Runic Pyramid","Cursed Key"],"picked":"Mark of Pain"},{"not_picked":["Black Blood","Busted Crown"],"picked":"Calling Bell"}],"items_purged_floors":[36],"is_endless":false,"potions_floor_spawned":[3,14,16,21,22,33,38,46],"ascension_level":9}