{"gold_per_floor":[125,148,85,85,105,138,153,153,180,180,157,174,188,188,188,288,288,307,323,32,48,48,48,61,73,73,85,85,118,135,135],"floor_reached":31,"playtime":814,"items_purged":[],"score":261,"play_id":"c64c6da0-a169-45f6-b304-522225bd7fd7","local_time":"20190301063243","is_ascension_mode":false,"campfire_choices":[{"data":"Spot Weakness","floor":8,"key":"SMITH"},{"floor":10,"key":"REST"},{"data":"Thunderclap","floor":15,"key":"SMITH"},{"data":"Flex","floor":23,"key":"SMITH"},{"data":"Sword Boomerang","floor":28,"key":"SMITH"}],"neow_cost":"NONE","seed_source_timestamp":169983381084485,"circlet_count":0,"master_deck":["Strike_R","Strike_R","Defend_R","Defend_R","Defend_R","Defend_R","Bash","Spot Weakness+1","Cleave","Sword Boomerang+1","Thunderclap+1","Flex+1","Corruption","Reaper","Flex+1","Heavy Blade+1","Headbutt+1","Infernal Blade","Reaper"],"relics":["Burning Blood","MawBank","Vajra","Blood Vial","Empty Cage","Paper Frog","Shuriken","Oddly Smooth Stone"],"potions_floor_usage":[18,21,29,30,30],"damage_taken":[{"damage":1,"enemies":"2 Louse","floor":1,"turns":4},{"damage":1,"enemies":"Cultist","floor":2,"turns":3},{"damage":8,"enemies":"Small Slimes","floor":5,"turns":5},{"damage":39,"enemies":"3 Sentries","floor":6,"turns":8},{"damage":9,"enemies":"2 Fungi Beasts","floor":7,"turns":2},{"damage":11,"enemies":"Large Slime","floor":12,"turns":3},{"damage":11,"enemies":"Lots of Slimes","floor":13,"turns":3},{"damage":53,"enemies":"The Guardian","floor":16,"turns":7},{"damage":27,"enemies":"Spheric Guardian","floor":18,"turns":4},{"damage":20,"enemies":"2 Thieves","floor":19,"turns":3},{"damage":12,"enemies":"Centurion and Healer","floor":21,"turns":4},{"damage":30,"enemies":"Sentry and Sphere","floor":24,"turns":4},{"damage":30,"enemies":"3 Cultists","floor":25,"turns":4},{"damage":11,"enemies":"Centurion and Healer","floor":27,"turns":3},{"damage":57,"enemies":"Book of Stabbing","floor":29,"turns":4},{"damage":39,"enemies":"Shelled Parasite and Fungi","floor":30,"turns":6},{"damage":15,"enemies":"Snecko","floor":31,"turns":2}],"seed_played":"-532948242907134304","potions_obtained":[{"floor":6,"key":"Dexterity Potion"},{"floor":13,"key":"LiquidBronze"},{"floor":16,"key":"SkillPotion"},{"floor":18,"key":"Fruit Juice"},{"floor":25,"key":"Weak Potion"},{"floor":27,"key":"BloodPotion"},{"floor":30,"key":"Explosive Potion"}],"is_trial":false,"path_per_floor":["M","M","$","?","M","E","M","R","T","R","$","M","M","?","R","B",null,"M","M","$","M","?","R","M","M","T","M","R","E","M","M"],"character_chosen":"IRONCLAD","items_purchased":["Spot Weakness","Thunderclap","Paper Frog","Heavy Blade"],"campfire_rested":1,"item_purchase_floors":[3,11,20,20],"current_hp_per_floor":[80,80,80,80,78,45,42,42,42,66,66,63,60,60,60,15,80,64,69,69,85,85,85,71,73,73,73,73,24,8,0],"gold":135,"neow_bonus":"RANDOM_COMMON_RELIC","is_prod":false,"is_daily":false,"chose_seed":false,"campfire_upgraded":4,"win_rate":0,"timestamp":1551439963,"path_taken":["M","M","$","?","M","E","M","R","T","R","?","M","?","?","R","BOSS","M","M","$","M","?","R","M","M","T","M","R","E","M","?"],"build_version":"2019-01-23","purchased_purges":0,"victory":false,"max_hp_per_floor":[80,80,80,80,80,80,80,80,80,80,80,80,80,80,80,80,80,85,85,85,85,85,85,85,85,85,85,85,85,85,85],"card_choices":[{"not_picked":["Wild Strike","Pommel Strike","Dual Wield"],"picked":"SKIP","floor":1},{"not_picked":["Seeing Red","Armaments","Rupture"],"picked":"SKIP","floor":2},{"not_picked":["Wild Strike","Combust"],"picked":"Cleave","floor":5},{"not_picked":["Metallicize","Armaments"],"picked":"Sword Boomerang","floor":6},{"not_picked":["Carnage","Clash","Juggernaut"],"picked":"SKIP","floor":7},{"not_picked":["Iron Wave","Perfected Strike"],"picked":"Flex","floor":12},{"not_picked":["Pommel Strike","Feel No Pain"],"picked":"Corruption","floor":13},{"not_picked":["Immolate","Brutality"],"picked":"Reaper","floor":16},{"not_picked":["Bloodletting","Perfected Strike"],"picked":"Flex","floor":18},{"not_picked":["Cleave","Rage+1","Flame Barrier"],"picked":"SKIP","floor":19},{"not_picked":["Hemokinesis","Clothesline+1","Iron Wave"],"picked":"SKIP","floor":21},{"not_picked":["Intimidate","Power Through+1"],"picked":"Headbutt+1","floor":24},{"not_picked":["Sword Boomerang","Entrench","Anger"],"picked":"SKIP","floor":25},{"not_picked":["Perfected Strike","Body Slam"],"picked":"Infernal Blade","floor":27},{"not_picked":["Spot Weakness+1","Whirlwind+1"],"picked":"Reaper","floor":29},{"not_picked":["Perfected Strike+1","Cleave+1","Pommel Strike"],"picked":"SKIP","floor":30}],"player_experience":845596,"relics_obtained":[{"floor":6,"key":"Vajra"},{"floor":9,"key":"Blood Vial"},{"floor":26,"key":"Shuriken"},{"floor":29,"key":"Oddly Smooth Stone"}],"event_choices":[{"cards_removed":["Strike_R"],"damage_healed":0,"gold_gain":0,"player_choice":"Purged","damage_taken":0,"max_hp_gain":0,"max_hp_loss":0,"event_name":"Purifier","floor":4,"gold_loss":0},{"damage_healed":0,"gold_gain":0,"player_choice":"Upgraded","damage_taken":0,"max_hp_gain":0,"max_hp_loss":0,"event_name":"Upgrade Shrine","floor":14,"gold_loss":0,"cards_upgraded":["Flex"]},{"damage_healed":0,"gold_gain":0,"player_choice":"Forge","damage_taken":0,"max_hp_gain":0,"max_hp_loss":0,"event_name":"Accursed Blacksmith","floor":22,"gold_loss":0,"cards_upgraded":["Heavy Blade"]}],"is_beta":false,"boss_relics":[{"not_picked":["Ectoplasm","Busted Crown"],"picked":"Empty Cage"}],"items_purged_floors":[],"is_endless":false,"potions_floor_spawned":[6,13,16,18,25,27,30],"killed_by":"Snecko","ascension_level":0}