{"gold_per_floor":[110,285,227,238,252,252,282,282,282,282,282,298,298,18,18,120,120,140,415,428,54,68,68,95,95,121,121,81,99,134,148,148,251,251,266,279,279],"floor_reached":37,"playtime":1726,"items_purged":["Doubt","Regret"],"score":529,"play_id":"655ddbb6-ec63-4d47-9d3a-849628ca7d74","local_time":"20190322223744","is_ascension_mode":true,"campfire_choices":[{"data":"Sucker Punch","floor":6,"key":"SMITH"},{"floor":8,"key":"REST"},{"data":"Deadly Poison","floor":11,"key":"SMITH"},{"data":"Deadly Poison","floor":13,"key":"SMITH"},{"data":"Envenom","floor":15,"key":"SMITH"},{"floor":23,"key":"REST"},{"floor":32,"key":"REST"}],"neow_cost":"NONE","seed_source_timestamp":826379776459058,"circlet_count":0,"master_deck":["Defend_G","Defend_G","Defend_G","Defend_G","Defend_G","Strike_G","Strike_G","Strike_G","Strike_G","Survivor","Neutralize","Backstab","All Out Attack+1","Sucker Punch+1","Flying Knee","Deadly Poison+1","Deadly Poison+1","Envenom+1","Venomology","Adrenaline","Deadly Poison+1","Acrobatics+1","Leg Sweep","Heel Hook+1","Quick Slash+1","Catalyst","Underhanded Strike+1","Catalyst","Poisoned Stab+1","Adrenaline","Dagger Throw+1","Prepared"],"relics":["Ring of the Snake","NeowsBlessing","Incense Burner","Boot","Molten Egg 2","Fusion Hammer","Toy Ornithopter","Omamori","Gremlin Horn","Black Star"],"potions_floor_usage":[7,7,18,22,22,22,24,24,24,29,31,31,33,33,36,36,37],"damage_taken":[{"damage":0,"enemies":"2 Louse","floor":1,"turns":1},{"damage":0,"enemies":"Small Slimes","floor":4,"turns":1},{"damage":0,"enemies":"Cultist","floor":5,"turns":1},{"damage":14,"enemies":"3 Sentries","floor":7,"turns":12},{"damage":4,"enemies":"2 Fungi Beasts","floor":12,"turns":3},{"damage":14,"enemies":"The Guardian","floor":16,"turns":8},{"damage":14,"enemies":"Spheric Guardian","floor":18,"turns":5},{"damage":20,"enemies":"Shell Parasite","floor":20,"turns":4},{"damage":5,"enemies":"Sentry and Sphere","floor":22,"turns":5},{"damage":16,"enemies":"Gremlin Leader","floor":24,"turns":4},{"damage":22,"enemies":"3 Cultists","floor":29,"turns":5},{"damage":30,"enemies":"Book of Stabbing","floor":30,"turns":4},{"damage":10,"enemies":"Snake Plant","floor":31,"turns":3},{"damage":35,"enemies":"Champ","floor":33,"turns":9},{"damage":0,"enemies":"3 Shapes","floor":35,"turns":3},{"damage":19,"enemies":"3 Darklings","floor":36,"turns":5},{"damage":73,"enemies":"2 Orb Walkers","floor":37,"turns":3}],"seed_played":"-7649641061545005310","potions_obtained":[{"floor":4,"key":"SkillPotion"},{"floor":5,"key":"EssenceOfSteel"},{"floor":16,"key":"Fire Potion"},{"floor":22,"key":"AttackPotion"},{"floor":29,"key":"Ancient Potion"},{"floor":30,"key":"Fire Potion"},{"floor":35,"key":"Dexterity Potion"}],"is_trial":false,"path_per_floor":["M","?","?","M","M","R","E","R","T","?","R","M","R","$","R","B",null,"M","?","M","$","M","R","E","$","T","?","?","M","E","M","R","B",null,"M","M","?"],"character_chosen":"THE_SILENT","items_purchased":["Envenom","Venomology","Toy Ornithopter","Leg Sweep"],"campfire_rested":3,"item_purchase_floors":[14,14,21,21],"current_hp_per_floor":[63,63,63,63,63,63,49,70,70,70,70,66,66,66,66,52,66,52,52,32,32,42,63,54,54,54,54,54,37,7,7,28,3,53,53,44,0],"gold":279,"neow_bonus":"THREE_ENEMY_KILL","is_prod":false,"is_daily":false,"chose_seed":false,"campfire_upgraded":4,"win_rate":0,"timestamp":1553319464,"path_taken":["M","?","?","M","?","R","E","R","T","?","R","?","R","?","R","BOSS","M","?","M","$","M","R","E","?","T","?","?","M","E","?","R","BOSS","M","M","?"],"build_version":"2019-01-23","purchased_purges":2,"victory":false,"max_hp_per_floor":[70,70,70,70,70,70,70,70,70,70,70,70,70,70,70,70,70,70,70,70,70,70,70,70,70,70,70,70,70,70,70,70,70,70,70,70,70],"card_choices":[{"not_picked":["Slice","Flying Knee"],"picked":"Backstab","floor":1},{"not_picked":["Dodge and Roll","Backflip"],"picked":"All Out Attack","floor":4},{"not_picked":["Cloak And Dagger","Catalyst"],"picked":"Sucker Punch","floor":5},{"not_picked":["Dodge and Roll","Accuracy"],"picked":"Flying Knee","floor":7},{"not_picked":["Dodge and Roll","Finisher+1"],"picked":"Deadly Poison","floor":12},{"not_picked":["Unload+1","Wraith Form v2"],"picked":"Adrenaline","floor":16},{"not_picked":["Underhanded Strike+1","Setup"],"picked":"Deadly Poison+1","floor":18},{"not_picked":["Flechettes+1","Flying Knee+1"],"picked":"Acrobatics","floor":20},{"not_picked":["Calculated Gamble","Underhanded Strike+1"],"picked":"Heel Hook+1","floor":22},{"not_picked":["Finisher+1","Flying Knee+1"],"picked":"Quick Slash+1","floor":24},{"not_picked":["Masterful Stab+1","Sucker Punch+1"],"picked":"Underhanded Strike+1","floor":29},{"not_picked":["Backflip","All Out Attack+1"],"picked":"Catalyst","floor":30},{"not_picked":["Prepared","Calculated Gamble"],"picked":"Poisoned Stab+1","floor":31},{"not_picked":["Die Die Die+1","Bullet Time"],"picked":"Adrenaline","floor":33},{"not_picked":["Outmaneuver","Deadly Poison+1"],"picked":"Dagger Throw+1","floor":35},{"not_picked":["Deadly Poison+1","Dagger Throw+1"],"picked":"Prepared","floor":36}],"player_experience":383709,"relics_obtained":[{"floor":7,"key":"Boot"},{"floor":9,"key":"Molten Egg 2"},{"floor":24,"key":"Omamori"},{"floor":30,"key":"Gremlin Horn"}],"event_choices":[{"damage_healed":0,"gold_gain":175,"player_choice":"AGREE","damage_taken":0,"max_hp_gain":0,"max_hp_loss":0,"event_name":"Liars Game","floor":2,"gold_loss":0,"cards_obtained":["Doubt"]},{"damage_healed":0,"gold_gain":0,"player_choice":"Paid Gold","damage_taken":0,"relics_obtained":["Incense Burner"],"max_hp_gain":0,"max_hp_loss":0,"event_name":"WeMeetAgain","floor":3,"gold_loss":58},{"damage_healed":0,"gold_gain":0,"cards_transformed":["Strike_G"],"player_choice":"Transformed","damage_taken":0,"max_hp_gain":0,"max_hp_loss":0,"event_name":"Transmorgrifier","floor":10,"gold_loss":0,"cards_obtained":["Deadly Poison"]},{"damage_healed":0,"gold_gain":275,"player_choice":"Desecrate","damage_taken":0,"max_hp_gain":0,"max_hp_loss":0,"event_name":"Golden Shrine","floor":19,"gold_loss":0,"cards_obtained":["Regret"]},{"damage_healed":0,"gold_gain":0,"player_choice":"Read","damage_taken":0,"max_hp_gain":0,"max_hp_loss":0,"event_name":"The Library","floor":27,"gold_loss":0,"cards_obtained":["Catalyst"]},{"damage_healed":0,"gold_gain":0,"player_choice":"Upgraded Two","damage_taken":0,"max_hp_gain":0,"max_hp_loss":0,"event_name":"Designer","floor":28,"gold_loss":40,"cards_upgraded":["Acrobatics","All Out Attack"]},{"damage_healed":0,"gold_gain":0,"player_choice":"Fight","damage_taken":0,"max_hp_gain":0,"max_hp_loss":0,"event_name":"Mysterious Sphere","floor":37,"gold_loss":0}],"is_beta":false,"boss_relics":[{"not_picked":["Eternal Feather","Ectoplasm"],"picked":"Fusion Hammer"},{"not_picked":["Snecko Eye","Coffee Dripper"],"picked":"Black Star"}],"items_purged_floors":[14,21],"is_endless":false,"potions_floor_spawned":[4,5,16,22,29,30,35],"killed_by":"2 Orb Walkers","ascension_level":6}