{"gold_per_floor":[109,109,160,41,120,120,155,155,200,243,255,282,333,360,372,477,489,521,533,304,304,354,395,395,409,436,436],"floor_reached":27,"playtime":600,"items_purged":[],"score":689,"play_id":"5f660b8c-45b6-467e-8964-a7a7df8d8fe0","local_time":"20190420075949","is_ascension_mode":true,"campfire_choices":[{"data":"Streamline","floor":6.0,"key":"SMITH"},{"data":"Hologram","floor":11.0,"key":"SMITH"},{"data":"Defragment","floor":15.0,"key":"SMITH"},{"floor":24.0,"key":"DIG"}],"neow_cost":"NONE","seed_source_timestamp":0,"circlet_count":0,"master_deck":["AscendersBane","Zap","Dualcast","Self Repair","Injury","Trip+1","Streamline+1","Ball Lightning","Hologram+1","Defragment+1","Heatsinks","Biased Cognition","Storm","BootSequence","Sunder","Self Repair","Double Energy","Steam","Streamline","Loop","White Noise+1","Chill"],"special_seed":0,"relics":["Cracked Core","NeowsBlessing","Golden Idol","Lantern","Question Card","WarpedTongs","Blood Vial","MawBank","Ancient Tea Set","Pandora\u0027s Box","Spirit Poop","War Paint","Meat on the Bone","Shovel","Potion Belt","Vajra"],"potions_floor_usage":[],"damage_taken":[{"damage":0.0,"enemies":"Jaw Worm","floor":1.0,"turns":1.0},{"damage":0.0,"enemies":"Gremlin Nob","floor":7.0,"turns":1.0},{"damage":0.0,"enemies":"Lagavulin","floor":10.0,"turns":1.0},{"damage":6.0,"enemies":"2 Louse","floor":12.0,"turns":2.0},{"damage":24.0,"enemies":"3 Sentries","floor":13.0,"turns":8.0},{"damage":4.0,"enemies":"Cultist","floor":14.0,"turns":2.0},{"damage":7.0,"enemies":"Slime Boss","floor":16.0,"turns":6.0},{"damage":31.0,"enemies":"Spheric Guardian","floor":18.0,"turns":5.0},{"damage":29.0,"enemies":"Gremlin Leader","floor":23.0,"turns":5.0},{"damage":34,"enemies":"3 Byrds","floor":25,"turns":4},{"damage":8,"enemies":"Centurion and Healer","floor":27,"turns":2}],"seed_played":"-5650557572968912748","potions_obtained":[{"floor":1.0,"key":"EssenceOfSteel"},{"floor":10.0,"key":"Energy Potion"},{"floor":14.0,"key":"Block Potion"},{"floor":16.0,"key":"SpeedPotion"},{"floor":25,"key":"Ancient Potion"}],"is_trial":false,"path_per_floor":["M","?","T","$","?","R","E","?","T","E","R","M","E","M","R","B",null,"M","?","$","T","?","E","R","M","T","M"],"character_chosen":"DEFECT","items_purchased":["Trip","Streamline","White Noise","War Paint"],"campfire_rested":0,"item_purchase_floors":[4,4,20,20],"current_hp_per_floor":[64,64,64,64,64,64,64,64,64,66,66,69,57,55,55,60,68,53,53,53,53,53,55,55,52,52,46],"gold":436,"neow_bonus":"THREE_ENEMY_KILL","is_prod":false,"is_daily":false,"chose_seed":false,"campfire_upgraded":3,"win_rate":0,"timestamp":1555761589,"path_taken":["M","?","?","$","?","R","E","?","T","E","R","M","E","M","R","BOSS","M","?","$","?","?","E","R","M","T","?"],"build_version":"2019-01-23","purchased_purges":0,"victory":false,"max_hp_per_floor":[71,71,71,71,71,71,71,71,71,71,71,71,71,71,71,71,71,71,71,71,71,71,71,71,71,71,71],"card_choices":[{"not_picked":["Undo","Force Field"],"picked":"Self Repair","floor":1.0},{"not_picked":["Sunder","Coolheaded"],"picked":"Ball Lightning","floor":7.0},{"not_picked":["Melter","Stack","Consume"],"picked":"Hologram","floor":10.0},{"not_picked":["Reprogram","Ball Lightning","Sweeping Beam"],"picked":"Defragment","floor":12.0},{"not_picked":["Compile Driver","Cold Snap","Stack","Doom and Gloom"],"picked":"SKIP","floor":13.0},{"not_picked":["Rebound","FTL","Steam"],"picked":"Heatsinks","floor":14.0},{"not_picked":["Meteor Strike","Core Surge","Seek"],"picked":"Biased Cognition","floor":16.0},{"not_picked":["Redo","Steam","Reinforced Body","Go for the Eyes"],"picked":"SKIP","floor":18.0},{"not_picked":["Lockon","BootSequence","Meteor Strike","Streamline"],"picked":"SKIP","floor":23.0},{"not_picked":["Barrage","Coolheaded","Go for the Eyes"],"picked":"Chill","floor":25}],"player_experience":916129,"relics_obtained":[{"floor":3.0,"key":"Lantern"},{"floor":7.0,"key":"Question Card"},{"floor":9.0,"key":"Blood Vial"},{"floor":10.0,"key":"MawBank"},{"floor":13.0,"key":"Ancient Tea Set"},{"floor":21.0,"key":"Meat on the Bone"},{"floor":23.0,"key":"Shovel"},{"floor":24.0,"key":"Potion Belt"},{"floor":26,"key":"Vajra"}],"event_choices":[{"damage_healed":0.0,"max_hp_gain":0.0,"max_hp_loss":0.0,"gold_gain":0.0,"event_name":"Golden Idol","player_choice":"Take Wound","floor":2.0,"gold_loss":0.0,"damage_taken":0.0,"relics_obtained":["Golden Idol"],"cards_obtained":["Injury"]},{"damage_healed":0.0,"max_hp_gain":0.0,"max_hp_loss":0.0,"gold_gain":79.0,"event_name":"Golden Wing","player_choice":"Gained Gold","floor":5.0,"gold_loss":0.0,"damage_taken":0.0},{"damage_healed":0.0,"max_hp_gain":0.0,"max_hp_loss":0.0,"gold_gain":0.0,"event_name":"Accursed Blacksmith","player_choice":"Rummage","floor":8.0,"gold_loss":0.0,"damage_taken":0.0,"relics_obtained":["WarpedTongs"],"cards_obtained":["Pain"]},{"cards_removed":["Pain"],"damage_healed":0.0,"max_hp_gain":0.0,"max_hp_loss":0.0,"gold_gain":0.0,"event_name":"Bonfire Elementals","player_choice":"Offered Curse","floor":19.0,"gold_loss":0.0,"damage_taken":0.0,"relics_obtained":["Spirit Poop"]},{"damage_healed":0.0,"max_hp_gain":0.0,"max_hp_loss":0.0,"gold_gain":100.0,"event_name":"The Joust","player_choice":"Bet on Murderer","floor":22.0,"gold_loss":50.0,"damage_taken":0.0}],"is_beta":false,"boss_relics":[{"not_picked":["Coffee Dripper","Busted Crown"],"picked":"Pandora\u0027s Box"}],"items_purged_floors":[],"is_endless":false,"potions_floor_spawned":[1,10,14,16,25],"killed_by":"Centurion and Healer","ascension_level":20}