{"gold_per_floor":[117,117,117,137,102,102,102,130,156,156,176,176,208,208,208,334,334,350,366,366,57,156,187,187,201,253,13,13,27,67,91,91,215,215,234,234,257,8,23,23,356,356],"floor_reached":42,"playtime":1905,"items_purged":["Regret"],"score":655,"play_id":"17ffaaac-0d70-48b6-8727-7e5192928cc7","local_time":"20190401174051","is_ascension_mode":true,"campfire_choices":[{"data":"Neutralize","floor":6,"key":"SMITH"},{"floor":10,"key":"REST"},{"floor":12,"key":"REST"},{"floor":15,"key":"REST"},{"floor":24,"key":"REST"},{"floor":32,"key":"REST"},{"floor":40,"key":"REST"}],"neow_cost":"NONE","seed_source_timestamp":1672379877575901,"circlet_count":0,"master_deck":["Defend_G+1","Defend_G+1","Defend_G+1","Defend_G+1","Defend_G+1","Strike_G+1","Strike_G+1","Strike_G+1","Strike_G+1","Strike_G+1","Survivor","Neutralize+1","All Out Attack","All Out Attack","PiercingWail","Dagger Spray","Noxious Fumes","Phantasmal Killer","Backstab","Deflect+1","After Image","Bane+1","Panacea","Prepared","Tactician","Adrenaline","Envenom","Acrobatics","Regret","Riddle With Holes+1","Quick Slash+1"],"relics":["Ring of the Snake","Boot","Bronze Scales","Potion Belt","Omamori","Smiling Mask","Cursed Key","Mummified Hand","Molten Egg 2","Anchor","Strawberry","Philosopher\u0027s Stone","Bag of Marbles","Blue Candle"],"potions_floor_usage":[18,19,23,33,33,37,39,42],"damage_taken":[{"damage":5,"enemies":"Jaw Worm","floor":1,"turns":5},{"damage":2,"enemies":"Small Slimes","floor":4,"turns":4},{"damage":42,"enemies":"Gremlin Nob","floor":8,"turns":4},{"damage":0,"enemies":"2 Louse","floor":11,"turns":2},{"damage":23,"enemies":"3 Sentries","floor":13,"turns":5},{"damage":43,"enemies":"Slime Boss","floor":16,"turns":9},{"damage":7,"enemies":"Spheric Guardian","floor":18,"turns":4},{"damage":7,"enemies":"Chosen","floor":19,"turns":4},{"damage":22,"enemies":"Book of Stabbing","floor":23,"turns":4},{"damage":4,"enemies":"Snake Plant","floor":25,"turns":4},{"damage":17,"enemies":"Cultist and Chosen","floor":29,"turns":6},{"damage":0,"enemies":"Gremlin Leader","floor":30,"turns":7},{"damage":12,"enemies":"Snecko","floor":31,"turns":5},{"damage":26,"enemies":"Automaton","floor":33,"turns":9},{"damage":13,"enemies":"Orb Walker","floor":35,"turns":4},{"damage":5,"enemies":"3 Darklings","floor":37,"turns":4},{"damage":19,"enemies":"Spire Growth","floor":39,"turns":5},{"damage":68,"enemies":"Giant Head","floor":42,"turns":7}],"seed_played":"-150922120861010385","potions_obtained":[{"floor":8,"key":"Energy Potion"},{"floor":13,"key":"Poison Potion"},{"floor":16,"key":"GamblersBrew"},{"floor":18,"key":"Strength Potion"},{"floor":23,"key":"GhostInAJar"},{"floor":30,"key":"Swift Potion"},{"floor":33,"key":"Ancient Potion"},{"floor":35,"key":"Swift Potion"},{"floor":39,"key":"Fire Potion"}],"is_trial":false,"path_per_floor":["M","?","$","M","?","R","?","E","T","R","M","R","E","?","R","B",null,"M","M","?","$","?","E","R","M","T","$","$","M","E","M","R","B",null,"M","T","M","$","M","R","?","E"],"character_chosen":"THE_SILENT","items_purchased":["Mummified Hand","Panacea","Anchor","Blue Candle"],"campfire_rested":6,"item_purchase_floors":[21,27,27,38],"current_hp_per_floor":[58,44,44,42,59,59,59,17,17,38,38,59,36,36,57,14,56,49,42,42,42,42,20,41,37,37,37,37,20,27,15,38,12,61,48,48,43,43,24,47,47,0],"gold":356,"neow_bonus":"RANDOM_COMMON_RELIC","is_prod":false,"is_daily":false,"chose_seed":false,"campfire_upgraded":1,"win_rate":0,"timestamp":1554165651,"path_taken":["M","?","$","M","?","R","?","E","T","R","?","R","E","?","R","BOSS","M","M","?","?","?","E","R","M","T","?","$","M","E","M","R","BOSS","M","?","M","$","M","R","?","E"],"build_version":"2019-01-23","purchased_purges":1,"victory":false,"max_hp_per_floor":[70,70,70,70,70,70,70,70,70,70,70,70,70,70,70,70,70,70,70,70,70,70,70,70,70,70,70,70,70,77,77,77,77,77,77,77,77,77,77,77,77,77],"card_choices":[{"not_picked":["Dagger Throw","Accuracy"],"picked":"All Out Attack","floor":1},{"not_picked":["Cloak And Dagger","Deadly Poison"],"picked":"All Out Attack","floor":4},{"not_picked":["Underhanded Strike","Eviscerate"],"picked":"PiercingWail","floor":8},{"not_picked":["Eviscerate","Outmaneuver"],"picked":"Dagger Spray","floor":11},{"not_picked":["Accuracy","Well Laid Plans"],"picked":"Noxious Fumes","floor":13},{"not_picked":["Night Terror","Grand Finale"],"picked":"Phantasmal Killer","floor":16},{"not_picked":["Quick Slash","Bane"],"picked":"Backstab","floor":18},{"not_picked":["Footwork","Deadly Poison"],"picked":"Deflect+1","floor":19},{"not_picked":["Doppelganger","Sucker Punch"],"picked":"After Image","floor":23},{"not_picked":["Outmaneuver","Dagger Spray+1"],"picked":"Bane+1","floor":25},{"not_picked":["Deflect","Calculated Gamble"],"picked":"Prepared","floor":29},{"not_picked":["Reflex","Bane+1"],"picked":"Tactician","floor":30},{"not_picked":["Dodge and Roll","Prepared"],"picked":"Adrenaline","floor":31},{"not_picked":["Night Terror","Tools of the Trade"],"picked":"Envenom","floor":33},{"not_picked":["Setup+1","Dagger Spray+1"],"picked":"Acrobatics","floor":35},{"not_picked":["Blade Dance","Dagger Spray+1"],"picked":"Riddle With Holes+1","floor":37},{"not_picked":["Calculated Gamble","Outmaneuver"],"picked":"Quick Slash+1","floor":39}],"player_experience":425839,"relics_obtained":[{"floor":8,"key":"Potion Belt"},{"floor":9,"key":"Omamori"},{"floor":13,"key":"Smiling Mask"},{"floor":23,"key":"Molten Egg 2"},{"floor":30,"key":"Strawberry"},{"floor":36,"key":"Bag of Marbles"}],"event_choices":[{"damage_healed":0,"gold_gain":0,"player_choice":"Entered Light","damage_taken":14,"max_hp_gain":0,"max_hp_loss":0,"event_name":"Shining Light","floor":2,"gold_loss":0,"cards_upgraded":["Defend_G","Defend_G"]},{"damage_healed":17,"gold_gain":0,"player_choice":"Healed","damage_taken":0,"max_hp_gain":0,"max_hp_loss":0,"event_name":"The Cleric","floor":5,"gold_loss":35},{"damage_healed":0,"gold_gain":0,"player_choice":"Box","damage_taken":0,"relics_obtained":["Bronze Scales"],"max_hp_gain":0,"max_hp_loss":0,"event_name":"Big Fish","floor":7,"gold_loss":0,"cards_obtained":["Regret"]},{"damage_healed":0,"gold_gain":0,"player_choice":"Take Wound","damage_taken":0,"relics_obtained":["Golden Idol"],"max_hp_gain":0,"max_hp_loss":0,"event_name":"Golden Idol","floor":14,"gold_loss":0,"cards_obtained":["Injury"]},{"damage_healed":0,"gold_gain":0,"player_choice":"Simplicity","damage_taken":0,"max_hp_gain":0,"max_hp_loss":0,"event_name":"Back to Basics","floor":20,"gold_loss":0,"cards_upgraded":["Defend_G","Defend_G","Defend_G","Strike_G","Strike_G","Strike_G","Strike_G","Strike_G"]},{"damage_healed":0,"gold_gain":99,"player_choice":"Stole From Cult","damage_taken":0,"max_hp_gain":0,"max_hp_loss":0,"event_name":"Nest","floor":22,"gold_loss":0},{"damage_healed":0,"gold_gain":333,"player_choice":"Gave Idol","damage_taken":0,"max_hp_gain":0,"max_hp_loss":0,"event_name":"The Moai Head","floor":41,"relics_lost":["Golden Idol"],"gold_loss":0}],"is_beta":false,"boss_relics":[{"not_picked":["Empty Cage","Calling Bell"],"picked":"Cursed Key"},{"not_picked":["Sozu","Astrolabe"],"picked":"Philosopher\u0027s Stone"}],"items_purged_floors":[21],"is_endless":false,"potions_floor_spawned":[8,13,16,18,23,30,33,35,39],"killed_by":"Giant Head","ascension_level":7}