{"gold_per_floor":[117,41,41,18,31,31,57,117,142,142,142,160,160,191,191,286,286,302,234,234,246,246,246],"floor_reached":23,"playtime":592,"items_purged":[],"score":275,"play_id":"8fdefd5f-8253-46fd-b36f-2e22e6979e9e","local_time":"20190402175844","is_ascension_mode":true,"campfire_choices":[{"data":"Zap","floor":6,"key":"SMITH"},{"data":"Dualcast","floor":11,"key":"SMITH"},{"data":"Rip and Tear","floor":13,"key":"SMITH"},{"data":"Barrage","floor":15,"key":"SMITH"}],"neow_cost":"NONE","seed_source_timestamp":1761164288020437,"circlet_count":0,"master_deck":["Strike_B","Strike_B","Defend_B","Defend_B","Zap+1","Dualcast+1","Rebound","Sunder+1","Rebound","Rip and Tear+1","Seek","All For One","Storm","Barrage+1","Electrodynamics","Recycle+1","Reinforced Body+1","Barrage+1","Go for the Eyes","Defragment","Self Repair+1"],"relics":["Cracked Core","NeowsBlessing","Happy Flower","Omamori","Pen Nib","Astrolabe"],"potions_floor_usage":[16,16,18],"damage_taken":[{"damage":0,"enemies":"2 Louse","floor":1,"turns":1},{"damage":0,"enemies":"Jaw Worm","floor":5,"turns":1},{"damage":0,"enemies":"Lagavulin","floor":7,"turns":1},{"damage":0,"enemies":"Cultist","floor":12,"turns":2},{"damage":10,"enemies":"3 Sentries","floor":14,"turns":4},{"damage":52,"enemies":"The Guardian","floor":16,"turns":8},{"damage":0,"enemies":"3 Byrds","floor":18,"turns":2},{"damage":28,"enemies":"2 Thieves","floor":21,"turns":3},{"damage":57,"enemies":"Slavers","floor":23,"turns":3}],"seed_played":"-4763087426925890167","potions_obtained":[{"floor":5,"key":"LiquidBronze"},{"floor":12,"key":"Dexterity Potion"},{"floor":14,"key":"Energy Potion"}],"is_trial":false,"path_per_floor":["M","$","?","$","M","R","E","?","T","?","R","M","R","E","R","B",null,"M","$","?","M","?","E"],"character_chosen":"DEFECT","items_purchased":["Sunder","Rebound","Defragment"],"campfire_rested":0,"item_purchase_floors":[2,4,19],"current_hp_per_floor":[75,75,75,75,75,75,75,75,75,75,75,75,75,65,65,13,60,60,60,60,32,57,0],"gold":246,"neow_bonus":"THREE_ENEMY_KILL","is_prod":false,"is_daily":false,"chose_seed":false,"campfire_upgraded":4,"win_rate":0,"timestamp":1554253124,"path_taken":["M","$","?","$","M","R","E","?","T","?","R","?","R","E","R","BOSS","M","$","?","M","?","E"],"build_version":"2019-01-23","purchased_purges":0,"victory":false,"max_hp_per_floor":[75,75,75,75,75,75,75,75,75,75,75,75,75,75,75,75,75,75,75,75,75,75,75],"card_choices":[{"not_picked":["Force Field","Coolheaded"],"picked":"Rebound","floor":1},{"not_picked":["Turbo","Doom and Gloom"],"picked":"Rip and Tear","floor":5},{"not_picked":["Stack","Leap"],"picked":"Seek","floor":7},{"not_picked":["Coolheaded","Redo"],"picked":"Storm","floor":12},{"not_picked":["Coolheaded","Hologram"],"picked":"Barrage","floor":14},{"not_picked":["Seek","Buffer"],"picked":"Electrodynamics","floor":16},{"not_picked":["Rebound+1","Barrage"],"picked":"Go for the Eyes","floor":18},{"not_picked":["Cold Snap","Multi-Cast"],"picked":"Self Repair+1","floor":21}],"player_experience":485876,"relics_obtained":[{"floor":7,"key":"Happy Flower"},{"floor":9,"key":"Omamori"},{"floor":14,"key":"Pen Nib"}],"event_choices":[{"damage_healed":0,"gold_gain":0,"player_choice":"Grow","damage_taken":0,"max_hp_gain":0,"max_hp_loss":0,"event_name":"Living Wall","floor":3,"gold_loss":0,"cards_upgraded":["Sunder"]},{"damage_healed":0,"gold_gain":60,"player_choice":"Gained Gold","damage_taken":0,"max_hp_gain":0,"max_hp_loss":0,"event_name":"Golden Wing","floor":8,"gold_loss":0},{"damage_healed":0,"gold_gain":0,"cards_transformed":["Strike_B"],"player_choice":"Transformed","damage_taken":0,"max_hp_gain":0,"max_hp_loss":0,"event_name":"Transmorgrifier","floor":10,"gold_loss":0,"cards_obtained":["All For One"]},{"damage_healed":0,"gold_gain":0,"player_choice":"Ignored","damage_taken":0,"max_hp_gain":0,"max_hp_loss":0,"event_name":"Ghosts","floor":20,"gold_loss":0},{"damage_healed":25,"gold_gain":0,"player_choice":"Heal","damage_taken":0,"max_hp_gain":0,"max_hp_loss":0,"event_name":"The Library","floor":22,"gold_loss":0}],"is_beta":false,"boss_relics":[{"not_picked":["Busted Crown","Tiny House"],"picked":"Astrolabe"}],"items_purged_floors":[],"is_endless":false,"potions_floor_spawned":[5,12,14],"killed_by":"Slavers","ascension_level":5}