{"gold_per_floor":[116,266,284,300,300,330,330,355,355,372,372,38,38,96,96,169,169,181,68,68,84,84,84,110,110,110,121,135,169,195,238,250,262],"floor_reached":33,"playtime":1921,"items_purged":[],"score":831,"play_id":"a4973a63-1dc5-45e8-9521-7a8e71923c8e","local_time":"20190415205024","daily_mods":["Draft","Hoarder","Specialized","Diverse","Colorless Cards","Heirloom","DeadlyEvents","Elite Swarm","Terminal","Uncertain Future"],"is_ascension_mode":true,"campfire_choices":[{"floor":7,"key":"REST"},{"floor":13,"key":"REST"},{"floor":15,"key":"REST"},{"floor":23,"key":"REST"},{"floor":25,"key":"REST"},{"floor":32,"key":"REST"}],"neow_cost":"","seed_source_timestamp":422577989474668,"circlet_count":0,"master_deck":["Demon Form","Wraith Form v2","Echo Form","AscendersBane","Skewer","Skewer","Skewer","Skewer","Skewer","Skewer","Skewer","Skewer","Skewer","Skewer","Skewer","Skewer","Skewer","Flame Barrier","Flame Barrier","Flame Barrier","Conserve Battery","Conserve Battery","Conserve Battery","Poisoned Stab","Poisoned Stab","Poisoned Stab","Iron Wave","Iron Wave","Iron Wave","Shockwave","Shockwave","Shockwave","Discovery","Discovery","Discovery","Hologram","Hologram","Hologram","Cleave","Cleave","Cleave","Twin Strike","Twin Strike","Twin Strike","Leap","Leap","Leap","Spot Weakness","Spot Weakness","Spot Weakness","Deadly Poison","Deadly Poison","Deadly Poison","Hello World","Hello World","Hello World","Ball Lightning","Ball Lightning","Ball Lightning","Hologram","Hologram","Hologram","True Grit","True Grit","True Grit","Doubt","Doubt","Doubt","Well Laid Plans","Well Laid Plans","Well Laid Plans","Leg Sweep","Leg Sweep","Leg Sweep","Seek","Seek","Seek","Demon Form","Demon Form","Demon Form","Outmaneuver","Outmaneuver","Outmaneuver","Malaise","Malaise","Malaise","Apotheosis","Apotheosis","Apotheosis","Ghostly Armor","Ghostly Armor","Ghostly Armor","Gash","Gash","Gash","Shrug It Off","Shrug It Off","Shrug It Off","Body Slam","Body Slam","Body Slam","Barrage","Barrage","Barrage","Ghostly Armor","Ghostly Armor","Ghostly Armor","Gash","Gash","Gash","Loop","Loop","Loop","Streamline","Streamline","Streamline","Setup","Setup","Setup","Storm","Storm","Storm","Hologram","Hologram","Hologram","Backstab","Backstab","Backstab","Burst","Burst","Burst","Leap","Leap","Leap","Seek","Seek","Seek"],"relics":["Cracked Core","Ice Cream","Du-Vu Doll","Gambling Chip","Symbiotic Virus","Letter Opener","Torii","Tiny Chest","Orrery","Pen Nib","Cables","MawBank","Thread and Needle"],"potions_floor_usage":[14,18,33],"damage_taken":[{"damage":0,"enemies":"Cultist","floor":1,"turns":2},{"damage":0,"enemies":"Small Slimes","floor":3,"turns":4},{"damage":0,"enemies":"Jaw Worm","floor":4,"turns":2},{"damage":31,"enemies":"Lagavulin","floor":6,"turns":5},{"damage":11,"enemies":"3 Sentries","floor":8,"turns":5},{"damage":0,"enemies":"3 Louse","floor":10,"turns":2},{"damage":10,"enemies":"Lagavulin","floor":14,"turns":5},{"damage":33,"enemies":"Slime Boss","floor":16,"turns":7},{"damage":1,"enemies":"Shell Parasite","floor":18,"turns":4},{"damage":0,"enemies":"Chosen","floor":21,"turns":1},{"damage":9,"enemies":"Sentry and Sphere","floor":27,"turns":6},{"damage":1,"enemies":"Cultist and Chosen","floor":28,"turns":4},{"damage":18,"enemies":"Gremlin Leader","floor":29,"turns":6},{"damage":0,"enemies":"3 Cultists","floor":30,"turns":3},{"damage":2,"enemies":"Book of Stabbing","floor":31,"turns":7},{"damage":34,"enemies":"Automaton","floor":33,"turns":8}],"seed_played":"-7278778914148185097","potions_obtained":[{"floor":3,"key":"Dexterity Potion"},{"floor":4,"key":"GamblersBrew"},{"floor":16,"key":"Fire Potion"},{"floor":27,"key":"FearPotion"},{"floor":28,"key":"Energy Potion"}],"is_trial":true,"path_per_floor":["M","?","M","M","?","E","R","E","T","M","T","$","R","E","R","B",null,"M","$","?","M","?","R","T","R","T","M","M","E","M","E","R","B"],"character_chosen":"DEFECT","items_purchased":["Torii","Gash","Loop"],"campfire_rested":6,"item_purchase_floors":[12,19,19],"current_hp_per_floor":[64,64,64,64,69,38,58,47,47,47,47,47,62,52,60,27,51,50,50,50,50,50,52,51,50,49,40,39,21,21,19,32,0],"gold":262,"neow_bonus":"","is_prod":false,"is_daily":false,"chose_seed":false,"campfire_upgraded":0,"win_rate":0,"timestamp":1555379424,"path_taken":["M","?","M","M","?","E","R","E","T","M","?","$","R","E","R","BOSS","M","$","?","M","?","R","?","R","T","M","M","E","M","E","R","BOSS"],"build_version":"2019-01-23","purchased_purges":0,"victory":false,"max_hp_per_floor":[69,68,67,66,70,69,68,67,66,65,64,63,62,61,60,59,58,57,56,55,54,53,52,51,50,49,48,47,46,45,44,43,43],"card_choices":[{"not_picked":["Dodge and Roll","Swift Strike"],"picked":"Flame Barrier","floor":0},{"not_picked":["Chaos","Battle Trance"],"picked":"Conserve Battery","floor":0},{"not_picked":["FTL","Havoc"],"picked":"Poisoned Stab","floor":0},{"not_picked":["Go for the Eyes","Reprogram"],"picked":"Iron Wave","floor":0},{"not_picked":["Turbo","Riddle With Holes"],"picked":"Shockwave","floor":0},{"not_picked":["Aggregate","Cloak And Dagger"],"picked":"Discovery","floor":0},{"not_picked":["Wild Strike","Riddle With Holes"],"picked":"Hologram","floor":0},{"not_picked":["Purity","Compile Driver"],"picked":"Cleave","floor":0},{"not_picked":["Impatience","Bane"],"picked":"Twin Strike","floor":0},{"not_picked":["Compile Driver","Consume"],"picked":"Leap","floor":0},{"not_picked":["Prepared","Rupture"],"picked":"Spot Weakness","floor":0},{"not_picked":["Cloak And Dagger","Cleave"],"picked":"Deadly Poison","floor":0},{"not_picked":["Forethought","Steam"],"picked":"Hello World","floor":0},{"not_picked":["Forethought","Flying Knee"],"picked":"Ball Lightning","floor":0},{"not_picked":["PiercingWail","Cloak And Dagger"],"picked":"Hologram","floor":0},{"not_picked":["Sentinel","Beam Cell"],"picked":"True Grit","floor":1},{"not_picked":["Madness","Streamline"],"picked":"Well Laid Plans","floor":3},{"not_picked":["Streamline","Masterful Stab"],"picked":"Leg Sweep","floor":4},{"not_picked":["Violence","Sadistic Nature"],"picked":"Seek","floor":6},{"not_picked":["Thinking Ahead","Seek"],"picked":"Demon Form","floor":8},{"not_picked":["Anger","Cloak And Dagger"],"picked":"Outmaneuver","floor":10},{"not_picked":["Secret Weapon","Bludgeon"],"picked":"Malaise","floor":14},{"not_picked":["Panache","Die Die Die"],"picked":"Apotheosis","floor":16},{"not_picked":["Recycle","Outmaneuver"],"picked":"Ghostly Armor","floor":17},{"not_picked":["Bloodletting","Reflex"],"picked":"Gash","floor":17},{"not_picked":["Turbo","Carnage"],"picked":"Shrug It Off","floor":17},{"not_picked":["Sucker Punch","Acrobatics"],"picked":"Body Slam","floor":17},{"not_picked":["Bandage Up","Secret Weapon"],"picked":"Barrage","floor":17},{"not_picked":["Blur","Acrobatics+1"],"picked":"Ghostly Armor","floor":18},{"not_picked":["Battle Trance","Blood for Blood"],"picked":"Streamline","floor":21},{"not_picked":["Perfected Strike","Steam"],"picked":"Hologram","floor":27},{"not_picked":["Perfected Strike","Heatsinks"],"picked":"Backstab","floor":28},{"not_picked":["Die Die Die","Envenom"],"picked":"Burst","floor":29},{"not_picked":["Dodge and Roll","Flex"],"picked":"Leap","floor":30},{"not_picked":["Storm of Steel","Venomology"],"picked":"Seek","floor":31}],"player_experience":200807,"relics_obtained":[{"floor":6,"key":"Du-Vu Doll"},{"floor":8,"key":"Gambling Chip"},{"floor":9,"key":"Symbiotic Virus"},{"floor":11,"key":"Letter Opener"},{"floor":14,"key":"Tiny Chest"},{"floor":24,"key":"Pen Nib"},{"floor":26,"key":"Cables"},{"floor":29,"key":"MawBank"},{"floor":31,"key":"Thread and Needle"}],"event_choices":[{"damage_healed":0,"gold_gain":150,"player_choice":"AGREE","damage_taken":0,"max_hp_gain":0,"max_hp_loss":0,"event_name":"Liars Game","floor":2,"gold_loss":0,"cards_obtained":["Doubt"]},{"damage_healed":0,"gold_gain":0,"player_choice":"Donut","damage_taken":0,"max_hp_gain":5,"max_hp_loss":0,"event_name":"Big Fish","floor":5,"gold_loss":0},{"damage_healed":0,"gold_gain":0,"player_choice":"Ignored","damage_taken":0,"max_hp_gain":0,"max_hp_loss":0,"event_name":"Ghosts","floor":20,"gold_loss":0},{"damage_healed":0,"gold_gain":0,"cards_transformed":["Skewer","Skewer"],"player_choice":"Became Test Subject","damage_taken":0,"max_hp_gain":0,"max_hp_loss":0,"event_name":"Drug Dealer","floor":22,"gold_loss":0,"cards_obtained":["Setup","Storm"]}],"is_beta":false,"boss_relics":[{"not_picked":["Astrolabe","White Beast Statue"],"picked":"Orrery"}],"items_purged_floors":[],"is_endless":false,"potions_floor_spawned":[3,4,16,27,28,31],"killed_by":"Automaton","ascension_level":20}