{"gold_per_floor":[109,6,6,6,16,16,50,63,110,110,123,123,137,157,157,252,252,272,284,82,93,143,143,169,169,196,196,209,209,209,209,209,306,306,322,333,58,70,80,80,111,111,188,208,208,219,219,233,233,233],"floor_reached":51,"playtime":2724,"items_purged":["Shame"],"score":1099,"play_id":"b368f13a-877b-4b4d-ae93-663485d7e478","local_time":"20180918141537","is_ascension_mode":true,"campfire_choices":[{"data":"Rainbow","floor":6.0,"key":"SMITH"},{"data":"Hologram","floor":10.0,"key":"SMITH"},{"data":"Barrage","floor":12.0,"key":"SMITH"},{"data":"Bandage Up","floor":15.0,"key":"SMITH"},{"data":"Anger","floor":23.0,"key":"SMITH"},{"floor":25.0,"key":"REST"},{"floor":29.0,"key":"REST"},{"floor":32.0,"key":"REST"},{"data":"Tempest","floor":40.0,"key":"SMITH"},{"data":"Beam Cell","floor":42.0,"key":"SMITH"},{"floor":47.0,"key":"REST"},{"data":"Capacitor","floor":49.0,"key":"SMITH"}],"neow_cost":"CURSE","seed_source_timestamp":0,"circlet_count":0,"master_deck":["Strike_B+1","Strike_B+1","Strike_B+1","Strike_B+1","Defend_B+1","Defend_B+1","Defend_B+1","Zap","Dualcast","AscendersBane","Rainbow+1","Barrage+1","Bandage Up+1","Beam Cell+1","Ball Lightning","Hologram+1","Self Repair","Tempest+1","Electrodynamics","Capacitor+1","Anger+1","Distraction","Glacier","Bullet Time","Discovery+1","Havoc","Impatience+1"],"special_seed":0,"relics":["FrozenCore","Bronze Scales","Strawberry","Snecko Eye","PrismaticShard","Dead Branch","Orichalcum","Enchiridion","DataDisk","Gambling Chip","Singing Bowl"],"potions_floor_usage":[50],"damage_taken":[{"damage":5.0,"enemies":"Small Slimes","floor":1.0,"turns":3.0},{"damage":0.0,"enemies":"2 Louse","floor":5.0,"turns":2.0},{"damage":18.0,"enemies":"Gremlin Nob","floor":7.0,"turns":3.0},{"damage":1.0,"enemies":"Cultist","floor":8.0,"turns":3.0},{"damage":8.0,"enemies":"3 Louse","floor":11.0,"turns":3.0},{"damage":3.0,"enemies":"Exordium Wildlife","floor":13.0,"turns":3.0},{"damage":16.0,"enemies":"Exordium Thugs","floor":14.0,"turns":4.0},{"damage":39.0,"enemies":"The Guardian","floor":16.0,"turns":8.0},{"damage":26.0,"enemies":"Shell Parasite","floor":18.0,"turns":5.0},{"damage":6.0,"enemies":"Spheric Guardian","floor":19.0,"turns":3.0},{"damage":18.0,"enemies":"Snecko","floor":21.0,"turns":4.0},{"damage":57.0,"enemies":"Slavers","floor":24.0,"turns":4.0},{"damage":7.0,"enemies":"3 Cultists","floor":28.0,"turns":3.0},{"damage":28.0,"enemies":"Colosseum Slavers","floor":30.0,"turns":5.0},{"damage":30.0,"enemies":"Automaton","floor":33.0,"turns":13.0},{"damage":11.0,"enemies":"Orb Walker","floor":35.0,"turns":4.0},{"damage":7.0,"enemies":"3 Darklings","floor":36.0,"turns":3.0},{"damage":0.0,"enemies":"Transient","floor":38.0,"turns":5.0},{"damage":4.0,"enemies":"Sphere and 2 Shapes","floor":39.0,"turns":3.0},{"damage":8.0,"enemies":"Giant Head","floor":41.0,"turns":8.0},{"damage":0.0,"enemies":"Maw","floor":44.0,"turns":6.0},{"damage":33.0,"enemies":"Spire Growth","floor":46.0,"turns":5.0},{"damage":10.0,"enemies":"3 Darklings","floor":48.0,"turns":2.0},{"damage":49,"enemies":"Awakened One","floor":50,"turns":11}],"seed_played":"-3306187422228354886","potions_obtained":[{"floor":1.0,"key":"AttackPotion"},{"floor":7.0,"key":"Energy Potion"},{"floor":8.0,"key":"GamblersBrew"},{"floor":16.0,"key":"Energy Potion"},{"floor":18.0,"key":"GamblersBrew"},{"floor":21.0,"key":"SteroidPotion"},{"floor":33.0,"key":"Strength Potion"},{"floor":35.0,"key":"SteroidPotion"},{"floor":39.0,"key":"Strength Potion"}],"is_trial":false,"path_per_floor":["M","$","?","?","M","R","E","M","T","R","M","R","M","M","R","B",null,"M","M","$","M","?","R","E","R","T","?","M","R","?","?","R","B",null,"M","M","$","M","M","R","E","R","T","M","?","M","R","M","R","B"],"character_chosen":"DEFECT","items_purchased":["Bandage Up","PrismaticShard","DataDisk","SpeedPotion"],"campfire_rested":4,"item_purchase_floors":[2,20,37,37],"current_hp_per_floor":[63,63,63,63,67,67,53,56,63,63,59,59,60,55,55,29,69,56,63,63,58,58,58,14,38,38,22,22,46,38,38,62,59,76,78,71,71,82,78,78,82,82,82,84,84,58,83,86,86,37],"gold":233,"neow_bonus":"THREE_RARE_CARDS","is_prod":false,"is_daily":false,"chose_seed":false,"campfire_upgraded":8,"win_rate":0,"timestamp":1537294537,"path_taken":["M","$","?","?","M","R","E","M","T","R","M","R","?","M","R","BOSS","M","M","$","M","?","R","E","R","T","?","M","R","?","?","R","BOSS","M","M","$","M","?","R","E","R","T","M","?","M","R","M","R","BOSS"],"build_version":"2018-09-06","purchased_purges":1,"victory":true,"max_hp_per_floor":[75,75,75,75,75,75,75,75,82,82,82,82,82,82,82,82,82,82,82,82,82,82,82,82,82,82,82,82,82,82,82,82,82,82,82,82,82,82,82,82,82,82,82,84,84,84,84,86,86,86],"card_choices":[{"not_picked":["Biased Cognition","Core Surge"],"picked":"Rainbow","floor":0.0},{"not_picked":["Sweeping Beam","Streamline"],"picked":"Barrage","floor":1.0},{"not_picked":["Sweeping Beam","Rip and Tear"],"picked":"Beam Cell","floor":5.0},{"not_picked":["Compile Driver","Stack"],"picked":"Ball Lightning","floor":7.0},{"not_picked":["Tempest","Sweeping Beam"],"picked":"Hologram","floor":8.0},{"not_picked":["Double Energy","Coolheaded","Meteor Strike"],"picked":"SKIP","floor":11.0},{"not_picked":["Barrage","Hologram"],"picked":"Self Repair","floor":13.0},{"not_picked":["Compile Driver","Cold Snap"],"picked":"Tempest","floor":14.0},{"not_picked":["Meteor Strike","Machine Learning"],"picked":"Electrodynamics","floor":16.0},{"not_picked":["Aggregate","Leap","Go for the Eyes"],"picked":"SKIP","floor":18.0},{"not_picked":["Rebound","Hologram"],"picked":"Capacitor","floor":19.0},{"not_picked":["Warcry","Iron Wave"],"picked":"Anger","floor":21.0},{"not_picked":["Flying Knee","Twin Strike"],"picked":"Distraction","floor":24.0},{"not_picked":["Slice","Dagger Throw"],"picked":"Glacier","floor":28.0},{"not_picked":["Multi-Cast","Seek"],"picked":"Bullet Time","floor":33.0},{"not_picked":["Warcry","Steam"],"picked":"Discovery+1","floor":35.0},{"not_picked":["Accuracy+1","Loop","Carnage"],"picked":"SKIP","floor":36.0},{"not_picked":["Disarm+1","Steam"],"picked":"Havoc","floor":38.0},{"not_picked":["Iron Wave+1","Sucker Punch","Sentinel+1"],"picked":"SKIP","floor":39.0},{"not_picked":["Outmaneuver","Flash of Steel+1","Ball Lightning"],"picked":"SKIP","floor":41.0},{"not_picked":["Fission","Compile Driver+1","Hello World+1"],"picked":"Singing Bowl","floor":44.0},{"not_picked":["Outmaneuver+1","Go for the Eyes+1"],"picked":"Impatience+1","floor":46.0},{"not_picked":["Rupture+1","Cleave+1","Iron Wave"],"picked":"Singing Bowl","floor":48.0}],"player_experience":555712,"relics_obtained":[{"floor":7.0,"key":"Bronze Scales"},{"floor":9.0,"key":"Strawberry"},{"floor":24.0,"key":"Dead Branch"},{"floor":26.0,"key":"Orichalcum"},{"floor":27.0,"key":"Enchiridion"},{"floor":41.0,"key":"Gambling Chip"},{"floor":43.0,"key":"Singing Bowl"}],"event_choices":[{"event_name":"Scrap Ooze","player_choice":"unsuccessful","floor":3.0,"damage_taken":0.0},{"event_name":"Liars Game","player_choice":"disagreed","floor":4.0,"damage_taken":0.0},{"event_name":"The Joust","player_choice":"Bet on Murderer","floor":22.0,"damage_taken":0.0},{"event_name":"Cursed Tome","player_choice":"Obtained Book","floor":27.0,"damage_taken":0.0},{"event_name":"Colosseum","player_choice":"Fight","floor":30.0,"damage_taken":0.0},{"event_name":"Colosseum","player_choice":"Fled From Nobs","floor":30.0,"damage_taken":0.0},{"event_name":"Back to Basics","player_choice":"Simplicity","floor":31.0,"damage_taken":0.0},{"event_name":"Falling","player_choice":"Removed Skill","floor":45.0,"damage_taken":0.0}],"is_beta":false,"boss_relics":[{"not_picked":["Runic Pyramid","Black Star"],"picked":"Snecko Eye"},{"not_picked":["Astrolabe","White Beast Statue"],"picked":"FrozenCore"}],"items_purged_floors":[37],"is_endless":false,"potions_floor_spawned":[1,7,8,16,18,21,33,35,39,41],"ascension_level":10}