{"gold_per_floor":[111,111,123,123,51,51,81,94,119,148,160,160,335,345,345,445,445,428,428,202,214,228,253,283,134,158,170,196,208],"floor_reached":29,"playtime":879,"items_purged":["Doubt"],"score":266,"play_id":"482fcc19-a9fa-410d-a18a-3444971d9e2e","local_time":"20180917012321","is_ascension_mode":true,"campfire_choices":[{"data":"Genetic Algorithm","floor":6,"key":"SMITH"},{"data":"Rainbow","floor":15,"key":"SMITH"},{"floor":27,"key":"REST"}],"neow_cost":"","seed_source_timestamp":199986999702264,"circlet_count":0,"master_deck":["Strike_B","Strike_B","Strike_B","Defend_B","Defend_B","Defend_B","Defend_B","Zap","Dualcast","Genetic Algorithm+1","Cold Snap","Self Repair","Rainbow+1","Doom and Gloom","Melter","BootSequence","Echo Form","Leap+1","Writhe","Darkness","Double Energy","Fusion+1","BootSequence+1","Hologram+1"],"relics":["Cracked Core","Blood Vial","Vajra","Potion Belt","Lantern","Thread and Needle","Inserter","Oddly Smooth Stone","DataDisk","Symbiotic Virus","Red Mask","Regal Pillow","MawBank"],"potions_floor_usage":[10,11,16,16,23,23],"damage_taken":[{"damage":1,"enemies":"Jaw Worm","floor":1,"turns":3},{"damage":4,"enemies":"2 Louse","floor":3,"turns":3},{"damage":30,"enemies":"Gremlin Nob","floor":7,"turns":5},{"damage":0,"enemies":"Cultist","floor":8,"turns":4},{"damage":13,"enemies":"3 Sentries","floor":10,"turns":3},{"damage":0,"enemies":"Blue Slaver","floor":11,"turns":2},{"damage":0,"enemies":"Exordium Wildlife","floor":14,"turns":2},{"damage":16,"enemies":"The Guardian","floor":16,"turns":11},{"damage":9,"enemies":"2 Thieves","floor":18,"turns":4},{"damage":0,"enemies":"Spheric Guardian","floor":21,"turns":3},{"damage":18,"enemies":"Snake Plant","floor":22,"turns":8},{"damage":40,"enemies":"Slavers","floor":23,"turns":7},{"damage":9,"enemies":"Masked Bandits","floor":24,"turns":5},{"damage":27,"enemies":"Shelled Parasite and Fungi","floor":28,"turns":6},{"damage":55,"enemies":"Book of Stabbing","floor":29,"turns":7}],"seed_played":"347041009501657299","potions_obtained":[{"floor":1,"key":"Explosive Potion"},{"floor":8,"key":"AttackPotion"},{"floor":10,"key":"Poison Potion"},{"floor":14,"key":"PowerPotion"},{"floor":18,"key":"Strength Potion"},{"floor":21,"key":"Weak Potion"}],"is_trial":false,"path_per_floor":["M","?","M","?","$","R","E","M","T","E","M","?","?","M","R","B",null,"M","?","$","M","M","E","?","$","T","R","M"],"character_chosen":"DEFECT","items_purchased":["Self Repair","DataDisk","Regal Pillow"],"campfire_rested":1,"item_purchase_floors":[5,20,25],"current_hp_per_floor":[74,67,63,56,56,56,35,44,44,33,35,35,35,44,44,37,75,66,66,66,75,64,33,33,33,33,70,52,0],"gold":208,"neow_bonus":"","is_prod":false,"is_daily":false,"chose_seed":false,"campfire_upgraded":2,"win_rate":0,"timestamp":1537140201,"path_taken":["M","?","M","?","?","R","E","M","T","E","M","?","?","?","R","BOSS","M","?","$","?","M","E","?","$","T","R","M","E"],"build_version":"2018-09-12","purchased_purges":1,"victory":false,"max_hp_per_floor":[75,75,75,75,75,75,75,75,75,75,75,75,75,75,75,75,75,75,75,75,75,75,75,75,75,75,75,75,75],"card_choices":[{"not_picked":["Ball Lightning","Cold Snap"],"picked":"Genetic Algorithm","floor":1},{"not_picked":["Streamline","Go for the Eyes"],"picked":"Cold Snap","floor":3},{"not_picked":["Sweeping Beam","Streamline"],"picked":"Rainbow","floor":7},{"not_picked":["Darkness","Go for the Eyes"],"picked":"Doom and Gloom","floor":8},{"not_picked":["Go for the Eyes","Streamline"],"picked":"Melter","floor":10},{"not_picked":["Hello World","Melter","Conserve Battery"],"picked":"SKIP","floor":11},{"not_picked":["Rebound","Ball Lightning"],"picked":"BootSequence","floor":14},{"not_picked":["Reboot","Rainbow"],"picked":"Echo Form","floor":16},{"not_picked":["FTL+1","Rip and Tear"],"picked":"Leap+1","floor":18},{"not_picked":["Coolheaded+1","Doom and Gloom"],"picked":"Darkness","floor":21},{"not_picked":["Gash","Redo"],"picked":"Double Energy","floor":22},{"not_picked":["Gash","All For One"],"picked":"Fusion+1","floor":23},{"not_picked":["Go for the Eyes","Conserve Battery"],"picked":"BootSequence+1","floor":24},{"not_picked":["Leap","Go for the Eyes"],"picked":"Hologram+1","floor":28}],"player_experience":95833,"relics_obtained":[{"floor":7,"key":"Vajra"},{"floor":9,"key":"Potion Belt"},{"floor":10,"key":"Lantern"},{"floor":23,"key":"Symbiotic Virus"},{"floor":24,"key":"Red Mask"},{"floor":26,"key":"MawBank"}],"event_choices":[{"event_name":"Golden Wing","player_choice":"Card Removal","floor":2,"damage_taken":0},{"event_name":"Scrap Ooze","player_choice":"success","floor":4,"damage_taken":7},{"event_name":"Dead Adventurer","player_choice":"Searched \u00272\u0027 times","floor":12,"damage_taken":0},{"event_name":"Liars Game","player_choice":"agreed","floor":13,"damage_taken":0},{"event_name":"The Mausoleum","player_choice":"Yes","floor":19,"damage_taken":0},{"event_name":"Masked Bandits","player_choice":"Fought Bandits","floor":24,"damage_taken":0}],"is_beta":true,"boss_relics":[{"not_picked":["Philosopher\u0027s Stone","White Beast Statue"],"picked":"Inserter"}],"items_purged_floors":[20],"is_endless":false,"potions_floor_spawned":[1,8,10,14,18,21],"killed_by":"Book of Stabbing","ascension_level":1}