{"gold_per_floor":[119,194,41,41,58,58,85,85,108,33,44,44,63,63,63,63],"floor_reached":16,"playtime":652,"items_purged":[],"score":185,"play_id":"b866d642-0883-4747-9314-bbfeeab8ac45","local_time":"20190412204229","is_ascension_mode":true,"campfire_choices":[{"data":"Zap","floor":6,"key":"SMITH"},{"data":"Defragment","floor":8,"key":"SMITH"},{"data":"Lockon","floor":12,"key":"SMITH"},{"data":"Dualcast","floor":15,"key":"SMITH"}],"neow_cost":"NONE","seed_source_timestamp":173623485729673,"circlet_count":0,"master_deck":["AscendersBane","Strike_B","Strike_B","Strike_B","Strike_B","Defend_B","Defend_B","Defend_B","Defend_B","Zap+1","Dualcast+1","Lockon+1","Glacier","Defragment+1","Self Repair","Cold Snap","Machine Learning"],"relics":["Cracked Core","NeowsBlessing","Anchor","FaceOfCleric","Bag of Preparation","Orichalcum"],"potions_floor_usage":[13,16],"damage_taken":[{"damage":0,"enemies":"Small Slimes","floor":1,"turns":1},{"damage":0,"enemies":"Jaw Worm","floor":5,"turns":1},{"damage":0,"enemies":"3 Sentries","floor":7,"turns":1},{"damage":0,"enemies":"Cultist","floor":11,"turns":3},{"damage":2,"enemies":"Lots of Slimes","floor":13,"turns":4},{"damage":6,"enemies":"Slime Boss","floor":16,"turns":6}],"seed_played":"8196196081241092243","potions_obtained":[{"floor":1,"key":"Strength Potion"},{"floor":7,"key":"GamblersBrew"},{"floor":11,"key":"Weak Potion"}],"is_trial":false,"path_per_floor":["M","?","$","?","M","R","E","R","T","$","M","R","M","$","R","B"],"character_chosen":"DEFECT","items_purchased":["Anchor","Self Repair"],"campfire_rested":0,"item_purchase_floors":[3,10],"current_hp_per_floor":[68,57,57,57,58,58,59,59,59,59,67,67,73,73,73,67],"gold":63,"neow_bonus":"THREE_ENEMY_KILL","is_prod":false,"is_daily":false,"chose_seed":false,"campfire_upgraded":4,"win_rate":0,"timestamp":1555126949,"path_taken":["M","?","$","?","?","R","E","R","T","?","M","R","?","?","R","BOSS"],"build_version":"2019-01-23","purchased_purges":0,"victory":false,"max_hp_per_floor":[75,75,75,75,76,76,77,77,77,77,78,78,79,79,79,79],"card_choices":[{"not_picked":["Steam","Doom and Gloom"],"picked":"Lockon","floor":1},{"not_picked":["Go for the Eyes","Cold Snap"],"picked":"Glacier","floor":5},{"not_picked":["BootSequence","Consume"],"picked":"Defragment","floor":7},{"not_picked":["Turbo","Gash"],"picked":"Cold Snap","floor":11},{"not_picked":["Double Energy","Leap"],"picked":"Machine Learning","floor":13}],"player_experience":564906,"relics_obtained":[{"floor":7,"key":"Bag of Preparation"},{"floor":9,"key":"Orichalcum"}],"event_choices":[{"damage_healed":0,"gold_gain":75,"player_choice":"Gather Gold","damage_taken":11,"max_hp_gain":0,"max_hp_loss":0,"event_name":"World of Goop","floor":2,"gold_loss":0},{"damage_healed":0,"gold_gain":0,"player_choice":"Trade","damage_taken":0,"relics_obtained":["FaceOfCleric"],"max_hp_gain":0,"max_hp_loss":0,"event_name":"FaceTrader","floor":4,"gold_loss":0}],"is_beta":false,"boss_relics":[],"items_purged_floors":[],"is_endless":false,"potions_floor_spawned":[1,7,11],"killed_by":"Slime Boss","ascension_level":10}