{"gold_per_floor":[111,211,90,90,107,107,134,150,150,161,177,190,205,231,231,327,327,346,346,346,346,24,51,51,51],"floor_reached":25,"playtime":968,"items_purged":["Strike_B","Writhe"],"score":323,"play_id":"f0ddf9a5-20ce-42d1-89eb-116215bdeb49","local_time":"20180817150116","is_ascension_mode":true,"campfire_choices":[{"data":"Zap","floor":6,"key":"SMITH"},{"data":"Static Discharge","floor":15,"key":"SMITH"}],"neow_cost":"","seed_source_timestamp":59256530112410,"circlet_count":0,"master_deck":["Strike_B","Strike_B","Defend_B","Defend_B","Defend_B","Defend_B","Zap+1","Dualcast","Cold Snap","Compile Driver","Conserve Battery","Beam Cell","Static Discharge+1","Scrape","Seek","Coolheaded","Thunder Strike","Redo","Echo Form","Reboot","Electrodynamics"],"relics":["Cracked Core","Kunai","Bag of Preparation","Pear","Sozu","Bag of Marbles","Omamori"],"potions_floor_usage":[14,14,16,23],"damage_taken":[{"damage":13,"enemies":"Jaw Worm","floor":1,"turns":4},{"damage":0,"enemies":"Cultist","floor":5,"turns":3},{"damage":17,"enemies":"Lagavulin","floor":7,"turns":6},{"damage":0,"enemies":"2 Louse","floor":8,"turns":3},{"damage":4,"enemies":"Blue Slaver","floor":10,"turns":2},{"damage":2,"enemies":"Looter","floor":11,"turns":3},{"damage":5,"enemies":"2 Fungi Beasts","floor":12,"turns":3},{"damage":0,"enemies":"Large Slime","floor":13,"turns":3},{"damage":26,"enemies":"3 Sentries","floor":14,"turns":6},{"damage":12,"enemies":"Slime Boss","floor":16,"turns":9},{"damage":5,"enemies":"Spheric Guardian","floor":18,"turns":5},{"damage":53,"enemies":"Slavers","floor":23,"turns":4},{"damage":9,"enemies":"Book of Stabbing","floor":25,"turns":2}],"seed_played":"1673489753010377439","potions_obtained":[{"floor":7,"key":"Regen Potion"},{"floor":8,"key":"Swift Potion"},{"floor":13,"key":"FearPotion"},{"floor":16,"key":"FearPotion"}],"is_trial":false,"path_per_floor":["M","?","$","?","M","R","E","M","T","M","M","M","M","E","R","B",null,"M","?","?","?","$","E","$"],"character_chosen":"DEFECT","items_purchased":["Compile Driver","Echo Form","Reboot"],"campfire_rested":0,"item_purchase_floors":[3,22,22],"current_hp_per_floor":[55,55,55,55,55,55,38,38,38,34,32,27,27,26,26,14,67,62,62,62,62,62,9,9,0],"gold":51,"neow_bonus":"","is_prod":false,"is_daily":false,"chose_seed":false,"campfire_upgraded":2,"win_rate":0,"timestamp":1534489276,"path_taken":["M","?","$","?","M","R","E","M","T","M","M","M","M","E","R","BOSS","M","?","?","?","$","E","$","E"],"build_version":"2018-08-16","purchased_purges":2,"victory":false,"max_hp_per_floor":[75,75,75,75,75,75,75,75,75,75,75,75,75,85,85,85,85,85,85,85,85,85,85,85,85],"card_choices":[{"not_picked":["Go for the Eyes","Rip and Tear"],"picked":"Cold Snap","floor":1},{"not_picked":["Aggregate","Compile Driver"],"picked":"Conserve Battery","floor":5},{"not_picked":["Turbo","Sweeping Beam"],"picked":"Beam Cell","floor":7},{"not_picked":["Streamline","Steam"],"picked":"Static Discharge","floor":8},{"not_picked":["Stack","Gash"],"picked":"Scrape","floor":10},{"not_picked":["Barrage","Conserve Battery"],"picked":"Seek","floor":11},{"not_picked":["Storm","Cold Snap","Conserve Battery"],"picked":"SKIP","floor":12},{"not_picked":["Conserve Battery","Gash"],"picked":"Coolheaded","floor":13},{"not_picked":["Multi-Cast","Coolheaded","Cold Snap"],"picked":"SKIP","floor":14},{"not_picked":["Echo Form","Creative AI"],"picked":"Thunder Strike","floor":16},{"not_picked":["Steam","Steam Power+1"],"picked":"Redo","floor":18},{"not_picked":["Coolheaded","Cold Snap"],"picked":"Electrodynamics","floor":23}],"player_experience":340992,"relics_obtained":[{"floor":7,"key":"Kunai"},{"floor":9,"key":"Bag of Preparation"},{"floor":14,"key":"Pear"},{"floor":23,"key":"Omamori"}],"event_choices":[{"event_name":"Golden Shrine","player_choice":"Pray","floor":2,"damage_taken":0},{"event_name":"Purifier","player_choice":"One Purge","floor":4,"damage_taken":0},{"event_name":"Drug Dealer","player_choice":"Ignored","floor":19,"damage_taken":0},{"event_name":"The Mausoleum","player_choice":"Yes","floor":20,"damage_taken":0},{"event_name":"The Lab","player_choice":"Got Potions","floor":21,"damage_taken":0}],"is_beta":false,"boss_relics":[{"not_picked":["FrozenCore","Philosopher\u0027s Stone"],"picked":"Sozu"}],"items_purged_floors":[3,22],"is_endless":false,"potions_floor_spawned":[7,8,13,16,23],"killed_by":"Book of Stabbing","ascension_level":8}