{"gold_per_floor":[111,61,71,71,81,106,125,125,125,125,125,125,138,149,149,253,253,267,277,192,212,137,137,166,166,166,166,66,84,103,103],"floor_reached":31,"playtime":1074,"items_purged":["Strike_B","Turbo+1"],"score":308,"play_id":"e627ee8d-05d1-4af8-8bf1-d27c7cd035f0","local_time":"20180624004308","is_ascension_mode":true,"campfire_choices":[{"data":"Defragment","floor":8,"key":"SMITH"},{"floor":10,"key":"REST"},{"data":"Zap","floor":12,"key":"SMITH"},{"floor":15,"key":"REST"},{"data":"Dualcast","floor":23,"key":"SMITH"},{"floor":27,"key":"REST"}],"neow_cost":"TEN_PERCENT_HP_LOSS","seed_source_timestamp":532324576545057,"circlet_count":0,"master_deck":["Defend_B","Defend_B","Defend_B","Zap+1","Dualcast+1","Defragment+1","BootSequence","Gash","Echo Form","Rip and Tear","Seek","Reboot+1","Double Energy+1","Hologram","Glacier","Decay","Defragment"],"special_seed":17705,"relics":["Cracked Core","Ice Cream","Boot","Bag of Marbles","Astrolabe","Blue Candle","Vajra","Dream Catcher"],"potions_floor_usage":[16,29],"damage_taken":[{"damage":5,"enemies":"2 Louse","floor":1,"turns":2},{"damage":2,"enemies":"Jaw Worm","floor":3,"turns":3},{"damage":15,"enemies":"Small Slimes","floor":5,"turns":3},{"damage":30,"enemies":"Gremlin Nob","floor":6,"turns":4},{"damage":7,"enemies":"Looter","floor":7,"turns":3},{"damage":8,"enemies":"Blue Slaver","floor":13,"turns":3},{"damage":11,"enemies":"2 Fungi Beasts","floor":14,"turns":3},{"damage":13,"enemies":"Slime Boss","floor":16,"turns":7},{"damage":16,"enemies":"Spheric Guardian","floor":18,"turns":4},{"damage":8,"enemies":"Shell Parasite","floor":19,"turns":4},{"damage":0,"enemies":"Snake Plant","floor":21,"turns":5},{"damage":37,"enemies":"Slavers","floor":24,"turns":5},{"damage":21,"enemies":"Sentry and Sphere","floor":29,"turns":3},{"damage":5,"enemies":"3 Cultists","floor":30,"turns":6},{"damage":13,"enemies":"Centurion and Healer","floor":31,"turns":3}],"seed_played":"1875198511187210736","potions_obtained":[{"floor":13,"key":"Explosive Potion"},{"floor":18,"key":"Explosive Potion"},{"floor":29,"key":"Strength Potion"},{"floor":30,"key":"SteroidPotion"}],"is_trial":false,"path_per_floor":["M","?","M","$","M","E","M","R","T","R","?","R","M","M","R","B",null,"M","M","?","M","$","R","E","?","T","R","$","M","M"],"character_chosen":"DEFECT","items_purchased":[],"campfire_rested":3,"item_purchase_floors":[],"current_hp_per_floor":[63,63,61,61,46,16,9,9,9,29,29,29,21,10,30,17,68,52,44,44,44,44,44,7,7,7,27,27,6,1,0],"gold":103,"neow_bonus":"ONE_RARE_RELIC","is_prod":false,"is_daily":false,"chose_seed":false,"campfire_upgraded":3,"win_rate":0,"timestamp":1529772188,"path_taken":["M","?","M","$","M","E","M","R","T","R","?","R","M","M","R","BOSS","M","M","?","M","$","R","E","?","T","R","$","M","?","M"],"build_version":"2018-06-21v2","purchased_purges":2,"victory":false,"max_hp_per_floor":[68,68,68,68,68,68,68,68,68,68,68,68,68,68,68,68,68,68,68,68,68,68,68,68,68,68,68,68,68,68,68],"card_choices":[{"not_picked":["Stack","Beam Cell","Coolheaded"],"picked":"SKIP","floor":1},{"not_picked":["Go for the Eyes","Aggregate"],"picked":"Defragment","floor":3},{"not_picked":["Doom and Gloom","Stack","Turbo"],"picked":"SKIP","floor":5},{"not_picked":["Consume","Rebound"],"picked":"BootSequence","floor":6},{"not_picked":["Turbo","Lockon"],"picked":"Gash","floor":7},{"not_picked":["Melter","Turbo"],"picked":"Echo Form","floor":13},{"not_picked":["Coolheaded","Blizzard"],"picked":"Rip and Tear","floor":14},{"not_picked":["All For One","Reboot"],"picked":"Seek","floor":16},{"not_picked":["Rebound","Glacier+1"],"picked":"Hologram","floor":18},{"not_picked":["Rebound","Sweeping Beam"],"picked":"Glacier","floor":19},{"not_picked":["Streamline","Hologram","Consume"],"picked":"SKIP","floor":21},{"not_picked":["Heatsinks","Redo","Rebound+1"],"picked":"SKIP","floor":24},{"not_picked":["Turbo","Conserve Battery+1"],"picked":"Defragment","floor":27},{"not_picked":["Consume","Beam Cell","Doom and Gloom+1"],"picked":"SKIP","floor":29},{"not_picked":["Glacier+1","Hello World","Auto Shields+1"],"picked":"SKIP","floor":30}],"player_experience":268260,"relics_obtained":[{"floor":6,"key":"Boot"},{"floor":9,"key":"Bag of Marbles"},{"floor":24,"key":"Vajra"},{"floor":26,"key":"Dream Catcher"}],"event_choices":[{"event_name":"The Cleric","player_choice":"Card Removal","floor":2,"damage_taken":0},{"event_name":"Dead Adventurer","player_choice":"Searched \u00270\u0027 times","floor":11,"damage_taken":0},{"event_name":"Addict","player_choice":"Obtained Relic","floor":20,"damage_taken":0},{"event_name":"Forgotten Altar","player_choice":"Smashed Altar","floor":25,"damage_taken":0}],"boss_relics":[{"not_picked":["Runic Pyramid","Ectoplasm"],"picked":"Astrolabe"}],"items_purged_floors":[22,28],"is_endless":false,"potions_floor_spawned":[13,18,29,30],"killed_by":"Centurion and Healer","ascension_level":4}