{"gold_per_floor":[116,116,39,54,73,73,98,114,114,124,150,150,150,325,325,426,426,446,361,361,95,107,107,72,87,87,112,132,132],"floor_reached":29,"playtime":1192,"items_purged":["Doubt"],"score":316,"play_id":"d4d8cd8b-9d50-48be-873a-8c42b6f22afd","local_time":"20190319220102","is_ascension_mode":true,"campfire_choices":[{"data":"Bouncing Flask","floor":6,"key":"SMITH"},{"floor":12,"key":"REST"},{"data":"Deadly Poison","floor":15,"key":"SMITH"},{"floor":23,"key":"REST"}],"neow_cost":"TEN_PERCENT_HP_LOSS","seed_source_timestamp":565517273511483,"circlet_count":0,"master_deck":["Defend_G","Defend_G","Defend_G","Defend_G","Defend_G","Strike_G","Strike_G","Strike_G","Strike_G","Strike_G+1","Survivor","Neutralize","Adrenaline+1","Backflip","Bouncing Flask+1","Dagger Spray","Deadly Poison+1","Deflect","Flying Knee+1","Corpse Explosion","Unload","Malaise","Backstab","Flying Knee","Catalyst","Spot Weakness","Clash"],"relics":["Ring of the Serpent","Orichalcum","Letter Opener","Torii","Shovel","PrismaticShard","Tingsha","Art of War"],"potions_floor_usage":[22,28,29,29],"damage_taken":[{"damage":0,"enemies":"Small Slimes","floor":1,"turns":3},{"damage":0,"enemies":"Cultist","floor":4,"turns":3},{"damage":0,"enemies":"2 Louse","floor":5,"turns":2},{"damage":18,"enemies":"Gremlin Nob","floor":7,"turns":4},{"damage":3,"enemies":"Blue Slaver","floor":8,"turns":3},{"damage":5,"enemies":"2 Fungi Beasts","floor":10,"turns":3},{"damage":5,"enemies":"3 Sentries","floor":11,"turns":2},{"damage":12,"enemies":"Hexaghost","floor":16,"turns":7},{"damage":14,"enemies":"Spheric Guardian","floor":18,"turns":4},{"damage":0,"enemies":"3 Byrds","floor":22,"turns":2},{"damage":2,"enemies":"Sentry and Sphere","floor":25,"turns":5},{"damage":29,"enemies":"Slavers","floor":27,"turns":3},{"damage":7,"enemies":"Snecko","floor":28,"turns":4},{"damage":21,"enemies":"Gremlin Leader","floor":29,"turns":2}],"seed_played":"5019219034748725672","potions_obtained":[{"floor":7,"key":"Dexterity Potion"},{"floor":11,"key":"SteroidPotion"},{"floor":16,"key":"Strength Potion"},{"floor":27,"key":"Strength Potion"}],"is_trial":false,"path_per_floor":["M","?","$","M","M","R","E","M","T","M","E","R","?","?","R","B",null,"M","?","?","$","M","R","$","M","T","E","M","E"],"character_chosen":"THE_SILENT","items_purchased":["Bouncing Flask","PrismaticShard","Catalyst"],"campfire_rested":2,"item_purchase_floors":[3,21,24],"current_hp_per_floor":[63,63,63,63,63,63,45,42,42,37,32,50,37,37,37,25,54,40,40,40,40,40,58,58,56,56,27,20,0],"gold":132,"neow_bonus":"THREE_RARE_CARDS","is_prod":false,"is_daily":false,"chose_seed":false,"campfire_upgraded":2,"win_rate":0,"timestamp":1553058062,"path_taken":["M","?","?","?","M","R","E","M","T","M","E","R","?","?","R","BOSS","M","?","?","$","M","R","$","M","T","E","M","E"],"build_version":"2019-01-23","purchased_purges":1,"victory":false,"max_hp_per_floor":[63,63,63,63,63,63,63,63,63,63,63,63,63,63,63,63,63,63,63,63,63,63,63,63,63,63,63,63,63],"card_choices":[{"not_picked":["Wraith Form v2","Malaise"],"picked":"Adrenaline","floor":0},{"not_picked":["Sucker Punch","Skewer"],"picked":"Backflip","floor":1},{"not_picked":["Cloak And Dagger","Slice"],"picked":"Dagger Spray","floor":4},{"not_picked":["Eviscerate","Outmaneuver"],"picked":"Deadly Poison","floor":5},{"not_picked":["Terror","Finisher"],"picked":"Deflect","floor":7},{"not_picked":["Underhanded Strike","Deflect"],"picked":"Flying Knee","floor":8},{"not_picked":["Acrobatics","Flying Knee"],"picked":"Corpse Explosion","floor":10},{"not_picked":["Calculated Gamble","Dagger Spray"],"picked":"Unload","floor":11},{"not_picked":["Wraith Form v2","Doppelganger"],"picked":"Malaise","floor":16},{"not_picked":["Prepared","Blade Dance"],"picked":"Backstab","floor":18},{"not_picked":["Headbutt","Hologram"],"picked":"Flying Knee","floor":22},{"not_picked":["Auto Shields","Pummel","Doom and Gloom"],"picked":"SKIP","floor":25},{"not_picked":["Sword Boomerang","Slice"],"picked":"Spot Weakness","floor":27},{"not_picked":["Rage","Body Slam"],"picked":"Clash","floor":28}],"player_experience":342522,"relics_obtained":[{"floor":7,"key":"Orichalcum"},{"floor":11,"key":"Letter Opener"},{"floor":20,"key":"Shovel"},{"floor":26,"key":"Tingsha"},{"floor":27,"key":"Art of War"}],"event_choices":[{"damage_healed":0,"gold_gain":0,"player_choice":"Upgraded","damage_taken":0,"max_hp_gain":0,"max_hp_loss":0,"event_name":"Upgrade Shrine","floor":2,"gold_loss":0,"cards_upgraded":["Adrenaline"]},{"damage_healed":0,"gold_gain":0,"player_choice":"Entered Light","damage_taken":13,"max_hp_gain":0,"max_hp_loss":0,"event_name":"Shining Light","floor":13,"gold_loss":0,"cards_upgraded":["Strike_G","Flying Knee"]},{"damage_healed":0,"gold_gain":175,"player_choice":"AGREE","damage_taken":0,"max_hp_gain":0,"max_hp_loss":0,"event_name":"Liars Game","floor":14,"gold_loss":0,"cards_obtained":["Doubt"]},{"damage_healed":0,"gold_gain":0,"player_choice":"Obtained Relic","damage_taken":0,"relics_obtained":["Torii"],"max_hp_gain":0,"max_hp_loss":0,"event_name":"Addict","floor":19,"gold_loss":85},{"damage_healed":0,"gold_gain":0,"player_choice":"Relic","damage_taken":0,"max_hp_gain":0,"max_hp_loss":0,"event_name":"Wheel of Change","floor":20,"gold_loss":0}],"is_beta":false,"boss_relics":[{"not_picked":["Calling Bell","Runic Dome"],"picked":"Ring of the Serpent"}],"items_purged_floors":[21],"is_endless":false,"potions_floor_spawned":[7,11,16,18,27],"killed_by":"Gremlin Leader","ascension_level":5}