{"gold_per_floor":[16,16,291,302,313,313,26,26,106,66,97,117,117,135,135,211,211,222,222,64,64],"floor_reached":21,"playtime":605,"items_purged":["Regret"],"score":354,"play_id":"d93b0401-c486-4401-bed4-6172aa427601","local_time":"20190330103532","is_ascension_mode":true,"campfire_choices":[{"data":"Multi-Cast","floor":6.0,"key":"SMITH"},{"data":"Consume","floor":8.0,"key":"SMITH"},{"data":"Zap","floor":13.0,"key":"SMITH"},{"data":"Hologram","floor":15.0,"key":"SMITH"}],"neow_cost":"NO_GOLD","seed_source_timestamp":0,"circlet_count":0,"master_deck":["AscendersBane","Strike_B","Strike_B","Strike_B","Strike_B","Defend_B","Defend_B","Defend_B","Defend_B","Zap+1","Dualcast","Multi-Cast+1","Fusion","Compile Driver","Consume+1","Static Discharge","Chill","Melter","Hologram+1","Echo Form","Ball Lightning","White Noise","Static Discharge"],"special_seed":0,"relics":["Cracked Core","Lee\u0027s Waffle","Matryoshka","Ornamental Fan","Busted Crown"],"potions_floor_usage":[16,21],"damage_taken":[{"damage":0.0,"enemies":"Small Slimes","floor":1.0,"turns":3.0},{"damage":8.0,"enemies":"Cultist","floor":4.0,"turns":4.0},{"damage":15.0,"enemies":"Jaw Worm","floor":5.0,"turns":5.0},{"damage":30.0,"enemies":"Lagavulin","floor":11.0,"turns":6.0},{"damage":12.0,"enemies":"Looter","floor":12.0,"turns":3.0},{"damage":6.0,"enemies":"3 Louse","floor":14.0,"turns":3.0},{"damage":28,"enemies":"The Guardian","floor":16,"turns":8},{"damage":19,"enemies":"Chosen","floor":18,"turns":5},{"damage":37,"enemies":"Shell Parasite","floor":21,"turns":5}],"seed_played":"1386703554719723534","potions_obtained":[{"floor":4.0,"key":"Ancient Potion"},{"floor":12.0,"key":"FearPotion"},{"floor":18,"key":"LiquidBronze"}],"is_trial":false,"path_per_floor":["M","$","?","M","M","R","$","R","T","$","E","M","R","M","R","B",null,"M","?","$","M"],"character_chosen":"DEFECT","items_purchased":["Lee\u0027s Waffle","Static Discharge","White Noise","Static Discharge"],"campfire_rested":0,"item_purchase_floors":[7,10,20,20],"current_hp_per_floor":[64,64,64,56,41,41,78,78,78,78,48,36,36,30,30,2,59,40,56,56,19],"gold":64,"neow_bonus":"THREE_RARE_CARDS","is_prod":false,"is_daily":false,"chose_seed":false,"campfire_upgraded":4,"win_rate":0,"timestamp":1553956532,"path_taken":["M","$","?","M","?","R","$","R","T","$","E","M","R","M","R","BOSS","M","?","$","M"],"build_version":"2019-01-23","purchased_purges":1,"victory":false,"max_hp_per_floor":[71,71,71,71,71,71,78,78,78,78,78,78,78,78,78,78,78,78,78,78,78],"card_choices":[{"not_picked":["Thunder Strike","Echo Form"],"picked":"Multi-Cast","floor":0.0},{"not_picked":["Turbo","Steam Power"],"picked":"Fusion","floor":1.0},{"not_picked":["Gash","Double Energy"],"picked":"Compile Driver","floor":4.0},{"not_picked":["Beam Cell","Rebound"],"picked":"Consume","floor":5.0},{"not_picked":["Hologram","Recycle"],"picked":"Chill","floor":11.0},{"not_picked":["Leap","Auto Shields"],"picked":"Melter","floor":12.0},{"not_picked":["Steam","Blizzard"],"picked":"Hologram","floor":14.0},{"not_picked":["Seek","Machine Learning"],"picked":"Echo Form","floor":16},{"not_picked":[],"picked":"Ball Lightning","floor":18}],"player_experience":884312,"relics_obtained":[{"floor":9.0,"key":"Matryoshka"},{"floor":11.0,"key":"Ornamental Fan"}],"event_choices":[{"damage_healed":0.0,"max_hp_gain":0.0,"max_hp_loss":0.0,"gold_gain":275.0,"event_name":"Golden Shrine","player_choice":"Desecrate","floor":3.0,"gold_loss":0.0,"damage_taken":0.0,"cards_obtained":["Regret"]},{"damage_healed":16,"gold_gain":0,"player_choice":"Heal","damage_taken":0,"max_hp_gain":0,"max_hp_loss":0,"event_name":"The Library","floor":19,"gold_loss":0}],"is_beta":false,"boss_relics":[{"not_picked":["Fusion Hammer","Runic Dome"],"picked":"Busted Crown"}],"items_purged_floors":[7],"is_endless":false,"potions_floor_spawned":[4,12,18],"killed_by":"Shell Parasite","ascension_level":20}