{"gold_per_floor":[111,128,0,20,20,51,51,73,142,156,76,76,140,152,152,247,247,265,165,180,180,180,180,95,95,119,43,43,58,85,103,103,208,208,225,241,36,55,55,90,90,116,116,116,132,82,96,115,115,115],"floor_reached":51,"playtime":1354,"items_purged":["Defend_R","Strike_R","Strike_R","Strike_R","Bash","Decay"],"score":705,"play_id":"879ad483-aca8-4677-971c-c7441675b2d4","local_time":"20180726170434","is_ascension_mode":false,"campfire_choices":[{"data":"Brutality","floor":7.0,"key":"SMITH"},{"floor":12.0,"key":"REST"},{"floor":15,"key":"REST"},{"data":"Flex","floor":23,"key":"SMITH"},{"data":"Double Tap","floor":25,"key":"SMITH"},{"data":"Flex","floor":32,"key":"SMITH"},{"floor":41,"key":"REST"},{"floor":44,"key":"REST"},{"floor":49,"key":"REST"}],"neow_cost":"NONE","seed_source_timestamp":7841655096459,"circlet_count":0,"master_deck":["Defend_R","Flame Barrier+1","True Grit+1","Armaments+1","Pummel","Sword Boomerang","Brutality+1","Inflame","Thunderclap","Double Tap+1","Flex+1","Flex+1","Flex+1","Battle Trance","Inflame+1"],"special_seed":0,"relics":["Astrolabe","Pen Nib","Odd Mushroom","The Courier","Vajra","Sozu","Smiling Mask","MawBank","Orichalcum","Busted Crown","Lee\u0027s Waffle","Shovel","Mummified Hand","Bottled Tornado"],"potions_floor_usage":[13,16,33],"damage_taken":[{"damage":2.0,"enemies":"2 Louse","floor":1.0,"turns":3.0},{"damage":0.0,"enemies":"Small Slimes","floor":2.0,"turns":4.0},{"damage":0.0,"enemies":"Jaw Worm","floor":4.0,"turns":4.0},{"damage":42.0,"enemies":"3 Sentries","floor":6.0,"turns":11.0},{"damage":6.0,"floor":8.0,"turns":4.0},{"damage":23.0,"enemies":"Exordium Wildlife","floor":10.0,"turns":4.0},{"damage":13,"enemies":"Gremlin Nob","floor":13,"turns":3},{"damage":11,"enemies":"Looter","floor":14,"turns":2},{"damage":9,"enemies":"Slime Boss","floor":16,"turns":6},{"damage":18,"enemies":"2 Thieves","floor":18,"turns":3},{"damage":2,"enemies":"Spheric Guardian","floor":20,"turns":3},{"damage":1,"enemies":"Snake Plant","floor":29,"turns":2},{"damage":1,"enemies":"Cultist and Chosen","floor":31,"turns":2},{"damage":25,"enemies":"Automaton","floor":33,"turns":5},{"damage":4,"enemies":"Flame Bruiser 1 Orb","floor":35,"turns":2},{"damage":28,"enemies":"3 Darklings","floor":36,"turns":3},{"damage":20,"enemies":"Transient","floor":38,"turns":5},{"damage":43,"enemies":"Giant Head","floor":40,"turns":7},{"damage":33,"enemies":"2 Orb Walkers","floor":42,"turns":4},{"damage":5,"enemies":"Maw","floor":45,"turns":4},{"damage":18,"enemies":"Spire Growth","floor":47,"turns":3},{"damage":16,"enemies":"Sphere and 2 Shapes","floor":48,"turns":2},{"damage":34,"enemies":"Time Eater","floor":50,"turns":5}],"seed_played":"-6057692165858005976","potions_obtained":[{"floor":2.0,"key":"Poison Potion"},{"floor":8.0,"key":"Poison Potion"},{"floor":13,"key":"PowerPotion"},{"floor":16,"key":"Poison Potion"}],"is_trial":false,"path_per_floor":["M","M","$","M","?","E","R","?","T","M","$","R","?","M","R","B",null,"M","$","M","?","?","R","?","R","T","$","?","M","T","M","R","B",null,"M","M","$","M","?","E","R","E","T","R","M","$","M","M","R","B"],"character_chosen":"IRONCLAD","items_purchased":["Sword Boomerang","Flex","Lee\u0027s Waffle"],"campfire_rested":5,"item_purchase_floors":[3,27,37],"current_hp_per_floor":[78,78,78,78,78,36,36,30,30,7,7,31,18,7,31,22,80,62,62,60,60,60,60,60,60,60,60,45,44,44,43,43,18,85,81,53,92,72,72,29,56,23,23,50,45,45,27,11,38,4],"gold":115,"neow_bonus":"BOSS_RELIC","is_prod":false,"is_daily":false,"chose_seed":false,"campfire_upgraded":4,"win_rate":0,"timestamp":1532595874,"path_taken":["M","M","$","M","?","E","R","?","T","M","?","R","?","?","R","BOSS","M","$","M","?","?","R","?","R","T","$","?","M","?","M","R","BOSS","M","M","$","M","?","E","R","E","T","R","M","$","M","?","R","BOSS"],"build_version":"2018-07-19v2","purchased_purges":6,"victory":true,"max_hp_per_floor":[80,80,80,80,80,80,80,80,80,80,80,80,80,80,80,80,80,80,80,80,80,80,80,80,80,80,80,85,85,85,85,85,85,85,85,85,92,92,92,92,92,92,92,92,92,92,92,92,92,92],"card_choices":[{"not_picked":["Shockwave","Shrug It Off"],"picked":"Pummel","floor":1.0},{"not_picked":["Iron Wave","Anger","Reckless Charge"],"picked":"SKIP","floor":2.0},{"not_picked":["Havoc","Warcry","Metallicize"],"picked":"SKIP","floor":4.0},{"not_picked":["Clash","Pommel Strike"],"picked":"Brutality","floor":6.0},{"not_picked":["Anger","Headbutt"],"picked":"Inflame","floor":10.0},{"not_picked":["Heavy Blade","Havoc"],"picked":"Thunderclap","floor":14},{"not_picked":["Reaper","Berserk"],"picked":"Double Tap","floor":16},{"not_picked":["Pommel Strike+1","Iron Wave","Entrench"],"picked":"SKIP","floor":18},{"not_picked":["Pommel Strike","Cleave+1","Anger+1"],"picked":"SKIP","floor":20},{"not_picked":["Heavy Blade+1","Body Slam"],"picked":"Flex+1","floor":29},{"not_picked":["Headbutt","Clash"],"picked":"Battle Trance","floor":31},{"not_picked":[],"picked":"Inflame+1","floor":35},{"not_picked":["Havoc"],"picked":"SKIP","floor":36},{"not_picked":["Thunderclap"],"picked":"SKIP","floor":38},{"not_picked":["Shrug It Off"],"picked":"SKIP","floor":40},{"not_picked":["Blood for Blood"],"picked":"SKIP","floor":42},{"not_picked":["Perfected Strike"],"picked":"SKIP","floor":45},{"not_picked":["Rampage+1"],"picked":"SKIP","floor":47},{"not_picked":["Wild Strike+1"],"picked":"SKIP","floor":48}],"player_experience":319825,"relics_obtained":[{"floor":6.0,"key":"Pen Nib"},{"floor":8.0,"key":"Odd Mushroom"},{"floor":9.0,"key":"The Courier"},{"floor":13,"key":"Vajra"},{"floor":26,"key":"MawBank"},{"floor":30,"key":"Orichalcum"},{"floor":40,"key":"Shovel"},{"floor":42,"key":"Mummified Hand"},{"floor":43,"key":"Bottled Tornado"}],"event_choices":[{"event_name":"Living Wall","player_choice":"Forget","floor":5.0,"damage_taken":0.0},{"event_name":"Mushrooms","player_choice":"Fought Mushrooms","floor":8.0,"damage_taken":0.0},{"event_name":"Dead Adventurer","player_choice":"Searched \u00271\u0027 times","floor":13,"damage_taken":0},{"event_name":"The Library","player_choice":"Read","floor":21,"damage_taken":0},{"event_name":"Ghosts","player_choice":"Ignored","floor":22,"damage_taken":0},{"event_name":"Addict","player_choice":"Obtained Relic","floor":24,"damage_taken":0},{"event_name":"Forgotten Altar","player_choice":"Shed Blood","floor":28,"damage_taken":0},{"event_name":"Wheel of Change","player_choice":"Curse","floor":39,"damage_taken":0}],"is_beta":false,"boss_relics":[{"not_picked":["Runic Dome","Runic Cube"],"picked":"Sozu"},{"not_picked":["Philosopher\u0027s Stone","Velvet Choker"],"picked":"Busted Crown"}],"items_purged_floors":[3,11,19,27,37,46],"is_endless":false,"potions_floor_spawned":[2,8,13,16,20,29,31,35,36,38],"ascension_level":0}