{"gold_per_floor":[117,129,129,129,144,144,160,181,181,52,70,105,105,128,128,128],"floor_reached":16,"playtime":290,"items_purged":["Injury"],"score":188,"play_id":"c21da058-785d-461e-b751-fb7b5fb059c4","local_time":"20190417153637","is_ascension_mode":true,"campfire_choices":[{"data":"Rip and Tear","floor":6,"key":"SMITH"},{"data":"Go for the Eyes","floor":13,"key":"SMITH"},{"data":"Gash","floor":15,"key":"SMITH"}],"neow_cost":"NONE","seed_source_timestamp":597466463494077,"circlet_count":0,"master_deck":["AscendersBane","Strike_B","Strike_B","Strike_B","Strike_B","Defend_B","Defend_B","Defend_B","Defend_B","Zap","Dualcast","Dramatic Entrance","Rip and Tear+1","Beam Cell+1","Compile Driver","Go for the Eyes+1","Undo","Gash+1","Self Repair","FTL","Seek"],"relics":["Cracked Core","Golden Idol","Bronze Scales","Odd Mushroom"],"potions_floor_usage":[12,14,14],"damage_taken":[{"damage":4,"enemies":"Jaw Worm","floor":1,"turns":4},{"damage":0,"enemies":"Cultist","floor":2,"turns":3},{"damage":3,"enemies":"Small Slimes","floor":5,"turns":2},{"damage":7,"enemies":"Looter","floor":7,"turns":3},{"damage":12,"enemies":"2 Fungi Beasts","floor":8,"turns":2},{"damage":9,"enemies":"Red Slaver","floor":11,"turns":2},{"damage":0,"enemies":"The Mushroom Lair","floor":12,"turns":2},{"damage":0,"enemies":"3 Louse","floor":14,"turns":2},{"damage":28,"enemies":"The Guardian","floor":16,"turns":5}],"seed_played":"7818701086367492439","potions_obtained":[{"floor":1,"key":"Explosive Potion"},{"floor":8,"key":"Energy Potion"},{"floor":12,"key":"Swift Potion"}],"is_trial":false,"path_per_floor":["M","M","?","?","M","R","M","M","T","$","M","?","R","M","R","B"],"character_chosen":"DEFECT","items_purchased":["Gash"],"campfire_rested":0,"item_purchase_floors":[10],"current_hp_per_floor":[60,60,60,60,57,57,50,38,38,38,29,29,29,36,36,8],"gold":128,"neow_bonus":"RANDOM_COLORLESS","is_prod":false,"is_daily":false,"chose_seed":false,"campfire_upgraded":3,"win_rate":0,"timestamp":1555529797,"path_taken":["M","M","?","?","M","R","?","M","T","$","M","?","R","M","R","BOSS"],"build_version":"2019-01-23","purchased_purges":1,"victory":false,"max_hp_per_floor":[71,71,71,71,71,71,71,71,71,71,71,71,71,71,71,71],"card_choices":[{"not_picked":["Melter","Gash"],"picked":"Rip and Tear","floor":1},{"not_picked":["Compile Driver","Go for the Eyes"],"picked":"Beam Cell","floor":2},{"not_picked":["Capacitor","Blizzard"],"picked":"Compile Driver","floor":5},{"not_picked":["Barrage","Leap"],"picked":"Go for the Eyes","floor":7},{"not_picked":["Stack","Loop"],"picked":"Undo","floor":8},{"not_picked":["Rip and Tear","Barrage"],"picked":"Self Repair","floor":11},{"not_picked":["Rip and Tear","Reprogram"],"picked":"FTL","floor":12},{"not_picked":["Redo","Stack"],"picked":"Seek","floor":14}],"player_experience":910094,"relics_obtained":[{"floor":9,"key":"Bronze Scales"},{"floor":12,"key":"Odd Mushroom"}],"event_choices":[{"damage_healed":0,"gold_gain":0,"player_choice":"Take Wound","damage_taken":0,"relics_obtained":["Golden Idol"],"max_hp_gain":0,"max_hp_loss":0,"event_name":"Golden Idol","floor":3,"gold_loss":0,"cards_obtained":["Injury"]},{"damage_healed":0,"gold_gain":0,"player_choice":"Upgraded","damage_taken":0,"max_hp_gain":0,"max_hp_loss":0,"event_name":"Upgrade Shrine","floor":4,"gold_loss":0,"cards_upgraded":["Beam Cell"]},{"damage_healed":0,"gold_gain":0,"player_choice":"Fought Mushrooms","damage_taken":0,"max_hp_gain":0,"max_hp_loss":0,"event_name":"Mushrooms","floor":12,"gold_loss":0}],"is_beta":false,"boss_relics":[],"items_purged_floors":[10],"is_endless":false,"potions_floor_spawned":[1,8,12],"killed_by":"The Guardian","ascension_level":20}