{"gold_per_floor":[110,110,127,140,94,128,128,155,231,251,251,282,296,315,315,418,418,430,274,291,306,324,324,355,85,85,85,112,127,127,143,143,143],"floor_reached":33,"playtime":1637,"items_purged":[],"score":434,"play_id":"631f4875-35fa-4504-b285-9f3209fa7443","local_time":"20190323093542","is_ascension_mode":true,"campfire_choices":[{"data":"Caltrops","floor":7,"key":"SMITH"},{"floor":11,"key":"REST"},{"floor":15,"key":"REST"},{"floor":23,"key":"REST"},{"floor":27,"key":"REST"},{"floor":30,"key":"REST"},{"floor":32,"key":"REST"}],"neow_cost":"NONE","seed_source_timestamp":865947551673630,"circlet_count":0,"master_deck":["Defend_G","Defend_G","Defend_G","Strike_G","Strike_G","Strike_G","Strike_G","Survivor","Neutralize+1","Escape Plan","Caltrops+1","Flying Knee+1","Dagger Throw","Night Terror","Prepared","Poisoned Stab","Dagger Spray","Underhanded Strike","Envenom","Endless Agony+1","Glass Knife+1","Masterful Stab+1","Riddle With Holes","Dodge and Roll","Dagger Spray","PiercingWail+1","Poisoned Stab+1","Tactician","Dash","Acrobatics","Well Laid Plans+1","Sucker Punch"],"relics":["Ring of the Snake","NeowsBlessing","StoneCalendar","Bag of Marbles","Bottled Tornado","Pear","Astrolabe","Vajra","Blue Candle","Whetstone","Oddly Smooth Stone","Bronze Scales"],"potions_floor_usage":[6,8,16,16,18,20,28,29],"damage_taken":[{"damage":0,"enemies":"Small Slimes","floor":1,"turns":1},{"damage":0,"enemies":"Cultist","floor":3,"turns":1},{"damage":0,"enemies":"Jaw Worm","floor":4,"turns":1},{"damage":17,"enemies":"Gremlin Nob","floor":6,"turns":4},{"damage":21,"enemies":"Lagavulin","floor":8,"turns":6},{"damage":8,"enemies":"Lots of Slimes","floor":10,"turns":4},{"damage":21,"enemies":"3 Sentries","floor":12,"turns":7},{"damage":15,"enemies":"3 Louse","floor":13,"turns":3},{"damage":0,"enemies":"Large Slime","floor":14,"turns":4},{"damage":19,"enemies":"The Guardian","floor":16,"turns":8},{"damage":2,"enemies":"Chosen","floor":18,"turns":3},{"damage":11,"enemies":"Shell Parasite","floor":20,"turns":3},{"damage":17,"enemies":"Snecko","floor":21,"turns":4},{"damage":21,"enemies":"Chosen and Byrds","floor":22,"turns":4},{"damage":26,"enemies":"Slavers","floor":24,"turns":4},{"damage":0,"enemies":"Book of Stabbing","floor":28,"turns":4},{"damage":12,"enemies":"Centurion and Healer","floor":29,"turns":5},{"damage":35,"enemies":"Sentry and Sphere","floor":31,"turns":5},{"damage":62,"enemies":"Collector","floor":33,"turns":5}],"seed_played":"-9082982387874473353","potions_obtained":[{"floor":4,"key":"FearPotion"},{"floor":6,"key":"Weak Potion"},{"floor":10,"key":"LiquidBronze"},{"floor":12,"key":"PowerPotion"},{"floor":14,"key":"GhostInAJar"},{"floor":16,"key":"AttackPotion"},{"floor":20,"key":"SpeedPotion"},{"floor":28,"key":"Fire Potion"}],"is_trial":false,"path_per_floor":["M","?","M","M","$","E","R","E","T","M","R","E","M","M","R","B",null,"M","$","M","M","M","R","E","$","T","R","E","M","R","M","R","B"],"character_chosen":"THE_SILENT","items_purchased":["Flying Knee","Vajra","Tactician","Whetstone","Dash"],"campfire_rested":6,"item_purchase_floors":[5,19,25,25,25],"current_hp_per_floor":[63,63,63,63,63,46,46,25,25,17,38,27,12,12,36,17,64,62,62,51,34,13,37,11,11,11,35,35,23,47,12,36,0],"gold":143,"neow_bonus":"THREE_ENEMY_KILL","is_prod":false,"is_daily":false,"chose_seed":false,"campfire_upgraded":1,"win_rate":0,"timestamp":1553358942,"path_taken":["M","?","?","M","$","E","R","E","T","M","R","E","M","M","R","BOSS","M","$","M","M","?","R","E","$","T","R","E","M","R","M","R","BOSS"],"build_version":"2019-01-23","purchased_purges":0,"victory":false,"max_hp_per_floor":[70,70,70,70,70,70,70,70,70,70,70,80,80,80,80,80,80,80,80,80,80,80,80,80,80,80,80,80,80,80,80,80,80],"card_choices":[{"not_picked":["Outmaneuver","Reflex"],"picked":"Flechettes","floor":1},{"not_picked":["Dagger Throw","Acrobatics"],"picked":"Escape Plan","floor":3},{"not_picked":["Slice","Blade Dance"],"picked":"Caltrops","floor":4},{"not_picked":["Dagger Spray","Deadly Poison"],"picked":"Dagger Throw","floor":6},{"not_picked":["Choke","Flying Knee"],"picked":"Night Terror","floor":8},{"not_picked":["PiercingWail","Sucker Punch"],"picked":"Prepared","floor":10},{"not_picked":["Storm of Steel","Cloak And Dagger"],"picked":"Poisoned Stab","floor":12},{"not_picked":["PiercingWail","Eviscerate"],"picked":"Dagger Spray","floor":13},{"not_picked":["Sucker Punch","Heel Hook"],"picked":"Underhanded Strike","floor":14},{"not_picked":["Phantasmal Killer","Glass Knife"],"picked":"Envenom","floor":16},{"not_picked":["Dodge and Roll","Cloak And Dagger"],"picked":"Riddle With Holes","floor":18},{"not_picked":["Heel Hook","Escape Plan"],"picked":"Dodge and Roll","floor":20},{"not_picked":["Underhanded Strike","Concentrate"],"picked":"Dagger Spray","floor":21},{"not_picked":["Dagger Spray","Wraith Form v2"],"picked":"PiercingWail+1","floor":22},{"not_picked":["Bane","Expertise"],"picked":"Poisoned Stab+1","floor":24},{"not_picked":["Flechettes","Dagger Spray"],"picked":"Acrobatics","floor":28},{"not_picked":["Slice+1","Prepared"],"picked":"Well Laid Plans+1","floor":29},{"not_picked":["Riddle With Holes","Finisher+1"],"picked":"Sucker Punch","floor":31}],"player_experience":391192,"relics_obtained":[{"floor":6,"key":"Bag of Marbles"},{"floor":8,"key":"Bottled Tornado"},{"floor":12,"key":"Pear"},{"floor":24,"key":"Blue Candle"},{"floor":26,"key":"Oddly Smooth Stone"},{"floor":28,"key":"Bronze Scales"}],"event_choices":[{"cards_removed":["Flechettes"],"damage_healed":0,"gold_gain":0,"player_choice":"Gave Card","damage_taken":0,"relics_obtained":["StoneCalendar"],"max_hp_gain":0,"max_hp_loss":0,"event_name":"WeMeetAgain","floor":2,"gold_loss":0}],"is_beta":false,"boss_relics":[{"not_picked":["Snecko Eye","Runic Pyramid"],"picked":"Astrolabe"}],"items_purged_floors":[],"is_endless":false,"potions_floor_spawned":[4,6,10,12,14,16,20,28],"killed_by":"Collector","ascension_level":6}