{"gold_per_floor":[112,112,124,224,236,264,275,275,275,308,2,21,41,41,41,142,142,161,25,42,1,1,29,49,26,80,80,80],"floor_reached":28,"playtime":2768,"items_purged":[],"score":275,"play_id":"971d1bbe-4a8d-4a4e-9bf0-ad2ba6e51112","local_time":"20190217213816","is_ascension_mode":false,"campfire_choices":[{"data":"Catalyst","floor":8,"key":"SMITH"},{"floor":15,"key":"REST"},{"floor":27,"key":"REST"}],"neow_cost":"NONE","seed_source_timestamp":96626901351236,"circlet_count":0,"master_deck":["Defend_G","Defend_G","Defend_G","Strike_G","Strike_G","Strike_G","Survivor","Neutralize","Backstab+1","Flechettes+1","Noxious Fumes+1","Terror","Defend_G","Catalyst+1","Deadly Poison","Sucker Punch","Bane","Dash","Glass Knife","Dagger Throw","Night Terror","Deadly Poison","Corpse Explosion","Flechettes+1","Noxious Fumes","Deadly Poison","Quick Slash","Riddle With Holes","Blade Dance","Bane+1","Blade Dance"],"relics":["Astrolabe","Oddly Smooth Stone","Pantograph","Pear","Snake Skull","Busted Crown","Strawberry","Anchor"],"potions_floor_usage":[6,22,28,28],"damage_taken":[{"damage":0,"enemies":"Small Slimes","floor":1,"turns":3},{"damage":0,"enemies":"Cultist","floor":3,"turns":3},{"damage":0,"enemies":"2 Louse","floor":5,"turns":2},{"damage":16,"enemies":"Lagavulin","floor":6,"turns":4},{"damage":2,"enemies":"Lots of Slimes","floor":7,"turns":3},{"damage":12,"enemies":"Gremlin Nob","floor":10,"turns":3},{"damage":20,"enemies":"Exordium Thugs","floor":12,"turns":4},{"damage":25,"enemies":"Large Slime","floor":13,"turns":6},{"damage":34,"enemies":"Slime Boss","floor":16,"turns":9},{"damage":6,"enemies":"Chosen","floor":18,"turns":3},{"damage":5,"enemies":"Shell Parasite","floor":20,"turns":3},{"damage":0,"enemies":"Snake Plant","floor":22,"turns":2},{"damage":48,"enemies":"Slavers","floor":23,"turns":3},{"damage":18,"enemies":"Sentry and Sphere","floor":24,"turns":4},{"damage":37,"enemies":"Gremlin Leader","floor":28,"turns":4}],"seed_played":"-2664372724245001450","potions_obtained":[{"floor":3,"key":"Poison Potion"},{"floor":5,"key":"LiquidBronze"},{"floor":6,"key":"SmokeBomb"},{"floor":7,"key":"FearPotion"},{"floor":23,"key":"Ancient Potion"}],"is_trial":false,"path_per_floor":["M","?","M","?","M","E","M","R","T","E","$","M","M","?","R","B",null,"M","$","M","$","M","E","M","$","T","R","E"],"character_chosen":"THE_SILENT","items_purchased":["Snake Skull","Glass Knife","Dagger Throw","Noxious Fumes","Deadly Poison","Riddle With Holes","Blade Dance"],"campfire_rested":2,"item_purchase_floors":[11,11,11,19,19,21,25],"current_hp_per_floor":[70,70,70,70,70,54,52,52,52,50,50,30,5,5,29,20,80,74,74,69,69,69,28,10,10,10,36,0],"gold":80,"neow_bonus":"BOSS_RELIC","is_prod":false,"is_daily":false,"chose_seed":false,"campfire_upgraded":1,"win_rate":0.0,"timestamp":1550461096,"path_taken":["M","?","?","?","M","E","M","R","T","E","$","M","?","?","R","BOSS","M","?","M","?","M","E","M","$","T","R","E"],"build_version":"2019-01-23","purchased_purges":0,"victory":false,"max_hp_per_floor":[70,70,70,70,70,70,70,70,70,80,80,80,80,80,80,80,80,80,80,80,80,80,87,87,87,87,87,87],"card_choices":[{"not_picked":["PiercingWail","Backflip"],"picked":"Terror","floor":1},{"not_picked":["Reflex","Dagger Spray"],"picked":"Catalyst","floor":3},{"not_picked":["Glass Knife","Dodge and Roll"],"picked":"Deadly Poison","floor":5},{"not_picked":["Tactician","Expertise"],"picked":"Sucker Punch","floor":6},{"not_picked":["Dagger Spray","Calculated Gamble"],"picked":"Bane","floor":7},{"not_picked":["Outmaneuver","Flechettes"],"picked":"Dash","floor":10},{"not_picked":["Bane","Acrobatics"],"picked":"Night Terror","floor":12},{"not_picked":["Bane","Dash"],"picked":"Deadly Poison","floor":13},{"not_picked":["After Image","Doppelganger"],"picked":"Corpse Explosion","floor":16},{"not_picked":[],"picked":"Flechettes+1","floor":18},{"not_picked":[],"picked":"Quick Slash","floor":20},{"not_picked":[],"picked":"Blade Dance","floor":23},{"not_picked":[],"picked":"Bane+1","floor":24}],"player_experience":26867,"relics_obtained":[{"floor":6,"key":"Oddly Smooth Stone"},{"floor":9,"key":"Pantograph"},{"floor":10,"key":"Pear"},{"floor":23,"key":"Strawberry"},{"floor":26,"key":"Anchor"}],"event_choices":[{"cards_removed":["Defend_G"],"damage_healed":0,"gold_gain":0,"player_choice":"Took Card","damage_taken":0,"max_hp_gain":0,"max_hp_loss":0,"event_name":"NoteForYourself","floor":2,"gold_loss":0,"cards_obtained":["Defend_G"]},{"damage_healed":0,"gold_gain":100,"player_choice":"Pray","damage_taken":0,"max_hp_gain":0,"max_hp_loss":0,"event_name":"Golden Shrine","floor":4,"gold_loss":0},{"damage_healed":0,"gold_gain":0,"player_choice":"Got Potions","damage_taken":0,"max_hp_gain":0,"max_hp_loss":0,"event_name":"Lab","floor":14,"gold_loss":0}],"is_beta":false,"boss_relics":[{"not_picked":["Cursed Key","Tiny House"],"picked":"Busted Crown"}],"items_purged_floors":[],"is_endless":false,"potions_floor_spawned":[3,5,6,7,12,16,20,23],"killed_by":"Gremlin Leader","ascension_level":0}