{"gold_per_floor":[111,261,261,37,55,55,85,98,98,132,21,21,54,54,54,127,127,142,142,142,142,159,159,171,171,197,95,95,109,109,120,120,196,196,215,215],"floor_reached":36,"playtime":1067,"items_purged":["Doubt"],"score":831,"play_id":"cf7294a4-dd29-4149-b584-031d429de986","local_time":"20181126143243","is_ascension_mode":true,"campfire_choices":[{"data":"Defragment","floor":6.0,"key":"SMITH"},{"data":"Static Discharge","floor":12.0,"key":"SMITH"},{"floor":15.0,"key":"REST"},{"data":"Loop","floor":23.0,"key":"SMITH"},{"data":"Loop","floor":25.0,"key":"SMITH"},{"data":"Barrage","floor":30.0,"key":"SMITH"},{"data":"Capacitor","floor":32.0,"key":"SMITH"}],"neow_cost":"NONE","seed_source_timestamp":0,"circlet_count":0,"master_deck":["AscendersBane","Defend_B+1","Defend_B","Defend_B","Defend_B","Zap+1","Dualcast","Ball Lightning","Defragment+1","Bandage Up","Static Discharge+1","Conserve Battery","Force Field","Hologram","Defragment+1","Biased Cognition","Regret","Pain","Heatsinks","Shame","Loop+1","Loop+1","Glacier","Capacitor+1","Barrage+1","Bite","Bite","Bite","Bite","Bite","Barrage+1","Force Field+1","Fission"],"special_seed":0,"relics":["Cracked Core","NeowsBlessing","Singing Bowl","War Paint","Gambling Chip","WingedGreaves","Calling Bell","Bronze Scales","Shuriken","Bird Faced Urn","Art of War","Inserter"],"potions_floor_usage":[36],"damage_taken":[{"damage":0.0,"enemies":"Jaw Worm","floor":1.0,"turns":1.0},{"damage":0.0,"enemies":"2 Louse","floor":5.0,"turns":1.0},{"damage":0.0,"enemies":"Lagavulin","floor":7.0,"turns":1.0},{"damage":2.0,"enemies":"Small Slimes","floor":8.0,"turns":3.0},{"damage":44.0,"enemies":"Gremlin Nob","floor":10.0,"turns":4.0},{"damage":12.0,"enemies":"3 Sentries","floor":13.0,"turns":4.0},{"damage":28.0,"enemies":"The Guardian","floor":16.0,"turns":8.0},{"damage":2.0,"enemies":"3 Byrds","floor":18.0,"turns":2.0},{"damage":23.0,"enemies":"Chosen","floor":22.0,"turns":4.0},{"damage":32.0,"enemies":"Shelled Parasite and Fungi","floor":24.0,"turns":3.0},{"damage":18.0,"enemies":"3 Cultists","floor":29.0,"turns":5.0},{"damage":6.0,"enemies":"Centurion and Healer","floor":31.0,"turns":4.0},{"damage":42.0,"enemies":"Champ","floor":33.0,"turns":10.0},{"damage":44.0,"enemies":"3 Shapes","floor":35.0,"turns":4.0},{"damage":30,"enemies":"3 Darklings","floor":36,"turns":2}],"seed_played":"-5910313266279034425","potions_obtained":[{"floor":1.0,"key":"SneckoOil"},{"floor":8.0,"key":"Fire Potion"},{"floor":10.0,"key":"Swift Potion"},{"floor":18.0,"key":"Fire Potion"},{"floor":22.0,"key":"SteroidPotion"},{"floor":31.0,"key":"Ancient Potion"}],"is_trial":false,"path_per_floor":["M","?","?","$","M","R","E","M","T","E","$","R","E","?","R","B",null,"M","?","?","?","M","R","M","R","T","$","?","M","R","M","R","B",null,"M","M"],"character_chosen":"DEFECT","items_purchased":["Defragment","Bandage Up","Force Field","Hologram","Capacitor","Barrage"],"campfire_rested":1,"item_purchase_floors":[4,4,11,11,27,27],"current_hp_per_floor":[64,64,64,64,64,64,64,68,68,30,30,30,22,22,44,20,61,63,63,63,63,54,54,36,36,36,36,36,30,30,42,42,32,47,16,0],"gold":215,"neow_bonus":"THREE_ENEMY_KILL","is_prod":false,"is_daily":false,"chose_seed":false,"campfire_upgraded":6,"win_rate":0,"timestamp":1543260763,"path_taken":["M","?","?","$","M","R","E","M","T","E","$","R","E","?","R","BOSS","M","?","?","?","M","R","M","R","T","$","?","M","R","M","R","BOSS","M","M"],"build_version":"2018-11-15","purchased_purges":1,"victory":false,"max_hp_per_floor":[71,71,71,71,71,71,71,73,73,75,75,75,75,75,75,75,75,75,75,75,75,75,75,75,75,75,75,52,52,52,52,52,52,52,54,54],"card_choices":[{"not_picked":["FTL","Compile Driver"],"picked":"Ball Lightning","floor":1.0},{"not_picked":["Stack","Chill"],"picked":"Static Discharge","floor":5.0},{"not_picked":["Gash","Lockon"],"picked":"Conserve Battery","floor":7.0},{"not_picked":["Leap","Rebound","Go for the Eyes"],"picked":"Singing Bowl","floor":8.0},{"not_picked":["Gash","Coolheaded","Go for the Eyes"],"picked":"Singing Bowl","floor":10.0},{"not_picked":["Scrape","Redo"],"picked":"Defragment","floor":13.0},{"not_picked":["Core Surge","Hyperbeam"],"picked":"Biased Cognition","floor":16.0},{"not_picked":["Rip and Tear","Coolheaded"],"picked":"Heatsinks","floor":18.0},{"not_picked":["Rip and Tear","Streamline"],"picked":"Loop","floor":22.0},{"not_picked":["Double Energy","Steam"],"picked":"Glacier","floor":24.0},{"not_picked":["Beam Cell","Reprogram"],"picked":"Barrage+1","floor":29.0},{"not_picked":["Steam","Compile Driver"],"picked":"Force Field+1","floor":31.0},{"not_picked":["Reboot","All For One"],"picked":"Fission","floor":33.0},{"not_picked":["Turbo","Barrage+1","FTL"],"picked":"Singing Bowl","floor":35.0}],"player_experience":772629,"relics_obtained":[{"floor":7.0,"key":"Singing Bowl"},{"floor":9.0,"key":"War Paint"},{"floor":10.0,"key":"Gambling Chip"},{"floor":13.0,"key":"WingedGreaves"},{"floor":17.0,"key":"Bronze Scales"},{"floor":17.0,"key":"Shuriken"},{"floor":17.0,"key":"Bird Faced Urn"}],"event_choices":[{"damage_healed":0.0,"max_hp_gain":0.0,"max_hp_loss":0.0,"gold_gain":150.0,"event_name":"Liars Game","player_choice":"AGREE","floor":2.0,"gold_loss":0.0,"damage_taken":0.0,"cards_obtained":["Doubt"]},{"damage_healed":0.0,"max_hp_gain":0.0,"max_hp_loss":0.0,"gold_gain":0.0,"event_name":"Shining Light","player_choice":"Ignored","floor":3.0,"gold_loss":0.0,"damage_taken":0.0},{"damage_healed":0.0,"max_hp_gain":0.0,"max_hp_loss":0.0,"gold_gain":0.0,"event_name":"Living Wall","player_choice":"Grow","floor":14.0,"gold_loss":0.0,"damage_taken":0.0,"cards_upgraded":["Defragment"]},{"cards_removed":["Normality"],"damage_healed":0.0,"max_hp_gain":0.0,"max_hp_loss":0.0,"gold_gain":0.0,"event_name":"Back to Basics","player_choice":"Elegance","floor":19.0,"gold_loss":0.0,"damage_taken":0.0},{"damage_healed":0.0,"max_hp_gain":0.0,"max_hp_loss":0.0,"gold_gain":0.0,"event_name":"Addict","player_choice":"Stole Relic","floor":20.0,"gold_loss":0.0,"damage_taken":0.0,"relics_obtained":["Art of War"],"cards_obtained":["Shame"]},{"damage_healed":0.0,"max_hp_gain":0.0,"max_hp_loss":0.0,"gold_gain":0.0,"event_name":"The Library","player_choice":"Read","floor":21.0,"gold_loss":0.0,"damage_taken":0.0,"cards_obtained":["Loop"]},{"damage_healed":0.0,"max_hp_gain":0.0,"max_hp_loss":23.0,"gold_gain":0.0,"event_name":"Vampires","player_choice":"Became a vampire","floor":28.0,"gold_loss":0.0,"damage_taken":0.0,"cards_obtained":["Bite","Bite","Bite","Bite","Bite"]}],"is_beta":false,"boss_relics":[{"not_picked":["Runic Pyramid","Philosopher\u0027s Stone"],"picked":"Calling Bell"},{"not_picked":["FrozenCore","Pandora\u0027s Box"],"picked":"Inserter"}],"items_purged_floors":[4],"is_endless":false,"potions_floor_spawned":[1,8,10,18,22,31,35],"killed_by":"3 Darklings","ascension_level":20}