{"path_per_floor":["M","?","$","?","$","R","?","E","T","?","M","M","M","M","R"],"character_chosen":"DEFECT","items_purchased":["Trip"],"gold_per_floor":[116,116,10,10,10,10,10,36,36,36,48,63,83,99,99,99],"floor_reached":16,"campfire_rested":1,"playtime":411,"current_hp_per_floor":[59,47,47,47,47,47,47,26,26,26,19,19,19,11,31,0],"items_purged":[],"gold":99,"score":130,"play_id":"9b47bf9c-524f-4da6-92b7-33c94575ab10","local_time":"20180513092535","is_prod":false,"is_daily":false,"chose_seed":false,"is_ascension_mode":true,"campfire_upgraded":0,"timestamp":1526217935,"path_taken":["M","?","$","?","?","R","?","E","T","?","M","M","M","M","R","BOSS"],"build_version":"2018-05-12v2","seed_source_timestamp":315955559985755,"purchased_purges":0,"victory":false,"master_deck":["Strike_B","Strike_B","Strike_B","Strike_B","Defend_B","Defend_B","Defend_B","Defend_B","Zap","Dualcast","Trip","Rebound","Cold Snap","Glacier","Streamline","Undo"],"max_hp_per_floor":[68,68,68,68,68,68,68,68,68,68,68,68,68,68,68,68],"relics":["Cracked Core","Girya","Juzu Bracelet","Lantern","Matryoshka"],"card_choices":[{"not_picked":["Melter","Turbo","Loop"],"picked":"SKIP","floor":1},{"not_picked":["Echo Form","Hologram"],"picked":"Rebound","floor":8},{"not_picked":["Recycle","Axe Kick"],"picked":"Cold Snap","floor":11},{"not_picked":["Static Discharge","Conserve Battery"],"picked":"Glacier","floor":12},{"not_picked":["Ball Lightning","Cold Snap"],"picked":"Streamline","floor":13},{"not_picked":["Melter","Streamline"],"picked":"Undo","floor":14}],"player_experience":78490,"potions_floor_usage":[8,16],"damage_taken":[{"damage":9,"enemies":"Jaw Worm","floor":1,"turns":4},{"damage":21,"enemies":"3 Sentries","floor":8,"turns":7},{"damage":7,"enemies":"Small Slimes","floor":11,"turns":3},{"damage":0,"enemies":"2 Louse","floor":12,"turns":2},{"damage":0,"enemies":"2 Fungi Beasts","floor":13,"turns":4},{"damage":8,"enemies":"Blue Slaver","floor":14,"turns":2},{"damage":33,"enemies":"Hexaghost","floor":16,"turns":9}],"event_choices":[{"event_name":"Scrap Ooze","player_choice":"success","floor":2,"damage_taken":12},{"event_name":"Golden Idol","player_choice":"Ignored","floor":4,"damage_taken":0},{"event_name":"The Cleric","player_choice":"Leave","floor":7,"damage_taken":0},{"event_name":"Shining Light","player_choice":"Ignored","floor":10,"damage_taken":0}],"boss_relics":[],"potions_floor_spawned":[1,8,13],"seed_played":"3597596029391649718","killed_by":"Hexaghost","ascension_level":6,"is_trial":false}