{"gold_per_floor":[118,13,13,13,27,53,328,360,408,177,177,19,19,48,48,48],"floor_reached":16,"playtime":688,"items_purged":["Regret"],"score":278,"play_id":"c764f3e0-023b-43a2-8534-0ce2b5144836","local_time":"20181219142014","is_ascension_mode":true,"campfire_choices":[{"data":"Beam Cell","floor":11,"key":"SMITH"},{"data":"FTL","floor":13,"key":"SMITH"},{"data":"Dualcast","floor":15,"key":"SMITH"}],"neow_cost":"NONE","seed_source_timestamp":592183483662865,"circlet_count":0,"master_deck":["AscendersBane","Strike_B","Strike_B","Strike_B","Defend_B","Defend_B","Defend_B+1","Defend_B","Zap+1","Dualcast+1","Sweeping Beam","Swift Strike+1","Beam Cell+1","Steam","Double Energy","Swift Strike+1","FTL+1","Ball Lightning"],"relics":["Cracked Core","NeowsBlessing","Bag of Preparation","War Paint","Orichalcum","DollysMirror","Question Card"],"potions_floor_usage":[8,8],"damage_taken":[{"damage":0,"enemies":"Cultist","floor":1,"turns":1},{"damage":0,"enemies":"2 Louse","floor":5,"turns":1},{"damage":0,"enemies":"Lagavulin","floor":6,"turns":1},{"damage":21,"enemies":"3 Sentries","floor":8,"turns":6},{"damage":6,"enemies":"Gremlin Nob","floor":14,"turns":3},{"damage":31,"enemies":"The Guardian","floor":16,"turns":8}],"seed_played":"4029071068276743688","potions_obtained":[{"floor":5,"key":"Swift Potion"},{"floor":6,"key":"EssenceOfSteel"}],"is_trial":false,"path_per_floor":["M","$","?","?","M","E","?","E","T","$","R","$","R","E","R","B"],"character_chosen":"DEFECT","items_purchased":["Swift Strike","DollysMirror","FTL"],"campfire_rested":0,"item_purchase_floors":[2,10,12],"current_hp_per_floor":[64,64,64,64,64,64,64,43,43,43,43,43,43,37,37,6],"gold":48,"neow_bonus":"THREE_ENEMY_KILL","is_prod":false,"is_daily":false,"chose_seed":false,"campfire_upgraded":3,"win_rate":0,"timestamp":1545247214,"path_taken":["M","$","?","?","?","E","?","E","T","$","R","?","R","E","R","BOSS"],"build_version":"2018-12-13","purchased_purges":1,"victory":false,"max_hp_per_floor":[71,71,71,71,71,71,71,71,71,71,71,71,71,71,71,71],"card_choices":[{"not_picked":["Conserve Battery","Streamline"],"picked":"Sweeping Beam","floor":1},{"not_picked":["Meteor Strike","Double Energy"],"picked":"Beam Cell","floor":5},{"not_picked":["Auto Shields","Sweeping Beam"],"picked":"Steam","floor":6},{"not_picked":["Capacitor","Leap"],"picked":"Double Energy","floor":8},{"not_picked":["Undo","Chaos"],"picked":"Ball Lightning","floor":14}],"player_experience":788352,"relics_obtained":[{"floor":6,"key":"Bag of Preparation"},{"floor":8,"key":"War Paint"},{"floor":9,"key":"Orichalcum"},{"floor":14,"key":"Question Card"}],"event_choices":[{"damage_healed":0,"gold_gain":0,"player_choice":"Grow","damage_taken":0,"max_hp_gain":0,"max_hp_loss":0,"event_name":"Living Wall","floor":3,"gold_loss":0,"cards_upgraded":["Swift Strike"]},{"cards_removed":["Strike_B"],"damage_healed":0,"gold_gain":0,"player_choice":"Offered Basic","damage_taken":0,"max_hp_gain":0,"max_hp_loss":0,"event_name":"Bonfire Elementals","floor":4,"gold_loss":0},{"damage_healed":0,"gold_gain":275,"player_choice":"Desecrate","damage_taken":0,"max_hp_gain":0,"max_hp_loss":0,"event_name":"Golden Shrine","floor":7,"gold_loss":0,"cards_obtained":["Regret"]}],"is_beta":false,"boss_relics":[],"items_purged_floors":[12],"is_endless":false,"potions_floor_spawned":[5,6],"killed_by":"The Guardian","ascension_level":20}