{"gold_per_floor":[110,110,120,138,138,138,149,74,99,110,127,152,164,190,202,313,325,356,442,469,493,415,427,229,260,287,287,303,303,303],"floor_reached":30,"playtime":1091,"items_purged":["Defend_B","Strike_B"],"score":391,"play_id":"68b59e82-4b7d-4bda-8617-aecb7cf3cd62","local_time":"20190428084857","is_ascension_mode":true,"campfire_choices":[{"data":"Zap","floor":6.0,"key":"SMITH"},{"data":"Gash","floor":13.0,"key":"SMITH"},{"data":"Gash","floor":15.0,"key":"SMITH"},{"data":"Chaos","floor":23.0,"key":"SMITH"},{"data":"Impatience","floor":27.0,"key":"SMITH"}],"neow_cost":"TEN_PERCENT_HP_LOSS","seed_source_timestamp":384489314991600,"circlet_count":0,"master_deck":["AscendersBane","Strike_B+1","Defend_B","Defend_B","Zap+1","Dualcast","Chill","Reboot","Cold Snap","Loop","Gash+1","Gash+1","Sunder","Biased Cognition","Streamline+1","Chaos+1","Self Repair","Impatience+1","Rainbow","Stack+1"],"special_seed":0,"relics":["Cracked Core","Thread and Needle","Smiling Mask","MawBank","Inserter","Meat on the Bone","Mummified Hand","Omamori"],"potions_floor_usage":[30],"damage_taken":[{"damage":1.0,"enemies":"Cultist","floor":1.0,"turns":4.0},{"damage":1.0,"enemies":"Jaw Worm","floor":3.0,"turns":4.0},{"damage":0.0,"enemies":"Small Slimes","floor":4.0,"turns":3.0},{"damage":0.0,"enemies":"Red Slaver","floor":7.0,"turns":4.0},{"damage":2.0,"enemies":"Blue Slaver","floor":10.0,"turns":4.0},{"damage":3.0,"enemies":"Looter","floor":11.0,"turns":3.0},{"damage":7.0,"enemies":"3 Sentries","floor":12.0,"turns":6.0},{"damage":5.0,"enemies":"Exordium Thugs","floor":14.0,"turns":3.0},{"damage":22.0,"enemies":"Slime Boss","floor":16.0,"turns":8.0},{"damage":15.0,"enemies":"2 Thieves","floor":18.0,"turns":5.0},{"damage":6.0,"enemies":"Shell Parasite","floor":20.0,"turns":4.0},{"damage":13.0,"enemies":"Snake Plant","floor":21.0,"turns":4.0},{"damage":25.0,"enemies":"Book of Stabbing","floor":25.0,"turns":5.0},{"damage":7.0,"enemies":"3 Cultists","floor":28.0,"turns":4.0},{"damage":40,"enemies":"Slavers","floor":30,"turns":4}],"seed_played":"8464841031566326093","potions_obtained":[{"floor":1.0,"key":"Block Potion"},{"floor":4.0,"key":"Weak Potion"},{"floor":18.0,"key":"Strength Potion"},{"floor":25.0,"key":"FocusPotion"}],"is_trial":false,"path_per_floor":["M","?","M","M","?","R","M","$","T","M","M","E","R","M","R","B",null,"M","T","M","M","?","R","$","E","T","R","M","?","E"],"character_chosen":"DEFECT","items_purchased":["Self Repair","Impatience"],"campfire_rested":0,"item_purchase_floors":[24,24],"current_hp_per_floor":[67,67,66,66,66,66,66,66,66,64,61,54,54,49,49,27,58,43,43,37,36,36,36,36,23,23,23,35,35,0],"gold":303,"neow_bonus":"ONE_RARE_RELIC","is_prod":false,"is_daily":false,"chose_seed":false,"campfire_upgraded":5,"win_rate":0,"timestamp":1556412537,"path_taken":["M","?","M","M","?","R","M","$","T","M","M","E","R","M","R","BOSS","M","?","M","M","?","R","$","E","T","R","?","?","E"],"build_version":"2019-01-23","purchased_purges":2,"victory":false,"max_hp_per_floor":[68,68,68,68,68,68,68,68,68,68,68,68,68,68,68,68,68,68,68,68,68,68,68,68,68,68,68,68,68,68],"card_choices":[{"not_picked":["Rebound","Ball Lightning"],"picked":"Chill","floor":1.0},{"not_picked":["Redo","Heatsinks"],"picked":"Reboot","floor":3.0},{"not_picked":["Reinforced Body","Steam Power"],"picked":"Cold Snap","floor":4.0},{"not_picked":["Hello World","Rebound"],"picked":"Loop","floor":7.0},{"not_picked":["Steam","Steam Power"],"picked":"Gash","floor":10.0},{"not_picked":["Skim","Barrage"],"picked":"Gash","floor":11.0},{"not_picked":["Redo","Reprogram"],"picked":"Sunder","floor":12.0},{"not_picked":["Redo","Sweeping Beam","Reprogram"],"picked":"SKIP","floor":14.0},{"not_picked":["Meteor Strike","Fission"],"picked":"Biased Cognition","floor":16.0},{"not_picked":["Conserve Battery","Leap"],"picked":"Streamline+1","floor":18.0},{"not_picked":["Gash","Stack","Rebound"],"picked":"SKIP","floor":20.0},{"not_picked":["Static Discharge","Gash"],"picked":"Chaos","floor":21.0},{"not_picked":["Reinforced Body","Go for the Eyes"],"picked":"Rainbow","floor":25.0},{"not_picked":["Sweeping Beam","Hologram+1"],"picked":"Stack+1","floor":28.0}],"player_experience":541882,"relics_obtained":[{"floor":9.0,"key":"Smiling Mask"},{"floor":12.0,"key":"MawBank"},{"floor":19.0,"key":"Meat on the Bone"},{"floor":25.0,"key":"Mummified Hand"},{"floor":26.0,"key":"Omamori"}],"event_choices":[{"cards_removed":["Strike_B"],"damage_healed":0.0,"max_hp_gain":0.0,"max_hp_loss":0.0,"gold_gain":0.0,"event_name":"Living Wall","player_choice":"Forget","floor":2.0,"gold_loss":0.0,"damage_taken":0.0},{"cards_removed":["Strike_B"],"damage_healed":0.0,"max_hp_gain":0.0,"max_hp_loss":0.0,"gold_gain":0.0,"event_name":"Bonfire Elementals","player_choice":"Offered Basic","floor":5.0,"gold_loss":0.0,"damage_taken":0.0},{"cards_removed":["Defend_B"],"damage_healed":0.0,"max_hp_gain":0.0,"max_hp_loss":0.0,"gold_gain":0.0,"event_name":"Designer","player_choice":"Upgrade and Remove","floor":22.0,"gold_loss":90.0,"damage_taken":0.0,"cards_upgraded":["Strike_B"]},{"damage_healed":0.0,"max_hp_gain":0.0,"max_hp_loss":0.0,"gold_gain":0.0,"event_name":"Vampires","player_choice":"Ignored","floor":29.0,"gold_loss":0.0,"damage_taken":0.0}],"is_beta":false,"boss_relics":[{"not_picked":["Lizard Tail","Busted Crown"],"picked":"Inserter"}],"items_purged_floors":[8,24],"is_endless":false,"potions_floor_spawned":[1,4,7,18,25],"killed_by":"Slavers","ascension_level":11}