{"gold_per_floor":[118,118,132,40,190,221,296,325,352,363,24,38,52,52,52,123,123,141,61,74,93,93,93,93],"floor_reached":24,"playtime":653,"items_purged":["Doubt"],"score":562,"play_id":"e605317b-94ac-49a8-b6dd-2cef1df406da","local_time":"20190423130442","is_ascension_mode":true,"campfire_choices":[{"floor":15.0,"key":"REST"},{"floor":23,"key":"REST"}],"neow_cost":"NONE","seed_source_timestamp":0,"circlet_count":0,"master_deck":["AscendersBane","Strike_B","Strike_B","Strike_B","Strike_B","Defend_B","Defend_B","Defend_B","Defend_B","Zap","Dualcast","Barrage","Static Discharge","Capacitor","Beam Cell","Ball Lightning","Barrage","Electrodynamics","Buffer","Panacea","Glacier","Echo Form","Glacier","Steam"],"special_seed":0,"relics":["Cracked Core","NeowsBlessing","Bag of Preparation","Centennial Puzzle","PreservedInsect","Nuclear Battery"],"potions_floor_usage":[],"damage_taken":[{"damage":0.0,"enemies":"2 Louse","floor":1.0,"turns":1.0},{"damage":0.0,"enemies":"Cultist","floor":3.0,"turns":1.0},{"damage":0.0,"enemies":"Lagavulin","floor":6.0,"turns":1.0},{"damage":42.0,"enemies":"3 Sentries","floor":8.0,"turns":5.0},{"damage":2.0,"enemies":"Jaw Worm","floor":10.0,"turns":3.0},{"damage":0.0,"enemies":"Looter","floor":12.0,"turns":2.0},{"damage":4.0,"enemies":"Blue Slaver","floor":13.0,"turns":3.0},{"damage":0.0,"enemies":"Slime Boss","floor":16.0,"turns":7.0},{"damage":34.0,"enemies":"3 Byrds","floor":18.0,"turns":3.0},{"damage":0.0,"enemies":"Spheric Guardian","floor":20.0,"turns":3.0},{"damage":13,"enemies":"3 Cultists","floor":21,"turns":3},{"damage":5,"enemies":"Colosseum Slavers","floor":22,"turns":4},{"damage":33,"enemies":"Book of Stabbing","floor":24,"turns":4}],"seed_played":"-581971628928892236","potions_obtained":[{"floor":6.0,"key":"Weak Potion"},{"floor":8.0,"key":"AttackPotion"},{"floor":10.0,"key":"EssenceOfSteel"},{"floor":13.0,"key":"Explosive Potion"},{"floor":18.0,"key":"SteroidPotion"}],"is_trial":false,"path_per_floor":["M","?","M","$","?","E","?","E","T","M","$","M","M","$","R","B",null,"M","$","M","M","?","R","E"],"character_chosen":"DEFECT","items_purchased":["Capacitor","Beam Cell","Buffer","Panacea","Glacier"],"campfire_rested":2,"item_purchase_floors":[4,4,11,11,19],"current_hp_per_floor":[64,71,71,71,71,71,60,18,18,16,16,16,12,12,33,33,62,28,28,28,15,10,31,0],"gold":93,"neow_bonus":"THREE_ENEMY_KILL","is_prod":false,"is_daily":false,"chose_seed":false,"campfire_upgraded":0,"win_rate":0,"timestamp":1556039082,"path_taken":["M","?","?","$","?","E","?","E","T","M","$","M","M","$","R","BOSS","M","$","M","M","?","R","E"],"build_version":"2019-01-23","purchased_purges":1,"victory":false,"max_hp_per_floor":[71,71,71,71,71,71,71,71,71,71,71,71,71,71,71,71,71,71,71,71,71,71,71,71],"card_choices":[{"not_picked":["Redo","Turbo"],"picked":"Barrage","floor":1.0},{"not_picked":["Ball Lightning","Chaos"],"picked":"Static Discharge","floor":3.0},{"not_picked":["Steam Power","Doom and Gloom"],"picked":"Ball Lightning","floor":6.0},{"not_picked":["Leap","Blizzard"],"picked":"Barrage","floor":8.0},{"not_picked":["Conserve Battery","Coolheaded"],"picked":"Electrodynamics","floor":10.0},{"not_picked":["Capacitor","Redo","Double Energy"],"picked":"SKIP","floor":12.0},{"not_picked":["Cold Snap","Melter"],"picked":"Glacier","floor":13.0},{"not_picked":["Electrodynamics","Buffer"],"picked":"Echo Form","floor":16.0},{"not_picked":["Barrage","Stack","Beam Cell"],"picked":"SKIP","floor":18.0},{"not_picked":["Streamline","Go for the Eyes","Sunder"],"picked":"SKIP","floor":20.0},{"not_picked":["Barrage+1","Stack+1"],"picked":"Steam","floor":21}],"player_experience":924512,"relics_obtained":[{"floor":6.0,"key":"Bag of Preparation"},{"floor":8.0,"key":"Centennial Puzzle"},{"floor":9.0,"key":"PreservedInsect"}],"event_choices":[{"damage_healed":7.0,"max_hp_gain":0.0,"max_hp_loss":0.0,"gold_gain":0.0,"event_name":"Wheel of Change","player_choice":"Full Heal","floor":2.0,"gold_loss":0.0,"damage_taken":0.0},{"damage_healed":0.0,"max_hp_gain":0.0,"max_hp_loss":0.0,"gold_gain":150.0,"event_name":"Liars Game","player_choice":"AGREE","floor":5.0,"gold_loss":0.0,"damage_taken":0.0,"cards_obtained":["Doubt"]},{"damage_healed":0.0,"max_hp_gain":0.0,"max_hp_loss":0.0,"gold_gain":75.0,"event_name":"World of Goop","player_choice":"Gather Gold","floor":7.0,"gold_loss":0.0,"damage_taken":11.0},{"damage_healed":0,"gold_gain":0,"player_choice":"Fight","damage_taken":0,"max_hp_gain":0,"max_hp_loss":0,"event_name":"Colosseum","floor":22,"gold_loss":0},{"damage_healed":0,"gold_gain":0,"player_choice":"Fled From Nobs","damage_taken":0,"max_hp_gain":0,"max_hp_loss":0,"event_name":"Colosseum","floor":22,"gold_loss":0}],"is_beta":false,"boss_relics":[{"not_picked":["Velvet Choker","Orrery"],"picked":"Nuclear Battery"}],"items_purged_floors":[11],"is_endless":false,"potions_floor_spawned":[6,8,10,13,18,22],"killed_by":"Book of Stabbing","ascension_level":20}