{"gold_per_floor":[109,125,125,44,61,92,92,118,118,118,145,155,173,173],"floor_reached":14,"playtime":830,"items_purged":[],"score":116,"play_id":"b075814b-324f-43bd-9a88-7beda4a2e992","local_time":"20190409173335","is_ascension_mode":true,"campfire_choices":[{"data":"Noxious Fumes","floor":7,"key":"SMITH"},{"floor":10,"key":"REST"}],"neow_cost":"NONE","seed_source_timestamp":324885105525679,"circlet_count":0,"master_deck":["Defend_G","Defend_G","Defend_G","Defend_G","Defend_G","Strike_G","Strike_G","Strike_G","Strike_G","Strike_G","Survivor","Neutralize","Deadly Poison","Finisher+1","Noxious Fumes+1","Flying Knee","Blade Dance","Backflip","Terror","Poisoned Stab","Bane"],"relics":["Ring of the Snake","Bag of Preparation","Nunchaku","Mummified Hand","Dead Branch"],"potions_floor_usage":[14],"damage_taken":[{"damage":0,"enemies":"Small Slimes","floor":1,"turns":4},{"damage":1,"enemies":"Cultist","floor":2,"turns":4},{"damage":0,"enemies":"2 Louse","floor":5,"turns":3},{"damage":31,"enemies":"Lagavulin","floor":6,"turns":8},{"damage":19,"enemies":"3 Sentries","floor":8,"turns":5},{"damage":19,"enemies":"Lagavulin","floor":11,"turns":8},{"damage":8,"enemies":"2 Fungi Beasts","floor":12,"turns":4},{"damage":0,"enemies":"Large Slime","floor":13,"turns":3},{"damage":23,"enemies":"Gremlin Nob","floor":14,"turns":4}],"seed_played":"5316014466966834921","potions_obtained":[{"floor":2,"key":"AttackPotion"},{"floor":5,"key":"Ancient Potion"},{"floor":11,"key":"SmokeBomb"}],"is_trial":false,"path_per_floor":["M","M","?","$","M","E","R","E","T","R","E","M","M","E"],"character_chosen":"THE_SILENT","items_purchased":["Noxious Fumes"],"campfire_rested":1,"item_purchase_floors":[4],"current_hp_per_floor":[77,76,76,76,76,45,45,26,26,49,30,22,22,0],"gold":173,"neow_bonus":"TEN_PERCENT_HP_BONUS","is_prod":false,"is_daily":false,"chose_seed":false,"campfire_upgraded":1,"win_rate":0,"timestamp":1554849215,"path_taken":["M","M","?","$","?","E","R","E","T","R","E","M","M","E"],"build_version":"2019-01-23","purchased_purges":0,"victory":false,"max_hp_per_floor":[77,77,77,77,77,77,77,77,77,77,77,77,77,77],"card_choices":[{"not_picked":["Caltrops","Underhanded Strike"],"picked":"Deadly Poison","floor":1},{"not_picked":["Dodge and Roll","Flechettes"],"picked":"Finisher","floor":2},{"not_picked":["Caltrops","All Out Attack"],"picked":"Flying Knee","floor":5},{"not_picked":["Dodge and Roll","Flechettes"],"picked":"Blade Dance","floor":6},{"not_picked":["Endless Agony","Crippling Poison"],"picked":"Backflip","floor":8},{"not_picked":["Glass Knife","Doppelganger"],"picked":"Terror","floor":11},{"not_picked":["Prepared","Slice"],"picked":"Poisoned Stab","floor":12},{"not_picked":["Riddle With Holes","Calculated Gamble"],"picked":"Bane","floor":13}],"player_experience":161314,"relics_obtained":[{"floor":6,"key":"Bag of Preparation"},{"floor":8,"key":"Nunchaku"},{"floor":9,"key":"Mummified Hand"},{"floor":11,"key":"Dead Branch"}],"event_choices":[{"damage_healed":0,"gold_gain":0,"player_choice":"Upgraded","damage_taken":0,"max_hp_gain":0,"max_hp_loss":0,"event_name":"Upgrade Shrine","floor":3,"gold_loss":0,"cards_upgraded":["Finisher"]}],"is_beta":false,"boss_relics":[],"items_purged_floors":[],"is_endless":false,"potions_floor_spawned":[2,5,11,13],"killed_by":"Gremlin Nob","ascension_level":1}