{"gold_per_floor":[117,137,137,156,231,231,241,116,139,153,153,153,167,167],"floor_reached":14,"playtime":425,"items_purged":["Strike_R"],"score":131,"play_id":"5699f2e8-ed4b-4631-8baf-681b273dfdde","local_time":"20190429143754","is_ascension_mode":true,"campfire_choices":[{"data":"True Grit","floor":6,"key":"SMITH"}],"neow_cost":"NONE","seed_source_timestamp":95038012455400,"circlet_count":0,"master_deck":["AscendersBane","Strike_R","Strike_R","Strike_R","Defend_R","Defend_R","Defend_R","Defend_R","Bash","Barricade","Shrug It Off","True Grit+1","Heavy Blade","Armaments","Shrug It Off","Feel No Pain"],"relics":["Burning Blood","Centennial Puzzle","Strawberry","Frozen Egg 2"],"potions_floor_usage":[7,13],"damage_taken":[{"damage":14,"enemies":"Cultist","floor":1,"turns":5},{"damage":0,"enemies":"2 Louse","floor":2,"turns":3},{"damage":18,"enemies":"Jaw Worm","floor":4,"turns":5},{"damage":14,"enemies":"Exordium Wildlife","floor":7,"turns":6},{"damage":4,"enemies":"Blue Slaver","floor":10,"turns":6},{"damage":0,"enemies":"3 Louse","floor":13,"turns":5},{"damage":37,"enemies":"Large Slime","floor":14,"turns":5}],"seed_played":"-1776965313829248087","potions_obtained":[{"floor":2,"key":"Ancient Potion"},{"floor":4,"key":"SpeedPotion"},{"floor":7,"key":"Block Potion"},{"floor":13,"key":"Poison Potion"}],"is_trial":false,"path_per_floor":["M","M","?","M","?","R","M","$","T","M","?","?","M","M"],"character_chosen":"IRONCLAD","items_purchased":["Shrug It Off"],"campfire_rested":0,"item_purchase_floors":[8],"current_hp_per_floor":[64,70,70,58,50,50,42,42,42,44,26,26,32,0],"gold":167,"neow_bonus":"ONE_RANDOM_RARE_CARD","is_prod":false,"is_daily":false,"chose_seed":false,"campfire_upgraded":1,"win_rate":0,"timestamp":1556519874,"path_taken":["M","M","?","?","?","R","M","$","T","?","?","?","M","M"],"build_version":"2019-01-23","purchased_purges":1,"victory":false,"max_hp_per_floor":[80,80,80,80,80,80,80,80,80,80,87,87,87,87],"card_choices":[{"not_picked":["Sword Boomerang","Carnage"],"picked":"Shrug It Off","floor":1},{"not_picked":["Dual Wield","Dropkick"],"picked":"True Grit","floor":2},{"not_picked":["Wild Strike","Carnage"],"picked":"Warcry","floor":4},{"not_picked":["Sever Soul","Havoc"],"picked":"Armaments","floor":7},{"not_picked":["Havoc","Carnage","Feel No Pain"],"picked":"SKIP","floor":10},{"not_picked":["Havoc","Carnage"],"picked":"Feel No Pain","floor":10},{"not_picked":["Blood for Blood","Perfected Strike","Rupture+1"],"picked":"SKIP","floor":13}],"player_experience":550751,"relics_obtained":[{"floor":9,"key":"Centennial Puzzle"}],"event_choices":[{"damage_healed":0,"gold_gain":0,"cards_transformed":["Strike_R"],"player_choice":"Transformed","damage_taken":0,"max_hp_gain":0,"max_hp_loss":0,"event_name":"Transmorgrifier","floor":3,"gold_loss":0,"cards_obtained":["Heavy Blade"]},{"damage_healed":0,"gold_gain":75,"player_choice":"Touch","damage_taken":8,"max_hp_gain":0,"max_hp_loss":0,"event_name":"FaceTrader","floor":5,"gold_loss":0},{"damage_healed":0,"gold_gain":0,"player_choice":"Success","damage_taken":25,"relics_obtained":["Strawberry"],"max_hp_gain":0,"max_hp_loss":0,"event_name":"Scrap Ooze","floor":11,"gold_loss":0},{"cards_removed":["Warcry"],"damage_healed":0,"gold_gain":0,"player_choice":"Gave Card","damage_taken":0,"relics_obtained":["Frozen Egg 2"],"max_hp_gain":0,"max_hp_loss":0,"event_name":"WeMeetAgain","floor":12,"gold_loss":0}],"is_beta":false,"boss_relics":[],"items_purged_floors":[8],"is_endless":false,"potions_floor_spawned":[2,4,7,13],"killed_by":"Large Slime","ascension_level":12}