{"gold_per_floor":[116,133,150,115,41,41,72,72,99,99,119,119,80,93,93,194,194,213,9,9,29,41,41,56,56,56,75,75,95,110,110],"floor_reached":31,"playtime":852,"items_purged":[],"score":434,"play_id":"53b57007-127b-45f5-b556-bf3890cfa7bd","local_time":"20180918103854","is_ascension_mode":true,"campfire_choices":[{"data":"Darkness","floor":6.0,"key":"SMITH"},{"data":"Barrage","floor":8.0,"key":"SMITH"},{"floor":10.0,"key":"REST"},{"floor":12.0,"key":"REST"},{"data":"Rainbow","floor":15.0,"key":"SMITH"},{"floor":23.0,"key":"REST"},{"data":"Rainbow","floor":28.0,"key":"SMITH"}],"neow_cost":"","seed_source_timestamp":0,"circlet_count":0,"master_deck":["Strike_B","Strike_B","Strike_B","Strike_B","Defend_B","Defend_B","Defend_B","Defend_B","Zap","Dualcast","AscendersBane","Darkness+1","Sweeping Beam","Doom and Gloom","Barrage+1","Conserve Battery","Capacitor","Rainbow+1","Rainbow+1","Ball Lightning+1","Barrage+1","Conserve Battery+1","Hologram+1","Decay","Redo+1"],"special_seed":0,"relics":["Cracked Core","PreservedInsect","Bronze Scales","Cursed Key","DollysMirror","Cables"],"potions_floor_usage":[],"damage_taken":[{"damage":9.0,"enemies":"Jaw Worm","floor":1.0,"turns":3.0},{"damage":11.0,"enemies":"2 Louse","floor":2.0,"turns":2.0},{"damage":1.0,"enemies":"Cultist","floor":3.0,"turns":3.0},{"damage":39.0,"enemies":"3 Sentries","floor":7.0,"turns":7.0},{"damage":22.0,"enemies":"Lots of Slimes","floor":11.0,"turns":2.0},{"damage":20.0,"enemies":"Large Slime","floor":14.0,"turns":4.0},{"damage":0.0,"enemies":"Slime Boss","floor":16.0,"turns":7.0},{"damage":15.0,"enemies":"2 Thieves","floor":18.0,"turns":3.0},{"damage":14.0,"enemies":"3 Byrds","floor":21.0,"turns":3.0},{"damage":8.0,"enemies":"Snake Plant","floor":22.0,"turns":4.0},{"damage":8.0,"enemies":"3 Cultists","floor":24.0,"turns":5.0},{"damage":3.0,"enemies":"Cultist and Chosen","floor":27.0,"turns":4.0},{"damage":8.0,"enemies":"Sentry and Sphere","floor":29.0,"turns":5.0},{"damage":19,"enemies":"Centurion and Healer","floor":30,"turns":7},{"damage":11,"enemies":"Snake Plant","floor":31,"turns":1}],"seed_played":"1651041703753333038","potions_obtained":[{"floor":2.0,"key":"EssenceOfSteel"},{"floor":3.0,"key":"SpeedPotion"},{"floor":11.0,"key":"Explosive Potion"},{"floor":14.0,"key":"SpeedPotion"},{"floor":21.0,"key":"Weak Potion"},{"floor":24.0,"key":"Dexterity Potion"}],"is_trial":false,"path_per_floor":["M","M","M","?","$","R","E","R","T","R","M","R","$","M","R","B",null,"M","$","$","M","M","R","M","?","T","M","R","M","M"],"character_chosen":"DEFECT","items_purchased":["Doom and Gloom","Capacitor","DollysMirror"],"campfire_rested":3,"item_purchase_floors":[5,13,19],"current_hp_per_floor":[59,48,47,65,65,65,26,26,26,48,26,48,48,28,28,28,63,48,48,48,34,26,48,40,40,40,37,37,29,10,0],"gold":110,"neow_bonus":"","is_prod":false,"is_daily":false,"chose_seed":false,"campfire_upgraded":4,"win_rate":0,"timestamp":1537281534,"path_taken":["M","M","M","?","$","R","E","R","T","R","M","R","$","M","R","BOSS","M","?","$","M","M","R","?","?","T","M","R","?","M","M"],"build_version":"2018-09-06","purchased_purges":0,"victory":false,"max_hp_per_floor":[75,75,75,75,75,75,75,75,75,75,75,75,75,75,75,75,75,75,75,75,75,75,75,75,75,75,75,75,75,75,75],"card_choices":[{"not_picked":["Rebound","Gash"],"picked":"Darkness","floor":1.0},{"not_picked":["Streamline","Stack"],"picked":"Sweeping Beam","floor":2.0},{"not_picked":["Barrage","Turbo","Recycle"],"picked":"SKIP","floor":3.0},{"not_picked":["Hello World","Cold Snap"],"picked":"Barrage","floor":7.0},{"not_picked":["Barrage","Redo"],"picked":"Conserve Battery","floor":11.0},{"not_picked":["FTL","Scrape"],"picked":"Rainbow","floor":14.0},{"not_picked":["Machine Learning","Meteor Strike"],"picked":"Rainbow","floor":16.0},{"not_picked":["Streamline","Lockon"],"picked":"Ball Lightning+1","floor":18.0},{"not_picked":["Cold Snap+1","Steam"],"picked":"Conserve Battery+1","floor":21.0},{"not_picked":["Blizzard","Turbo","Leap"],"picked":"SKIP","floor":22.0},{"not_picked":["Beam Cell","Leap"],"picked":"Hologram+1","floor":24.0},{"not_picked":["Genetic Algorithm","Melter","All For One"],"picked":"SKIP","floor":27.0},{"not_picked":["Tempest+1","Capacitor"],"picked":"Redo+1","floor":29.0},{"not_picked":["Hologram","Coolheaded","Gash"],"picked":"SKIP","floor":30}],"player_experience":552496,"relics_obtained":[{"floor":7.0,"key":"PreservedInsect"},{"floor":9.0,"key":"Bronze Scales"},{"floor":26.0,"key":"Cables"}],"event_choices":[{"event_name":"The Cleric","player_choice":"Healed","floor":4.0,"damage_taken":0.0},{"event_name":"Beggar","player_choice":"Ignored","floor":25.0,"damage_taken":0.0}],"is_beta":false,"boss_relics":[{"not_picked":["Tiny House","Runic Pyramid"],"picked":"Cursed Key"}],"items_purged_floors":[],"is_endless":false,"potions_floor_spawned":[2,3,11,14,21,24],"killed_by":"Snake Plant","ascension_level":10}