{"path_per_floor":["M","$","M","M","?","E","R","M","T","R","M","$","M","M","R","B",null,"M","?","$","?","T","R","M","R","T","M","$"],"character_chosen":"DEFECT","items_purchased":["Dramatic Entrance","Vajra","Beam Cell","Genetic Algorithm","Whetstone","All For One"],"gold_per_floor":[119,20,36,52,227,258,258,274,322,322,341,90,105,116,116,221,221,241,241,56,56,56,56,66,66,66,86,15,15],"floor_reached":29,"campfire_rested":3,"playtime":857,"current_hp_per_floor":[74,74,66,54,54,20,42,39,39,39,33,33,26,26,48,18,75,69,53,53,53,53,53,31,53,53,35,35,0],"items_purged":["Doubt"],"gold":15,"score":225,"play_id":"87e95ca0-4624-43b7-9d46-01abe7ce4a90","local_time":"20180429172002","is_prod":false,"is_daily":false,"chose_seed":false,"is_ascension_mode":false,"campfire_upgraded":2,"timestamp":1525036802,"path_taken":["M","?","M","?","?","E","R","M","T","R","M","$","M","M","R","BOSS","M","?","$","?","?","R","M","R","T","?","$","M"],"build_version":"2018-04-27v3","seed_source_timestamp":0,"purchased_purges":1,"victory":false,"master_deck":["Strike_B","Strike_B+1","Strike_B","Strike_B","Defend_B","Defend_B","Defend_B","Defend_B","Zap+1","Dualcast","Hologram","Dramatic Entrance+1","Tempest","Streamline","Sweeping Beam","Machine Learning+1","Beam Cell","Echo Form+1","Necronomicurse","Genetic Algorithm+1","Doom and Gloom","All For One"],"max_hp_per_floor":[75,75,75,75,75,75,75,75,75,75,75,75,75,75,75,75,75,75,75,75,75,75,75,75,75,75,75,75,75],"relics":["Velvet Choker","Frozen Egg 2","Oddly Smooth Stone","Vajra","Inserter","Necronomicon","Whetstone","Mummified Hand","Toxic Egg 2"],"card_choices":[{"not_picked":["Stack","Cold Snap"],"picked":"Hologram","floor":1.0},{"not_picked":["Leap","Axe Kick"],"picked":"Tempest","floor":3.0},{"not_picked":["Turbo","Sweeping Beam"],"picked":"Streamline","floor":4.0},{"not_picked":["Impulse","Blizzard"],"picked":"Sweeping Beam","floor":6},{"not_picked":["Skim","Hologram"],"picked":"Machine Learning","floor":8},{"not_picked":["Creative AI","Amplify"],"picked":"Echo Form","floor":16},{"not_picked":["Rebound","Sweeping Beam"],"picked":"Doom and Gloom","floor":24}],"player_experience":23252,"potions_floor_usage":[16,18,18],"damage_taken":[{"damage":1.0,"enemies":"Cultist","floor":1.0,"turns":4.0},{"damage":8.0,"enemies":"Jaw Worm","floor":3.0,"turns":3.0},{"damage":12.0,"enemies":"Small Slimes","floor":4.0,"turns":3.0},{"damage":34,"enemies":"Gremlin Nob","floor":6,"turns":4},{"damage":3,"enemies":"Red Slaver","floor":8,"turns":3},{"damage":6,"enemies":"Looter","floor":11,"turns":3},{"damage":7,"enemies":"Blue Slaver","floor":13,"turns":3},{"damage":0,"enemies":"Exordium Wildlife","floor":14,"turns":2},{"damage":30,"enemies":"Hexaghost","floor":16,"turns":6},{"damage":6,"enemies":"Spheric Guardian","floor":18,"turns":4},{"damage":22,"enemies":"2 Thieves","floor":24,"turns":4},{"damage":18,"enemies":"Snecko","floor":27,"turns":4},{"damage":40,"enemies":"Slaver and Parasite","floor":29,"turns":4}],"event_choices":[{"event_name":"Liars Game","player_choice":"agreed","floor":5,"damage_taken":0},{"event_name":"Cursed Tome","player_choice":"Obtained Book","floor":19,"damage_taken":0},{"event_name":"Drug Dealer","player_choice":"Ignored","floor":21,"damage_taken":0}],"boss_relics":[{"not_picked":["Astrolabe","Black Star"],"picked":"Inserter"}],"potions_floor_spawned":[6,11,13,16],"seed_played":"4911946122338985673","killed_by":"Slaver and Parasite","ascension_level":0,"is_trial":false}