{"path_per_floor":["M","?","M","$","M","R","E","R","T","?","R","M","$","E","R","B",null,"M","T","?","M","M","R","M","?","T","M","E","$","?","M","R"],"character_chosen":"IRONCLAD","items_purchased":["Flex","Twin Strike","Whetstone","Thunderclap"],"gold_per_floor":[111,111,126,57,75,75,101,101,124,189,189,207,34,69,69,166,196,206,206,129,139,151,151,164,164,164,176,205,130,130,146,146,146],"floor_reached":33,"campfire_rested":1,"playtime":878,"item_purchase_floors":[4,4,13,13],"current_hp_per_floor":[79,63,63,63,63,63,57,57,57,57,57,57,57,57,57,57,85,79,79,79,76,73,73,44,44,44,41,20,20,20,17,42,0],"items_purged":["Decay"],"gold":146,"score":385,"play_id":"06f5cf35-5604-4024-9baa-c1cf6ceda4f3","local_time":"20180607073633","is_prod":false,"is_daily":false,"chose_seed":false,"is_ascension_mode":true,"campfire_upgraded":5,"win_rate":0,"timestamp":1528371393,"campfire_choices":[{"data":"Flex","floor":6,"key":"SMITH"},{"data":"Flex","floor":8,"key":"SMITH"},{"data":"Rampage","floor":11,"key":"SMITH"},{"data":"Heavy Blade","floor":15,"key":"SMITH"},{"data":"J.A.X.","floor":23,"key":"SMITH"},{"floor":32,"key":"REST"}],"path_taken":["M","?","M","$","M","R","E","R","T","?","R","?","$","E","R","BOSS","M","?","?","M","?","R","M","?","T","?","E","$","?","M","R","BOSS"],"build_version":"2018-06-06","seed_source_timestamp":45934781919909,"purchased_purges":1,"victory":false,"master_deck":["Strike_R+1","Strike_R","Strike_R+1","Strike_R","Strike_R","Defend_R","Defend_R","Defend_R","Defend_R","Bash+1","Rampage+1","Flex+1","Twin Strike+1","Flex+1","Cleave+1","Thunderclap","Heavy Blade+1","Impervious","Armaments","J.A.X.+1","Shrug It Off","Battle Trance","Iron Wave"],"max_hp_per_floor":[80,80,80,80,80,80,80,80,80,80,80,80,80,80,80,80,85,85,85,85,85,85,85,85,85,85,85,85,85,85,85,85,85],"relics":["Sozu","Ancient Tea Set","Bag of Preparation","Whetstone","Gremlin Horn","Tiny House","Centennial Puzzle","Mummified Hand","Bronze Scales"],"card_choices":[{"not_picked":["Carnage","Clash"],"picked":"Rampage","floor":1},{"not_picked":["Armaments","True Grit","Rampage"],"picked":"SKIP","floor":3},{"not_picked":["Heavy Blade","Clash"],"picked":"Flex","floor":5},{"not_picked":["Burning Pact","Clothesline"],"picked":"Cleave","floor":7},{"not_picked":["True Grit","Anger","Armaments"],"picked":"SKIP","floor":12},{"not_picked":["Searing Blow","Double Tap"],"picked":"Heavy Blade","floor":14},{"not_picked":["Demon Form","Reaper"],"picked":"Impervious","floor":16},{"not_picked":["Body Slam","Reckless Charge+1"],"picked":"Armaments","floor":18},{"not_picked":["Sword Boomerang","Feel No Pain"],"picked":"Shrug It Off","floor":21},{"not_picked":["Cleave","Sever Soul","Flame Barrier"],"picked":"SKIP","floor":22},{"not_picked":["Perfected Strike","True Grit"],"picked":"Battle Trance","floor":24},{"not_picked":["Perfected Strike","Reckless Charge","Combust+1"],"picked":"SKIP","floor":27},{"not_picked":["Reckless Charge","Searing Blow"],"picked":"Iron Wave","floor":28},{"not_picked":["Feel No Pain","Burning Pact","Anger"],"picked":"SKIP","floor":31}],"player_experience":156488,"potions_floor_usage":[],"damage_taken":[{"damage":1,"enemies":"Cultist","floor":1,"turns":3},{"damage":0,"enemies":"Jaw Worm","floor":3,"turns":2},{"damage":0,"enemies":"2 Louse","floor":5,"turns":2},{"damage":6,"enemies":"3 Sentries","floor":7,"turns":7},{"damage":0,"enemies":"Exordium Wildlife","floor":12,"turns":1},{"damage":0,"enemies":"Gremlin Nob","floor":14,"turns":2},{"damage":0,"enemies":"Slime Boss","floor":16,"turns":2},{"damage":6,"enemies":"2 Thieves","floor":18,"turns":3},{"damage":3,"enemies":"Chosen","floor":21,"turns":2},{"damage":3,"enemies":"Snecko","floor":22,"turns":2},{"damage":29,"enemies":"Snake Plant","floor":24,"turns":4},{"damage":3,"enemies":"Centurion and Healer","floor":27,"turns":4},{"damage":21,"enemies":"Slavers","floor":28,"turns":2},{"damage":3,"enemies":"3 Cultists","floor":31,"turns":3},{"damage":63,"enemies":"Automaton","floor":33,"turns":6}],"relics_obtained":[{"floor":7,"key":"Ancient Tea Set"},{"floor":9,"key":"Bag of Preparation"},{"floor":14,"key":"Gremlin Horn"},{"floor":19,"key":"Centennial Puzzle"},{"floor":26,"key":"Mummified Hand"},{"floor":28,"key":"Bronze Scales"}],"event_choices":[{"event_name":"Shining Light","player_choice":"Entered Light","floor":2,"damage_taken":0},{"event_name":"Golden Wing","player_choice":"Gained Gold","floor":10,"damage_taken":0},{"event_name":"Drug Dealer","player_choice":"Got JAXXED","floor":20,"damage_taken":0},{"event_name":"Forgotten Altar","player_choice":"Smashed Altar","floor":25,"damage_taken":0},{"event_name":"Beggar","player_choice":"Ignored","floor":30,"damage_taken":0}],"boss_relics":[{"not_picked":["Orrery","Astrolabe"],"picked":"Tiny House"}],"items_purged_floors":[29],"potions_floor_spawned":[1,3,16,27,28],"seed_played":"-3792212308115650283","killed_by":"Automaton","ascension_level":2,"potions_obtained":[],"is_trial":false}