{"path_per_floor":["M","M","M","?","$","E","R","?","T","M","M","R","M","M","R","B",null,"M","?","M","M","M","R","?","M","T","R","M"],"character_chosen":"IRONCLAD","items_purchased":["Power Through","Dual Wield"],"gold_per_floor":[116,129,141,141,23,50,50,50,50,64,82,82,102,115,115,217,217,234,234,254,266,283,283,208,227,297,297,309],"floor_reached":29,"campfire_rested":1,"playtime":1972,"current_hp_per_floor":[75,77,73,73,73,50,50,90,90,90,90,90,90,83,83,23,90,87,87,84,58,42,42,42,8,8,35,7],"items_purged":[],"gold":309,"play_id":"18f522bc-812d-4ce3-ad9c-b421d2c398f6","is_prod":false,"is_daily":false,"campfire_rituals":0,"campfire_upgraded":4,"is_hardmode":false,"path_taken":["M","M","M","?","$","E","R","?","T","M","M","R","M","M","R","BOSS","M","?","M","M","M","R","?","M","T","R","M","M"],"build_version":"2018-01-11-PROD2","purchased_purges":0,"victory":false,"master_deck":["Strike_R","Strike_R","Strike_R","Strike_R","Strike_R","Defend_R","Defend_R","Bash","Offering","Thunderclap","Evolve","Cleave","Power Through","Dual Wield","Iron Wave","Wild Strike","Sentinel","Rampage","Immolate","Pommel Strike","Intimidate","Clash","Clash","Immolate"],"max_hp_per_floor":[80,80,80,80,80,80,80,90,90,90,90,90,90,90,90,90,90,90,90,90,90,90,90,90,90,90,90,90],"relics":["Burning Blood","Happy Flower","Calipers","Question Card","Vajra","Pantograph"],"campfire_meditates":0,"card_choices":[{"not_picked":["Heavy Blade","Bloodletting"],"picked":"Thunderclap"},{"not_picked":["Whirlwind","Headbutt"],"picked":"Evolve"},{"not_picked":["Warcry","Flame Barrier"],"picked":"Reaper"},{"not_picked":["Havoc","Uppercut"],"picked":"Iron Wave"},{"not_picked":["Second Wind","Evolve"],"picked":"Wild Strike"},{"not_picked":["Pommel Strike","Flex"],"picked":"Sentinel"},{"not_picked":["Warcry","Intimidate"],"picked":"Rampage"},{"not_picked":["Dark Embrace","Impervious"],"picked":"Immolate"},{"not_picked":["Sword Boomerang","Disarm","Fire Breathing"],"picked":"Pommel Strike"},{"not_picked":["Twin Strike","Iron Wave","Fire Breathing"],"picked":"Intimidate"},{"not_picked":["Fire Breathing","Warcry","Pommel Strike"],"picked":"Clash"},{"not_picked":["Second Wind","Heavy Blade","Sword Boomerang"],"picked":"Clash"},{"not_picked":["Havoc","Perfected Strike","Armaments"],"picked":"Immolate"}],"player_experience":37653,"potions_floor_usage":[18,20,21,22,25],"damage_taken":[{"damage":11,"enemies":"Blue Slaver","floor":1,"turns":2},{"damage":4,"enemies":"Small Slimes","floor":2,"turns":2},{"damage":10,"enemies":"Jaw Worm","floor":3,"turns":2},{"damage":37,"enemies":"3 Sentries","floor":6,"turns":6},{"damage":4,"enemies":"Lots of Slimes","floor":10,"turns":3},{"damage":4,"enemies":"Large Slime","floor":11,"turns":4},{"damage":5,"enemies":"Exordium Wildlife","floor":13,"turns":2},{"damage":13,"enemies":"Red Slaver","floor":14,"turns":3},{"damage":66,"enemies":"The Guardian","floor":16,"turns":9},{"damage":9,"enemies":"3 Byrds","floor":18,"turns":5},{"damage":9,"enemies":"Spheric Guardian","floor":20,"turns":4},{"damage":32,"enemies":"Centurion and Healer","floor":21,"turns":5},{"damage":31,"enemies":"Snake Plant","floor":22,"turns":4},{"damage":40,"enemies":"Slaver and Parasite","floor":25,"turns":7},{"damage":34,"enemies":"Chosen and Byrds","floor":28,"turns":5},{"damage":13,"enemies":"3 Cultists","floor":29,"turns":3}],"event_choices":[{"event_name":"Living Wall","player_choice":"Change","floor":4,"damage_taken":0},{"event_name":"Bonfire Elementals","player_choice":"RARE","floor":8,"damage_taken":0},{"event_name":"The Mausoleum","player_choice":"Yes","floor":19,"damage_taken":0},{"event_name":"Beggar","player_choice":"Gave Gold","floor":24,"damage_taken":0}],"boss_relics":[{"not_picked":["Runic Dome","Lizard Tail"],"picked":"Question Card"}],"potions_floor_spawned":[6,10,11,13,16,18,20,25],"seed_played":"3237948684178708152","killed_by":"3 Cultists","is_trial":false}