{"gold_per_floor":[116,116,32,32,50,84,102,102,176,251,251,262,262,262,262,362,362,374,374,8,8,21,21,48,48,48,24,24],"floor_reached":28,"playtime":1016,"items_purged":[],"score":257,"play_id":"37845f42-4d35-40fc-a4fd-c77c98660a20","local_time":"20190427150913","is_ascension_mode":false,"campfire_choices":[{"floor":8,"key":"REST"},{"data":"Dramatic Entrance","floor":11,"key":"SMITH"},{"data":"Rip and Tear","floor":13,"key":"SMITH"},{"floor":15,"key":"REST"},{"floor":23,"key":"REST"}],"neow_cost":"NONE","seed_source_timestamp":1454234894518200,"circlet_count":0,"master_deck":["Strike_B","Strike_B","Strike_B","Strike_B","Defend_B","Defend_B","Defend_B","Zap","Dualcast","Redo","Dramatic Entrance+1","Doom and Gloom","Compile Driver","Cold Snap","Rip and Tear+1","Creative AI","Storm+1","Writhe","The Bomb","Steam","Gash+1","Beam Cell","Go for the Eyes"],"relics":["Cracked Core","Strawberry","Mercury Hourglass","Eternal Feather","Darkstone Periapt","Bag of Marbles","Vajra","Happy Flower"],"potions_floor_usage":[24,28,28,28],"damage_taken":[{"damage":7,"enemies":"Small Slimes","floor":1,"turns":2},{"damage":13,"enemies":"Jaw Worm","floor":5,"turns":3},{"damage":16,"enemies":"Lagavulin","floor":6,"turns":5},{"damage":0,"enemies":"2 Louse","floor":7,"turns":1},{"damage":10,"enemies":"Exordium Wildlife","floor":12,"turns":2},{"damage":59,"enemies":"The Guardian","floor":16,"turns":8},{"damage":26,"enemies":"Spheric Guardian","floor":18,"turns":4},{"damage":21,"enemies":"Shell Parasite","floor":22,"turns":4},{"damage":88,"enemies":"Book of Stabbing","floor":24,"turns":6},{"damage":16,"enemies":"Gremlin Leader","floor":28,"turns":2}],"seed_played":"7813038662459678311","potions_obtained":[{"floor":5,"key":"FearPotion"},{"floor":7,"key":"Regen Potion"},{"floor":16,"key":"LiquidBronze"},{"floor":24,"key":"Block Potion"}],"is_trial":false,"path_per_floor":["M","?","$","?","M","E","M","R","T","?","R","M","R","?","R","B",null,"M","?","$","?","M","R","E","?","T","$","E"],"character_chosen":"DEFECT","items_purchased":["Dramatic Entrance","The Bomb","Bag of Marbles","Steam","Go for the Eyes"],"campfire_rested":3,"item_purchase_floors":[3,20,20,20,27],"current_hp_per_floor":[75,75,75,68,55,46,46,72,72,61,61,51,51,51,77,18,89,63,69,69,69,48,88,9,9,9,9,0],"gold":24,"neow_bonus":"TEN_PERCENT_HP_BONUS","is_prod":false,"is_daily":false,"chose_seed":false,"campfire_upgraded":2,"win_rate":0.0,"timestamp":1556392153,"path_taken":["M","?","$","?","M","E","M","R","T","?","R","?","R","?","R","BOSS","M","?","$","?","?","R","E","?","T","?","E"],"build_version":"2019-01-23","purchased_purges":0,"victory":false,"max_hp_per_floor":[82,82,82,82,82,89,89,89,89,89,89,89,89,89,89,89,89,89,95,95,95,95,95,95,95,95,95,95],"card_choices":[{"not_picked":["Leap","Beam Cell"],"picked":"Redo","floor":1},{"not_picked":["Conserve Battery","Barrage"],"picked":"Doom and Gloom","floor":5},{"not_picked":["Heatsinks","Sweeping Beam"],"picked":"Compile Driver","floor":6},{"not_picked":["Redo","Skim"],"picked":"Cold Snap","floor":7},{"not_picked":["Scrape","Reprogram"],"picked":"Rip and Tear","floor":12},{"not_picked":["Multi-Cast","Thunder Strike"],"picked":"Creative AI","floor":16},{"not_picked":["Skim","Redo+1"],"picked":"Storm","floor":18},{"not_picked":["Coolheaded+1","Ball Lightning+1"],"picked":"Gash+1","floor":22},{"not_picked":["FTL","Redo"],"picked":"Beam Cell","floor":24}],"player_experience":5297,"relics_obtained":[{"floor":6,"key":"Strawberry"},{"floor":9,"key":"Mercury Hourglass"},{"floor":24,"key":"Vajra"},{"floor":26,"key":"Happy Flower"}],"event_choices":[{"damage_healed":0,"gold_gain":0,"player_choice":"Ignored","damage_taken":0,"max_hp_gain":0,"max_hp_loss":0,"event_name":"Liars Game","floor":2,"gold_loss":0},{"cards_removed":["Defend_B"],"damage_healed":0,"gold_gain":0,"player_choice":"Card Removal","damage_taken":7,"max_hp_gain":0,"max_hp_loss":0,"event_name":"Golden Wing","floor":4,"gold_loss":0},{"damage_healed":0,"gold_gain":75,"player_choice":"Gather Gold","damage_taken":11,"max_hp_gain":0,"max_hp_loss":0,"event_name":"World of Goop","floor":10,"gold_loss":0},{"cards_removed":["Strike_R"],"damage_healed":0,"gold_gain":0,"player_choice":"Took Card","damage_taken":0,"max_hp_gain":0,"max_hp_loss":0,"event_name":"NoteForYourself","floor":14,"gold_loss":0,"cards_obtained":["Strike_R"]},{"damage_healed":0,"gold_gain":0,"player_choice":"Opened","damage_taken":0,"relics_obtained":["Darkstone Periapt"],"max_hp_gain":0,"max_hp_loss":0,"event_name":"The Mausoleum","floor":19,"gold_loss":0,"cards_obtained":["Writhe"]},{"damage_healed":0,"gold_gain":0,"player_choice":"Got Potions","damage_taken":0,"max_hp_gain":0,"max_hp_loss":0,"event_name":"Lab","floor":21,"gold_loss":0},{"damage_healed":0,"gold_gain":0,"player_choice":"Upgraded","damage_taken":0,"max_hp_gain":0,"max_hp_loss":0,"event_name":"Upgrade Shrine","floor":25,"gold_loss":0,"cards_upgraded":["Storm"]}],"is_beta":false,"boss_relics":[{"not_picked":["Sozu","Velvet Choker"],"picked":"Eternal Feather"}],"items_purged_floors":[],"is_endless":false,"potions_floor_spawned":[5,7,16,24],"killed_by":"Gremlin Leader","ascension_level":0}