{"gold_per_floor":[109,126,201,126,144,144,158,158,229,252,265,165,40,56,56,56],"floor_reached":16,"playtime":349,"items_purged":["Strike_R","Defend_R","Strike_R"],"score":92,"play_id":"2a82f43f-54fe-4a75-a4bf-649006f1b915","local_time":"20180719204532","is_ascension_mode":false,"campfire_choices":[{"data":"Defend_R","floor":6,"key":"SMITH"},{"floor":15,"key":"REST"}],"neow_cost":"NONE","seed_source_timestamp":386723023811711,"circlet_count":0,"master_deck":["Strike_R","Defend_R+1","Defend_R","Defend_R","Bash","Metallicize"],"relics":["Burning Blood","Shuriken","Odd Mushroom"],"potions_floor_usage":[5,10,11,14],"damage_taken":[{"damage":6,"enemies":"Cultist","floor":1,"turns":3},{"damage":5,"enemies":"2 Louse","floor":2,"turns":3},{"damage":1,"enemies":"Jaw Worm","floor":5,"turns":3},{"damage":20,"enemies":"Looter","floor":7,"turns":3},{"damage":34,"floor":10,"turns":5},{"damage":8,"enemies":"Exordium Thugs","floor":11,"turns":5},{"damage":21,"enemies":"Large Slime","floor":14,"turns":9},{"damage":0,"enemies":"Hexaghost","floor":16,"turns":1}],"seed_played":"2730026390862717872","potions_obtained":[{"floor":1,"key":"SkillPotion"},{"floor":2,"key":"SkillPotion"},{"floor":10,"key":"Explosive Potion"},{"floor":11,"key":"Weak Potion"}],"is_trial":false,"path_per_floor":["M","M","?","$","M","R","M","?","T","?","M","$","$","M","R"],"character_chosen":"IRONCLAD","items_purchased":[],"campfire_rested":1,"item_purchase_floors":[],"current_hp_per_floor":[80,80,69,69,74,74,60,53,53,25,23,23,23,8,32,32],"gold":56,"neow_bonus":"REMOVE_CARD","is_prod":false,"is_daily":false,"chose_seed":false,"campfire_upgraded":1,"win_rate":0,"timestamp":1532004332,"path_taken":["M","?","?","?","M","R","M","?","T","?","M","?","$","M","R","BOSS"],"build_version":"2018-07-12","purchased_purges":3,"victory":false,"max_hp_per_floor":[80,80,80,80,80,80,80,80,80,80,80,80,80,80,80,80],"card_choices":[{"not_picked":["Rage","Iron Wave","Warcry"],"picked":"SKIP","floor":1},{"not_picked":["Anger","Whirlwind","Cleave"],"picked":"SKIP","floor":2},{"not_picked":["Burning Pact","Havoc","Cleave"],"picked":"SKIP","floor":5},{"not_picked":["Anger","Whirlwind","Burning Pact"],"picked":"SKIP","floor":7},{"not_picked":["Headbutt","True Grit"],"picked":"Metallicize","floor":10},{"not_picked":["Rampage","Whirlwind","Feel No Pain"],"picked":"SKIP","floor":11},{"not_picked":["Sword Boomerang","Pommel Strike","True Grit"],"picked":"SKIP","floor":14}],"player_experience":308254,"relics_obtained":[{"floor":9,"key":"Shuriken"},{"floor":10,"key":"Odd Mushroom"}],"event_choices":[{"event_name":"World of Goop","player_choice":"Gather Gold","floor":3,"damage_taken":0},{"event_name":"Golden Wing","player_choice":"Card Removal","floor":8,"damage_taken":0},{"event_name":"Mushrooms","player_choice":"Fought Mushrooms","floor":10,"damage_taken":0}],"boss_relics":[],"items_purged_floors":[4,12,13],"is_endless":false,"potions_floor_spawned":[1,2,10,11],"killed_by":"Hexaghost","ascension_level":0}