{"gold_per_floor":[110,124,135,135,154,154,229,229,229,117,130,142,171,187,187,290,290,310,310,310,330,346,375,395,405,405,405],"floor_reached":27,"playtime":1349,"items_purged":[],"score":239,"play_id":"8cd39f75-49a3-4a1f-a839-d32261889225","local_time":"20190504182438","is_ascension_mode":false,"campfire_choices":[{"data":"Body Slam","floor":6.0,"key":"SMITH"},{"data":"Rampage","floor":15.0,"key":"SMITH"}],"neow_cost":"NONE","seed_source_timestamp":2058166856650558,"circlet_count":0,"master_deck":["Strike_R+1","Strike_R+1","Strike_R+1","Strike_R+1","Strike_R+1","Defend_R+1","Defend_R+1","Defend_R+1","Defend_R+1","Bash","Disarm","Body Slam+1","Pommel Strike","Blood for Blood","Spot Weakness","Metallicize","Rampage+1","Shrug It Off","Heavy Blade","Fire Breathing","Berserk","Thunderclap","Cleave+1","Shrug It Off","Havoc","Rage","Doubt"],"special_seed":0,"relics":["Burning Blood","Vajra","Pantograph","Ancient Tea Set","Cursed Key","Molten Egg 2","Bottled Tornado"],"potions_floor_usage":[27,27,27,27,27],"damage_taken":[{"damage":6.0,"enemies":"Cultist","floor":1.0,"turns":3.0},{"damage":6.0,"enemies":"Jaw Worm","floor":2.0,"turns":3.0},{"damage":0.0,"enemies":"2 Louse","floor":3.0,"turns":4.0},{"damage":1.0,"enemies":"Exordium Wildlife","floor":5.0,"turns":3.0},{"damage":5.0,"enemies":"Lots of Slimes","floor":11.0,"turns":5.0},{"damage":2.0,"enemies":"Exordium Thugs","floor":12.0,"turns":4.0},{"damage":37.0,"enemies":"Lagavulin","floor":13.0,"turns":6.0},{"damage":18.0,"enemies":"Large Slime","floor":14.0,"turns":5.0},{"damage":16.0,"enemies":"The Guardian","floor":16.0,"turns":11.0},{"damage":15.0,"enemies":"Spheric Guardian","floor":18.0,"turns":3.0},{"damage":12.0,"enemies":"3 Byrds","floor":21.0,"turns":5.0},{"damage":40.0,"enemies":"Centurion and Healer","floor":22.0,"turns":6.0},{"damage":10.0,"enemies":"Slavers","floor":23.0,"turns":2.0},{"damage":5.0,"enemies":"Snake Plant","floor":24.0,"turns":2.0},{"damage":23.0,"enemies":"Sentry and Sphere","floor":25.0,"turns":6.0},{"damage":16,"enemies":"Centurion and Healer","floor":27,"turns":2}],"seed_played":"-4934012737812680412","potions_obtained":[{"floor":1.0,"key":"AttackPotion"},{"floor":5.0,"key":"Fire Potion"},{"floor":11.0,"key":"GamblersBrew"},{"floor":12.0,"key":"Poison Potion"},{"floor":14.0,"key":"EntropicBrew"},{"floor":22.0,"key":"EntropicBrew"},{"floor":24.0,"key":"Strength Potion"}],"is_trial":false,"path_per_floor":["M","M","M","?","M","R","?","$","T","$","M","M","E","M","R","B",null,"M","?","?","M","M","E","M","M","T","M"],"character_chosen":"IRONCLAD","items_purchased":["Spot Weakness","Metallicize"],"campfire_rested":0,"item_purchase_floors":[10,10],"current_hp_per_floor":[80,80,80,80,80,80,69,69,69,69,70,74,43,31,31,46,80,71,71,71,65,31,27,28,11,11,0],"gold":405,"neow_bonus":"RANDOM_COMMON_RELIC","is_prod":false,"is_daily":false,"chose_seed":false,"campfire_upgraded":2,"win_rate":0,"timestamp":1557012278,"path_taken":["M","?","M","?","M","R","?","$","T","$","M","M","E","M","R","BOSS","M","?","?","?","M","E","M","M","T","M"],"build_version":"2019-01-23","purchased_purges":0,"victory":false,"max_hp_per_floor":[80,80,80,80,80,80,80,80,80,80,80,80,80,80,80,80,80,80,80,80,80,80,80,80,80,80,80],"card_choices":[{"not_picked":["True Grit","Iron Wave"],"picked":"Disarm","floor":1.0},{"not_picked":["Warcry","Pummel"],"picked":"Body Slam","floor":2.0},{"not_picked":["Body Slam","Intimidate"],"picked":"Pommel Strike","floor":3.0},{"not_picked":["Hemokinesis","Clash"],"picked":"Blood for Blood","floor":5.0},{"not_picked":["Reckless Charge","Carnage"],"picked":"Rampage","floor":11.0},{"not_picked":["Clash","Flex"],"picked":"Shrug It Off","floor":12.0},{"not_picked":["Clash","Sword Boomerang"],"picked":"Heavy Blade","floor":13.0},{"not_picked":["Immolate","Hemokinesis"],"picked":"Fire Breathing","floor":14.0},{"not_picked":["Offering","Juggernaut"],"picked":"Berserk","floor":16.0},{"not_picked":["Combust","Flex+1"],"picked":"Thunderclap","floor":18.0},{"not_picked":["Clash","Twin Strike+1"],"picked":"Cleave+1","floor":21.0},{"not_picked":["Anger","Wild Strike","Flex"],"picked":"SKIP","floor":22.0},{"not_picked":["Reckless Charge+1","Warcry"],"picked":"Shrug It Off","floor":23.0},{"not_picked":["Flex","Reckless Charge+1"],"picked":"Havoc","floor":24.0},{"not_picked":["Corruption","Feel No Pain"],"picked":"Rage","floor":25.0}],"player_experience":263564,"relics_obtained":[{"floor":9.0,"key":"Pantograph"},{"floor":13.0,"key":"Ancient Tea Set"},{"floor":23.0,"key":"Molten Egg 2"},{"floor":26.0,"key":"Bottled Tornado"}],"event_choices":[{"damage_healed":0.0,"max_hp_gain":0.0,"max_hp_loss":0.0,"gold_gain":0.0,"event_name":"The Cleric","player_choice":"Leave","floor":4.0,"gold_loss":0.0,"damage_taken":0.0},{"damage_healed":0.0,"max_hp_gain":0.0,"max_hp_loss":0.0,"gold_gain":75.0,"event_name":"World of Goop","player_choice":"Gather Gold","floor":7.0,"gold_loss":0.0,"damage_taken":11.0},{"damage_healed":0.0,"max_hp_gain":0.0,"max_hp_loss":0.0,"gold_gain":0.0,"event_name":"Back to Basics","player_choice":"Simplicity","floor":19.0,"gold_loss":0.0,"damage_taken":0.0,"cards_upgraded":["Strike_R","Strike_R","Strike_R","Strike_R","Strike_R","Defend_R","Defend_R","Defend_R","Defend_R"]},{"damage_healed":0.0,"max_hp_gain":0.0,"max_hp_loss":0.0,"gold_gain":0.0,"event_name":"NoteForYourself","player_choice":"Ignored","floor":20.0,"gold_loss":0.0,"damage_taken":0.0}],"is_beta":false,"boss_relics":[{"not_picked":["Coffee Dripper","Orrery"],"picked":"Cursed Key"}],"items_purged_floors":[],"is_endless":false,"potions_floor_spawned":[1,5,11,12,14,22,24],"killed_by":"Centurion and Healer","ascension_level":0}