{"path_per_floor":["M","?","M","M","?","R","E","?","T","M","M","E","M","T","R","B",null,"M","?","M","$","M","E","R","E","T","M","?","R","?","M","R","B",null,"M","$","M","?","?","E","R","M","T","E","R","M","?","M","R","B"],"character_chosen":"DEFECT","items_purchased":["Strawberry","Rip and Tear","Defragment","Bandage Up","Bottled Lightning","Hologram"],"gold_per_floor":[111,111,131,145,145,145,170,170,170,186,211,247,267,318,318,449,449,474,474,486,146,166,197,197,230,305,317,317,317,317,328,328,423,423,433,44,64,114,114,144,144,164,164,193,193,207,207,217,217,217],"floor_reached":51,"campfire_rested":5,"playtime":2371,"current_hp_per_floor":[64,61,45,45,70,70,58,58,58,56,58,31,33,33,55,12,59,57,57,51,58,45,30,54,55,60,53,53,53,80,82,82,58,76,74,74,75,62,62,10,34,47,57,28,55,68,68,69,92,23],"items_purged":["Injury"],"gold":217,"score":1029,"play_id":"b32ab884-9571-4f47-a13f-352902bb8eb5","local_time":"20180514152432","is_prod":false,"is_daily":false,"chose_seed":false,"is_ascension_mode":true,"campfire_upgraded":3,"timestamp":1526325872,"path_taken":["M","?","?","M","?","R","E","?","T","M","M","E","M","?","R","BOSS","M","?","?","$","M","E","R","E","T","M","?","R","?","M","R","BOSS","M","$","?","?","?","E","R","M","T","E","R","M","?","?","R","BOSS"],"build_version":"2018-05-12v2","seed_source_timestamp":0,"purchased_purges":1,"victory":true,"master_deck":["Strike_B+1","Strike_B+1","Strike_B","Strike_B","Defend_B","Defend_B","Defend_B","Defend_B","Zap","Dualcast","Beam Cell+1","Chill+1","Sweeping Beam","Blizzard+1","Sweeping Beam+1","Streamline+1","Skim","Meteor Strike+1","Beam Cell+1","Turbo+1","Rip and Tear+1","Defragment+1","Coolheaded","Hologram+1","Biased Cognition","Tempest+1","Bandage Up+1","Hologram+1","Skim+1","Biased Cognition","Double Energy+1","Glacier+1"],"max_hp_per_floor":[75,75,75,75,75,75,75,75,75,75,75,75,75,75,75,75,75,75,75,75,82,82,82,82,82,82,82,82,82,82,82,82,82,82,82,82,82,82,82,82,82,82,92,92,92,92,92,92,92,92],"relics":["Nuclear Battery","Kunai","Blood Vial","Bloody Idol","Molten Egg 2","Matryoshka","Bronze Scales","Potion Belt","Sozu","Strawberry","Dodecahedron","Toxic Egg 2","Whetstone","Mercury Hourglass","Lizard Tail","Bottled Lightning","Gambling Chip","Ornamental Fan","Pear","Thread and Needle"],"card_choices":[{"not_picked":["Reprogram","Steam"],"picked":"Beam Cell","floor":1.0},{"not_picked":["Barrage","Coolheaded"],"picked":"Chill","floor":3.0},{"not_picked":["Capacitor","Beam Cell"],"picked":"Sweeping Beam","floor":4.0},{"not_picked":["Double Energy","Consume"],"picked":"Cold Snap","floor":7.0},{"not_picked":["Glacier","Defragment"],"picked":"Blizzard+1","floor":10.0},{"not_picked":["Lockon+1","Consume"],"picked":"Sweeping Beam+1","floor":11.0},{"not_picked":["Leap","Beam Cell+1"],"picked":"Streamline+1","floor":12.0},{"not_picked":["Turbo","Doom and Gloom+1"],"picked":"Skim","floor":13.0},{"not_picked":["Fission","Electrodynamics"],"picked":"Meteor Strike+1","floor":16.0},{"not_picked":["Gash+1","Go for the Eyes+1"],"picked":"Beam Cell+1","floor":18.0},{"not_picked":["Skim","Beam Cell+1"],"picked":"Turbo","floor":20.0},{"not_picked":["Tempest","Aggregate"],"picked":"Coolheaded","floor":22.0},{"not_picked":["Beam Cell+1","Sweeping Beam+1","Coolheaded"],"picked":"SKIP","floor":23.0},{"not_picked":["Tempest","Reprogram","Go for the Eyes+1"],"picked":"SKIP","floor":25.0},{"not_picked":["Barrage+1","Recycle+1"],"picked":"Hologram+1","floor":27.0},{"not_picked":["BootSequence+1","Lockon+1","Genetic Algorithm+1"],"picked":"SKIP","floor":31.0},{"not_picked":["Fission+1","Multi-Cast+1"],"picked":"Biased Cognition","floor":33.0},{"not_picked":["Go for the Eyes+1","Cold Snap+1"],"picked":"Tempest+1","floor":35.0},{"not_picked":["Tempest+1","Sweeping Beam+1","Blizzard+1"],"picked":"SKIP","floor":37.0},{"not_picked":["Rebound+1","Beam Cell+1"],"picked":"Skim+1","floor":38.0},{"not_picked":["Sweeping Beam+1","Beam Cell+1","Loop+1"],"picked":"SKIP","floor":40.0},{"not_picked":["Beam Cell+1","Consume+1","Reprogram+1"],"picked":"SKIP","floor":42.0},{"not_picked":["BootSequence+1","Beam Cell+1"],"picked":"Biased Cognition","floor":44.0},{"not_picked":["White Noise+1","Capacitor+1"],"picked":"Double Energy+1","floor":46.0},{"not_picked":["Streamline+1","Redo+1"],"picked":"Glacier+1","floor":48.0}],"player_experience":83200,"potions_floor_usage":[],"damage_taken":[{"damage":4.0,"enemies":"Small Slimes","floor":1.0,"turns":4.0},{"damage":16.0,"enemies":"Jaw Worm","floor":3.0,"turns":4.0},{"damage":0.0,"enemies":"Cultist","floor":4.0,"turns":4.0},{"damage":12.0,"enemies":"Lagavulin","floor":7.0,"turns":7.0},{"damage":4.0,"enemies":"Looter","floor":10.0,"turns":3.0},{"damage":0.0,"enemies":"Blue Slaver","floor":11.0,"turns":4.0},{"damage":29.0,"enemies":"Gremlin Nob","floor":12.0,"turns":3.0},{"damage":0.0,"enemies":"3 Louse","floor":13.0,"turns":2.0},{"damage":45.0,"enemies":"Slime Boss","floor":16.0,"turns":8.0},{"damage":4.0,"enemies":"Spheric Guardian","floor":18.0,"turns":3.0},{"damage":18.0,"enemies":"2 Thieves","floor":20.0,"turns":3.0},{"damage":20.0,"enemies":"Snake Plant","floor":22.0,"turns":3.0},{"damage":31.0,"enemies":"Book of Stabbing","floor":23.0,"turns":4.0},{"damage":6.0,"enemies":"Gremlin Leader","floor":25.0,"turns":4.0},{"damage":14.0,"enemies":"Centurion and Healer","floor":27.0,"turns":3.0},{"damage":4.0,"enemies":"3 Cultists","floor":31.0,"turns":4.0},{"damage":29.0,"enemies":"Collector","floor":33.0,"turns":6.0},{"damage":9.0,"enemies":"3 Darklings","floor":35.0,"turns":3.0},{"damage":6.0,"enemies":"Orb Walker","floor":37.0,"turns":2.0},{"damage":20.0,"enemies":"Mysterious Sphere","floor":38.0,"turns":4.0},{"damage":65.0,"enemies":"Giant Head","floor":40.0,"turns":7.0},{"damage":0.0,"enemies":"Spire Growth","floor":42.0,"turns":3.0},{"damage":42.0,"enemies":"Nemesis","floor":44.0,"turns":5.0},{"damage":0.0,"enemies":"Maw","floor":46.0,"turns":5.0},{"damage":6.0,"enemies":"Sphere and 2 Shapes","floor":48.0,"turns":3.0},{"damage":129,"enemies":"Time Eater","floor":50,"turns":12}],"event_choices":[{"event_name":"Scrap Ooze","player_choice":"success","floor":2.0,"damage_taken":3.0},{"event_name":"Big Fish","player_choice":"Banana","floor":5.0,"damage_taken":0.0},{"event_name":"Golden Idol","player_choice":"Take Wound","floor":8.0,"damage_taken":0.0},{"event_name":"Forgotten Altar","player_choice":"Gave Idol","floor":19.0,"damage_taken":0.0},{"event_name":"Upgrade Shrine","player_choice":"Upgraded","floor":28.0,"damage_taken":0.0},{"event_name":"The Library","player_choice":"Heal","floor":30.0,"damage_taken":0.0},{"event_name":"Mysterious Sphere","player_choice":"Fight","floor":38.0,"damage_taken":0.0},{"event_name":"The Lab","player_choice":"Got Potions","floor":39.0,"damage_taken":0.0}],"boss_relics":[],"potions_floor_spawned":[1,4,11,12,13,16,23,31,33,35,37,42,44,46],"seed_played":"5704425249216168261","ascension_level":7,"is_trial":false}