{"gold_per_floor":[119,130,146,162,180,180,511,511,536,536,556,571,571,571,571,696,696,685,279,188,213,213],"floor_reached":22,"playtime":804,"items_purged":["Injury"],"score":244,"play_id":"8e620ac2-e0b3-49e2-9e13-bd9e94d21879","local_time":"20180911073148","is_ascension_mode":true,"campfire_choices":[{"data":"Streamline","floor":6,"key":"SMITH"},{"data":"Hologram","floor":13,"key":"SMITH"},{"floor":15,"key":"REST"}],"neow_cost":"","seed_source_timestamp":954529687388267,"circlet_count":0,"master_deck":["Strike_B","Strike_B","Strike_B","Strike_B","Defend_B","Defend_B","Defend_B","Defend_B","Zap","Dualcast","Streamline+1","Turbo","Hologram+1","Hologram","Coolheaded","Chill","Self Repair","Glacier","Electrodynamics","Flash of Steel","Double Energy","Impatience"],"relics":["Cracked Core","Old Coin","Blood Vial","Golden Idol","Bag of Marbles","Busted Crown","Regal Pillow"],"potions_floor_usage":[5,5,7,16,16,22,22],"damage_taken":[{"damage":6,"enemies":"Jaw Worm","floor":1,"turns":4},{"damage":3,"enemies":"Small Slimes","floor":2,"turns":2},{"damage":2,"enemies":"2 Louse","floor":3,"turns":2},{"damage":6,"enemies":"Looter","floor":4,"turns":2},{"damage":4,"enemies":"Red Slaver","floor":5,"turns":2},{"damage":7,"enemies":"Gremlin Nob","floor":7,"turns":3},{"damage":5,"enemies":"2 Fungi Beasts","floor":11,"turns":3},{"damage":8,"enemies":"Blue Slaver","floor":12,"turns":2},{"damage":14,"enemies":"Slime Boss","floor":16,"turns":9},{"damage":1,"enemies":"2 Thieves","floor":18,"turns":4},{"damage":12,"enemies":"Shell Parasite","floor":21,"turns":6},{"damage":17,"enemies":"Colosseum Slavers","floor":22,"turns":3},{"damage":75,"enemies":"Colosseum Nobs","floor":22,"turns":4}],"seed_played":"-3842747718648728647","potions_obtained":[{"floor":2,"key":"EntropicBrew"},{"floor":11,"key":"Explosive Potion"},{"floor":12,"key":"SkillPotion"},{"floor":16,"key":"Poison Potion"}],"is_trial":false,"path_per_floor":["M","M","M","M","M","R","E","?","T","?","M","M","R","?","R","B",null,"M","$","$","M"],"character_chosen":"DEFECT","items_purchased":["Regal Pillow","Flash of Steel","Double Energy","Impatience"],"campfire_rested":1,"item_purchase_floors":[19,19,19,20],"current_hp_per_floor":[62,59,57,51,47,47,40,40,40,40,37,31,31,24,46,41,67,68,68,68,65,0],"gold":213,"neow_bonus":"","is_prod":false,"is_daily":false,"chose_seed":false,"campfire_upgraded":2,"win_rate":0,"timestamp":1536665508,"path_taken":["M","M","M","M","M","R","E","?","T","?","M","?","R","?","R","BOSS","M","?","$","M","?"],"build_version":"2018-09-06","purchased_purges":1,"victory":false,"max_hp_per_floor":[75,75,75,75,75,75,75,75,75,75,75,75,75,75,75,75,75,75,75,75,75,75],"card_choices":[{"not_picked":["Turbo","Steam"],"picked":"Streamline","floor":1},{"not_picked":["Undo","Capacitor"],"picked":"Turbo","floor":2},{"not_picked":["Cold Snap","Go for the Eyes"],"picked":"Hologram","floor":3},{"not_picked":["Cold Snap","Capacitor"],"picked":"Hologram","floor":4},{"not_picked":["Go for the Eyes","Compile Driver"],"picked":"Coolheaded","floor":5},{"not_picked":["Hello World","Stack"],"picked":"Chill","floor":7},{"not_picked":["Doom and Gloom","Auto Shields"],"picked":"Self Repair","floor":11},{"not_picked":["FTL","Aggregate"],"picked":"Glacier","floor":12},{"not_picked":["Amplify","Hyperbeam"],"picked":"Electrodynamics","floor":16},{"not_picked":["Streamline"],"picked":"SKIP","floor":18},{"not_picked":["Go for the Eyes"],"picked":"SKIP","floor":21}],"player_experience":517475,"relics_obtained":[{"floor":7,"key":"Old Coin"},{"floor":9,"key":"Blood Vial"}],"event_choices":[{"event_name":"Liars Game","player_choice":"disagreed","floor":8,"damage_taken":0},{"event_name":"Golden Idol","player_choice":"Take Wound","floor":10,"damage_taken":0},{"event_name":"Scrap Ooze","player_choice":"success","floor":14,"damage_taken":7},{"event_name":"Colosseum","player_choice":"Fight","floor":22,"damage_taken":0},{"event_name":"Colosseum","player_choice":"Fought Nobs","floor":22,"damage_taken":0}],"is_beta":false,"boss_relics":[{"not_picked":["Calling Bell","Cursed Key"],"picked":"Busted Crown"}],"items_purged_floors":[19],"is_endless":false,"potions_floor_spawned":[2,11,12,16],"killed_by":"Colosseum Nobs","ascension_level":6}