{"gold_per_floor":[119,138,71,71,89,120,130,130,201,230,240,259,534,554,554,654,654,639,657,20,32,45,45,73,93,93,93,117,117,136,136],"floor_reached":31,"playtime":1781,"items_purged":["Regret"],"score":271,"play_id":"5039eab2-79c6-4a4a-82d1-892aa878dd33","local_time":"20190318102213","is_ascension_mode":false,"campfire_choices":[{"data":"Accuracy","floor":8,"key":"SMITH"},{"floor":15,"key":"REST"},{"floor":23,"key":"REST"},{"floor":27,"key":"REST"}],"neow_cost":"NONE","seed_source_timestamp":436601179175568,"circlet_count":0,"master_deck":["Defend_G","Defend_G","Defend_G","Defend_G","Defend_G","Strike_G","Strike_G","Strike_G","Strike_G","Strike_G","Survivor","Neutralize","Choke","Accuracy+1","Blur","Infinite Blades","Blade Dance","Cloak And Dagger","Endless Agony","Noxious Fumes","Cloak And Dagger","Dagger Throw","Envenom","Noxious Fumes","Outmaneuver","Accuracy","Deadly Poison","Caltrops+1","Prepared+1","Accuracy+1","Tactician+1"],"relics":["Ring of the Snake","NeowsBlessing","FossilizedHelix","Kunai","Smiling Mask","Black Star","Tiny Chest","Toolbox","Vajra","Bag of Preparation","Centennial Puzzle","Toxic Egg 2","Boot","MutagenicStrength"],"potions_floor_usage":[10,14,16,18,22,24,31,31],"damage_taken":[{"damage":0,"enemies":"Cultist","floor":1,"turns":1},{"damage":0,"enemies":"Small Slimes","floor":2,"turns":1},{"damage":0,"enemies":"Jaw Worm","floor":5,"turns":1},{"damage":24,"enemies":"Lagavulin","floor":6,"turns":9},{"damage":0,"enemies":"Large Slime","floor":7,"turns":6},{"damage":11,"enemies":"Gremlin Nob","floor":10,"turns":4},{"damage":9,"enemies":"2 Fungi Beasts","floor":11,"turns":3},{"damage":0,"enemies":"Blue Slaver","floor":12,"turns":4},{"damage":2,"enemies":"Exordium Thugs","floor":14,"turns":3},{"damage":7,"enemies":"Slime Boss","floor":16,"turns":8},{"damage":14,"enemies":"2 Thieves","floor":18,"turns":4},{"damage":16,"enemies":"Chosen","floor":19,"turns":5},{"damage":11,"enemies":"Sentry and Sphere","floor":21,"turns":5},{"damage":7,"enemies":"Snake Plant","floor":22,"turns":4},{"damage":25,"enemies":"Book of Stabbing","floor":24,"turns":5},{"damage":0,"enemies":"Chosen and Byrds","floor":25,"turns":4},{"damage":25,"enemies":"3 Cultists","floor":30,"turns":5},{"damage":22,"enemies":"Gremlin Leader","floor":31,"turns":5}],"seed_played":"-4940787148126121507","potions_obtained":[{"floor":5,"key":"Weak Potion"},{"floor":10,"key":"LiquidBronze"},{"floor":12,"key":"Energy Potion"},{"floor":14,"key":"Explosive Potion"},{"floor":16,"key":"FearPotion"},{"floor":24,"key":"Weak Potion"},{"floor":30,"key":"Swift Potion"}],"is_trial":false,"path_per_floor":["M","M","$","?","M","E","M","R","T","E","M","M","?","M","R","B",null,"M","M","$","M","M","R","E","M","T","R","T","?","M","E"],"character_chosen":"THE_SILENT","items_purchased":["Accuracy","Tiny Chest","Toolbox","Vajra","PowerPotion","Accuracy"],"campfire_rested":3,"item_purchase_floors":[3,20,20,20,20,20],"current_hp_per_floor":[70,70,70,70,70,46,46,46,46,35,26,26,26,24,45,38,70,56,40,40,29,22,43,18,18,18,39,39,39,14,0],"gold":136,"neow_bonus":"THREE_ENEMY_KILL","is_prod":false,"is_daily":false,"chose_seed":false,"campfire_upgraded":1,"win_rate":0.0,"timestamp":1552929733,"path_taken":["M","?","$","?","?","E","M","R","T","E","M","M","?","?","R","BOSS","M","M","$","M","M","R","E","M","T","R","?","?","?","E"],"build_version":"2019-01-23","purchased_purges":1,"victory":false,"max_hp_per_floor":[70,70,70,70,70,70,70,70,70,70,70,70,70,70,70,70,70,70,70,70,70,70,70,70,70,70,70,70,70,70,70],"card_choices":[{"not_picked":["Backflip","Escape Plan"],"picked":"Deflect","floor":1},{"not_picked":["Terror","All Out Attack"],"picked":"Choke","floor":2},{"not_picked":["PiercingWail","Flying Knee"],"picked":"Infinite Blades","floor":5},{"not_picked":["Quick Slash","Sucker Punch"],"picked":"Blade Dance","floor":6},{"not_picked":["Bane","Blur"],"picked":"Cloak And Dagger","floor":7},{"not_picked":["Slice","Dagger Spray"],"picked":"Endless Agony","floor":10},{"not_picked":["Underhanded Strike","Backflip"],"picked":"Noxious Fumes","floor":11},{"not_picked":["Prepared","Unload"],"picked":"Cloak And Dagger","floor":12},{"not_picked":["Choke","Expertise"],"picked":"Dagger Throw","floor":14},{"not_picked":["Night Terror","Bullet Time"],"picked":"Envenom","floor":16},{"not_picked":["Dagger Throw","Caltrops"],"picked":"Noxious Fumes","floor":18},{"not_picked":["Backflip+1","Dagger Spray"],"picked":"Outmaneuver","floor":19},{"not_picked":["Escape Plan","Sucker Punch"],"picked":"Deadly Poison","floor":21},{"not_picked":["Masterful Stab","Predator"],"picked":"Caltrops+1","floor":22},{"not_picked":["Bane","Backflip"],"picked":"Prepared+1","floor":24},{"not_picked":["Backflip+1","Crippling Poison"],"picked":"Accuracy+1","floor":25},{"not_picked":["Die Die Die","Backflip+1"],"picked":"Tactician+1","floor":30}],"player_experience":274887,"relics_obtained":[{"floor":6,"key":"FossilizedHelix"},{"floor":9,"key":"Kunai"},{"floor":10,"key":"Smiling Mask"},{"floor":24,"key":"Bag of Preparation"},{"floor":24,"key":"Centennial Puzzle"},{"floor":26,"key":"Toxic Egg 2"},{"floor":28,"key":"Boot"}],"event_choices":[{"cards_removed":["Deflect"],"damage_healed":0,"gold_gain":0,"player_choice":"Took Card","damage_taken":0,"max_hp_gain":0,"max_hp_loss":0,"event_name":"NoteForYourself","floor":4,"gold_loss":0,"cards_obtained":["Blur"]},{"damage_healed":0,"gold_gain":275,"player_choice":"Desecrate","damage_taken":0,"max_hp_gain":0,"max_hp_loss":0,"event_name":"Golden Shrine","floor":13,"gold_loss":0,"cards_obtained":["Regret"]},{"damage_healed":0,"gold_gain":0,"player_choice":"Inject Mutagens","damage_taken":0,"relics_obtained":["MutagenicStrength"],"max_hp_gain":0,"max_hp_loss":0,"event_name":"Drug Dealer","floor":29,"gold_loss":0}],"is_beta":false,"boss_relics":[{"not_picked":["Coffee Dripper","Lizard Tail"],"picked":"Black Star"}],"items_purged_floors":[20],"is_endless":false,"potions_floor_spawned":[5,10,12,14,16,24,30],"killed_by":"Gremlin Leader","ascension_level":0}