{"gold_per_floor":[116,116,116,135,154,154,170,202,227,242,256,268,268,283,283,387,387,312,312,237,248,4,4,4],"floor_reached":24,"playtime":1085,"items_purged":["Defend_B","Defend_B"],"score":267,"play_id":"62234ceb-98e9-4416-b957-d534d85c61c0","local_time":"20180711185618","is_ascension_mode":true,"campfire_choices":[{"floor":6,"key":"REST"},{"floor":13,"key":"REST"},{"floor":15,"key":"REST"},{"floor":23,"key":"REST"}],"neow_cost":"NONE","seed_source_timestamp":288182734644102,"circlet_count":0,"master_deck":["Strike_B","Defend_B+1","Defend_B+1","Zap","Dualcast","Conserve Battery","Hologram","Skim","Recycle","Static Discharge","Beam Cell","Creative AI","Reprogram+1","Chill+1","Multi-Cast+1","Double Energy"],"relics":["Cracked Core","Dream Catcher","War Paint","Potion Belt","Orichalcum","Astrolabe","Enchiridion","DataDisk"],"potions_floor_usage":[4,8,8,16,16,16,24],"damage_taken":[{"damage":8,"enemies":"2 Louse","floor":1,"turns":3},{"damage":6,"enemies":"Cultist","floor":4,"turns":3},{"damage":0,"enemies":"Jaw Worm","floor":5,"turns":4},{"damage":3,"enemies":"2 Fungi Beasts","floor":7,"turns":4},{"damage":27,"enemies":"3 Sentries","floor":8,"turns":6},{"damage":2,"enemies":"Blue Slaver","floor":10,"turns":4},{"damage":8,"enemies":"Exordium Wildlife","floor":11,"turns":4},{"damage":0,"enemies":"3 Louse","floor":12,"turns":4},{"damage":9,"enemies":"Red Slaver","floor":14,"turns":4},{"damage":17,"enemies":"The Guardian","floor":16,"turns":12},{"damage":23,"enemies":"2 Thieves","floor":18,"turns":5},{"damage":13,"enemies":"Shell Parasite","floor":21,"turns":7},{"damage":63,"enemies":"Slavers","floor":24,"turns":7}],"seed_played":"2575304375039678928","potions_obtained":[{"floor":2,"key":"Dexterity Potion"},{"floor":2,"key":"SneckoOil"},{"floor":2,"key":"GamblersBrew"},{"floor":5,"key":"Fire Potion"},{"floor":10,"key":"Poison Potion"},{"floor":14,"key":"Fire Potion"},{"floor":21,"key":"Regen Potion"}],"is_trial":false,"path_per_floor":["M","?","?","M","M","R","M","E","T","M","M","M","R","M","R","B",null,"M","?","$","M","$","R"],"character_chosen":"DEFECT","items_purchased":["DataDisk"],"campfire_rested":4,"item_purchase_floors":[22],"current_hp_per_floor":[60,60,53,47,47,69,66,39,39,37,29,29,51,42,64,47,68,45,29,29,16,16,38,0],"gold":4,"neow_bonus":"RANDOM_COMMON_RELIC","is_prod":false,"is_daily":false,"chose_seed":false,"campfire_upgraded":0,"win_rate":0,"timestamp":1531306578,"path_taken":["M","?","?","M","M","R","M","E","T","M","?","M","R","M","R","BOSS","M","?","$","M","$","R","E"],"build_version":"2018-07-05","purchased_purges":2,"victory":false,"max_hp_per_floor":[75,75,75,75,75,75,75,75,75,75,75,75,75,75,75,75,75,75,75,75,75,75,75,75],"card_choices":[{"not_picked":["Stack","Barrage","Rebound"],"picked":"SKIP","floor":1},{"not_picked":["Redo","Consume"],"picked":"Conserve Battery","floor":4},{"not_picked":["Ball Lightning","Leap","Rebound"],"picked":"SKIP","floor":5},{"not_picked":["Conserve Battery","Compile Driver"],"picked":"Hologram","floor":7},{"not_picked":["Steam","Blizzard","Conserve Battery"],"picked":"SKIP","floor":8},{"not_picked":["Buffer","Darkness"],"picked":"Skim","floor":10},{"not_picked":["Leap","Conserve Battery"],"picked":"Recycle","floor":11},{"not_picked":["Stack","Rebound"],"picked":"Static Discharge","floor":12},{"not_picked":["Doom and Gloom","Rip and Tear","Undo"],"picked":"SKIP","floor":14},{"not_picked":["Chill","Self Repair"],"picked":"Beam Cell","floor":15},{"not_picked":["All For One","Biased Cognition"],"picked":"Creative AI","floor":16},{"not_picked":["Glacier","Hologram+1","Beam Cell"],"picked":"SKIP","floor":18},{"not_picked":["Rebound+1","Static Discharge"],"picked":"Double Energy","floor":21}],"player_experience":287570,"relics_obtained":[{"floor":8,"key":"Potion Belt"},{"floor":9,"key":"Orichalcum"},{"floor":19,"key":"Enchiridion"}],"event_choices":[{"event_name":"The Lab","player_choice":"Got Potions","floor":2,"damage_taken":0},{"event_name":"Scrap Ooze","player_choice":"success","floor":3,"damage_taken":7},{"event_name":"Cursed Tome","player_choice":"Obtained Book","floor":19,"damage_taken":0}],"boss_relics":[{"not_picked":["Sozu","Black Star"],"picked":"Astrolabe"}],"items_purged_floors":[20,22],"is_endless":false,"potions_floor_spawned":[5,10,14,21],"killed_by":"Slavers","ascension_level":7}