{"gold_per_floor":[15,28,28,38,58,58,78,88,88,13,13,13,13,29,29,128,128,146,146,146,8,20,20,20],"floor_reached":24,"playtime":841,"items_purged":["Strike_B","Chaos"],"score":263,"play_id":"bb8016cf-5eaa-413a-bfe1-e947a6415cb9","local_time":"20180825024421","is_ascension_mode":true,"campfire_choices":[{"data":"Zap","floor":6,"key":"SMITH"},{"floor":12,"key":"REST"},{"data":"Zap","floor":15,"key":"SMITH"},{"data":"Self Repair","floor":23,"key":"SMITH"}],"neow_cost":"NO_GOLD","seed_source_timestamp":94703302451970,"circlet_count":0,"master_deck":["Zap+1","Dualcast","Ball Lightning","Zap+1","Capacitor","Ball Lightning","Glacier","Cold Snap","Multi-Cast","Stack","Cold Snap","Go for the Eyes","Self Repair+1"],"relics":["Cracked Core","Meat on the Bone","Pandora\u0027s Box","MutagenicStrength"],"potions_floor_usage":[24,24,24],"damage_taken":[{"damage":0,"enemies":"2 Louse","floor":1,"turns":2},{"damage":0,"enemies":"Cultist","floor":2,"turns":4},{"damage":0,"enemies":"Small Slimes","floor":4,"turns":3},{"damage":7,"enemies":"3 Louse","floor":5,"turns":2},{"damage":35,"enemies":"Lots of Slimes","floor":7,"turns":4},{"damage":7,"enemies":"Large Slime","floor":8,"turns":6},{"damage":4,"enemies":"Blue Slaver","floor":14,"turns":3},{"damage":23,"enemies":"Slime Boss","floor":16,"turns":6},{"damage":25,"enemies":"2 Thieves","floor":18,"turns":4},{"damage":5,"enemies":"Spheric Guardian","floor":22,"turns":4},{"damage":47,"enemies":"Book of Stabbing","floor":24,"turns":7}],"seed_played":"7113826018301595747","potions_obtained":[{"floor":2,"key":"SkillPotion"},{"floor":5,"key":"Dexterity Potion"},{"floor":8,"key":"Weak Potion"},{"floor":18,"key":"Poison Potion"}],"is_trial":false,"path_per_floor":["M","M","?","M","M","R","M","M","T","$","?","R","?","M","R","B",null,"M","?","?","$","M","R"],"character_chosen":"DEFECT","items_purchased":["Self Repair"],"campfire_rested":1,"item_purchase_floors":[21],"current_hp_per_floor":[68,68,68,68,61,61,26,19,19,19,19,41,59,55,55,44,67,42,42,42,42,44,44,0],"gold":20,"neow_bonus":"REMOVE_TWO","is_prod":false,"is_daily":false,"chose_seed":false,"campfire_upgraded":3,"win_rate":0,"timestamp":1535157861,"path_taken":["M","M","?","M","?","R","M","M","T","$","?","R","?","M","R","BOSS","M","?","?","$","M","R","E"],"build_version":"2018-08-23v2","purchased_purges":2,"victory":false,"max_hp_per_floor":[75,75,75,75,75,75,75,75,75,75,75,75,75,75,75,75,75,75,75,72,72,72,72,72],"card_choices":[{"not_picked":["Barrage","Rebound","Compile Driver"],"picked":"SKIP","floor":1},{"not_picked":["Static Discharge","Go for the Eyes"],"picked":"Ball Lightning","floor":2},{"not_picked":["Blizzard","FTL"],"picked":"Capacitor","floor":4},{"not_picked":["Reinforced Body","Hologram"],"picked":"Ball Lightning","floor":5},{"not_picked":["Hologram","Sweeping Beam"],"picked":"Glacier","floor":7},{"not_picked":["Rebound","Barrage"],"picked":"Cold Snap","floor":8},{"not_picked":["Blizzard","Doom and Gloom","Stack"],"picked":"SKIP","floor":14},{"not_picked":["Amplify","Fission"],"picked":"Multi-Cast","floor":16},{"not_picked":["Recycle","Doom and Gloom+1","Aggregate+1"],"picked":"SKIP","floor":18},{"not_picked":["Leap","Go for the Eyes","Turbo+1"],"picked":"SKIP","floor":22}],"player_experience":513413,"relics_obtained":[{"floor":9,"key":"Meat on the Bone"}],"event_choices":[{"event_name":"Match and Keep!","player_choice":"1 cards matched","floor":3,"damage_taken":0},{"event_name":"Match and Keep!","player_choice":"1 cards matched","floor":3,"damage_taken":0},{"event_name":"Purifier","player_choice":"One Purge","floor":11,"damage_taken":0},{"event_name":"Mushrooms","player_choice":"Healed and dodged fight","floor":13,"damage_taken":0},{"event_name":"Drug Dealer","player_choice":"Inject Mutagens","floor":19,"damage_taken":0},{"event_name":"Back to Basics","player_choice":"Elegance","floor":20,"damage_taken":0}],"is_beta":false,"boss_relics":[{"not_picked":["Runic Pyramid","Philosopher\u0027s Stone"],"picked":"Pandora\u0027s Box"}],"items_purged_floors":[10,21],"is_endless":false,"potions_floor_spawned":[2,5,8,16,18],"killed_by":"Book of Stabbing","ascension_level":8}