{"gold_per_floor":[115,128,128,203,128,160,175,175,228,128,139,139,171,187,187,283,283,294,236,248,267,142,175,175],"floor_reached":24,"playtime":786,"items_purged":["Strike_R","Strike_R","Strike_R"],"score":314,"play_id":"fbd6319d-c758-4c36-83de-0784a3bc6599","local_time":"20190321162708","is_ascension_mode":true,"campfire_choices":[{"data":"Rampage","floor":8,"key":"SMITH"},{"data":"Blood for Blood","floor":12,"key":"SMITH"},{"floor":15,"key":"REST"}],"neow_cost":"NONE","seed_source_timestamp":153612768872500,"circlet_count":0,"master_deck":["Strike_R","Defend_R","Defend_R","Defend_R","Defend_R","Bash","Blood for Blood+1","Rampage+1","Battle Trance","Feed"],"relics":["Burning Blood","NeowsBlessing","Centennial Puzzle","Boot","Bronze Scales","Runic Cube","Gremlin Horn","Bag of Marbles"],"potions_floor_usage":[13,16,18,24],"damage_taken":[{"damage":0,"enemies":"Jaw Worm","floor":1,"turns":1},{"damage":0,"enemies":"2 Louse","floor":2,"turns":1},{"damage":0,"enemies":"Gremlin Nob","floor":6,"turns":1},{"damage":1,"enemies":"Cultist","floor":7,"turns":3},{"damage":14,"enemies":"Large Slime","floor":11,"turns":5},{"damage":26,"enemies":"Lagavulin","floor":13,"turns":5},{"damage":22,"enemies":"Gremlin Gang","floor":14,"turns":3},{"damage":51,"enemies":"Slime Boss","floor":16,"turns":7},{"damage":6,"enemies":"Spheric Guardian","floor":18,"turns":3},{"damage":16,"enemies":"3 Byrds","floor":20,"turns":3},{"damage":28,"enemies":"Sentry and Sphere","floor":21,"turns":4},{"damage":30,"enemies":"Gremlin Leader","floor":23,"turns":5},{"damage":15,"enemies":"Snake Plant","floor":24,"turns":2}],"seed_played":"-4080334333666430941","potions_obtained":[{"floor":6,"key":"Dexterity Potion"},{"floor":14,"key":"Strength Potion"},{"floor":16,"key":"Fire Potion"},{"floor":23,"key":"SkillPotion"}],"is_trial":false,"path_per_floor":["M","M","?","?","$","E","M","R","T","$","M","R","E","M","R","B",null,"M","?","M","M","$","E","M"],"character_chosen":"IRONCLAD","items_purchased":[],"campfire_rested":1,"item_purchase_floors":[],"current_hp_per_floor":[80,80,73,65,65,71,76,76,76,76,68,68,48,32,56,11,63,63,63,53,34,34,10,0],"gold":175,"neow_bonus":"THREE_ENEMY_KILL","is_prod":false,"is_daily":false,"chose_seed":false,"campfire_upgraded":2,"win_rate":0,"timestamp":1553156828,"path_taken":["M","M","?","?","$","E","M","R","T","$","M","R","E","?","R","BOSS","M","?","M","?","$","E","M"],"build_version":"2019-01-23","purchased_purges":3,"victory":false,"max_hp_per_floor":[80,80,80,80,80,80,80,80,80,80,80,80,80,80,80,80,80,80,80,80,83,83,83,83],"card_choices":[{"not_picked":["True Grit","Havoc"],"picked":"Blood for Blood","floor":1},{"not_picked":["Rage","Twin Strike","Metallicize"],"picked":"SKIP","floor":2},{"not_picked":["Sever Soul","Cleave"],"picked":"Rampage","floor":6},{"not_picked":["Twin Strike","Carnage","Havoc"],"picked":"SKIP","floor":7},{"not_picked":["Sentinel","Iron Wave","Havoc"],"picked":"SKIP","floor":11},{"not_picked":["Combust","Twin Strike","Wild Strike"],"picked":"SKIP","floor":13},{"not_picked":["Perfected Strike","Pummel"],"picked":"Battle Trance","floor":14},{"not_picked":["Immolate","Reaper"],"picked":"Feed","floor":16},{"not_picked":["Ghostly Armor+1","Wild Strike","Fire Breathing"],"picked":"SKIP","floor":18},{"not_picked":["Armaments","Anger","Iron Wave"],"picked":"SKIP","floor":20},{"not_picked":["Intimidate","Clothesline","Anger"],"picked":"SKIP","floor":21},{"not_picked":["Pummel+1","Clash","Dark Embrace"],"picked":"SKIP","floor":23}],"player_experience":405443,"relics_obtained":[{"floor":6,"key":"Centennial Puzzle"},{"floor":9,"key":"Boot"},{"floor":13,"key":"Bronze Scales"},{"floor":23,"key":"Bag of Marbles"}],"event_choices":[{"cards_removed":["Strike_R"],"damage_healed":0,"gold_gain":0,"player_choice":"Card Removal","damage_taken":7,"max_hp_gain":0,"max_hp_loss":0,"event_name":"Golden Wing","floor":3,"gold_loss":0},{"damage_healed":0,"gold_gain":75,"player_choice":"Touch","damage_taken":8,"max_hp_gain":0,"max_hp_loss":0,"event_name":"FaceTrader","floor":4,"gold_loss":0},{"damage_healed":0,"gold_gain":0,"player_choice":"Paid Gold","damage_taken":0,"relics_obtained":["Gremlin Horn"],"max_hp_gain":0,"max_hp_loss":0,"event_name":"WeMeetAgain","floor":19,"gold_loss":58}],"is_beta":false,"boss_relics":[{"not_picked":["Philosopher\u0027s Stone","Coffee Dripper"],"picked":"Runic Cube"}],"items_purged_floors":[5,10,22],"is_endless":false,"potions_floor_spawned":[6,14,16,23],"killed_by":"Snake Plant","ascension_level":5}