{"gold_per_floor":[16,16,27,27,94,94,127,177,249,249,325,337],"floor_reached":12,"playtime":349,"items_purged":[],"score":148,"play_id":"60ac5e0c-e8fb-4ca5-8909-e1a66ec9359a","local_time":"20181225083745","is_ascension_mode":true,"campfire_choices":[{"data":"Bane","floor":6.0,"key":"SMITH"},{"floor":10.0,"key":"REST"}],"neow_cost":"NO_GOLD","seed_source_timestamp":0,"circlet_count":0,"master_deck":["AscendersBane","Defend_G","Defend_G","Defend_G","Defend_G","Defend_G","Strike_G","Strike_G","Strike_G","Strike_G","Strike_G","Survivor","Neutralize","A Thousand Cuts+1","PiercingWail","Crippling Poison","Bane+1","Dodge and Roll"],"special_seed":0,"relics":["Ring of the Snake","SsserpentHead","Boot","The Courier","MawBank"],"potions_floor_usage":[],"damage_taken":[{"damage":4.0,"enemies":"Small Slimes","floor":1.0,"turns":4.0},{"damage":3.0,"enemies":"2 Louse","floor":3.0,"turns":3.0},{"damage":0.0,"enemies":"Cultist","floor":5.0,"turns":4.0},{"damage":48.0,"enemies":"Gremlin Nob","floor":7.0,"turns":5.0},{"damage":23,"enemies":"3 Sentries","floor":12,"turns":9}],"seed_played":"-6459731413656974219","potions_obtained":[{"floor":3.0,"key":"Strength Potion"},{"floor":5.0,"key":"GamblersBrew"}],"is_trial":false,"path_per_floor":["M","?","M","?","M","R","E","?","T","R","T","E"],"character_chosen":"THE_SILENT","items_purchased":[],"campfire_rested":1,"item_purchase_floors":[],"current_hp_per_floor":[55,55,52,52,52,52,4,4,4,23,23,0],"gold":337,"neow_bonus":"THREE_RARE_CARDS","is_prod":false,"is_daily":false,"chose_seed":false,"campfire_upgraded":1,"win_rate":0,"timestamp":1545745065,"path_taken":["M","?","M","?","?","R","E","?","T","R","?","E"],"build_version":"2018-12-20","purchased_purges":0,"victory":false,"max_hp_per_floor":[66,66,66,66,66,66,66,66,66,66,66,66],"card_choices":[{"not_picked":["Burst","Venomology"],"picked":"A Thousand Cuts","floor":0.0},{"not_picked":["Underhanded Strike","Outmaneuver"],"picked":"PiercingWail","floor":1.0},{"not_picked":["Predator","Backflip"],"picked":"Crippling Poison","floor":3.0},{"not_picked":["Underhanded Strike","Infinite Blades"],"picked":"Bane","floor":5.0},{"not_picked":["Sucker Punch","Eviscerate"],"picked":"Dodge and Roll","floor":7.0}],"player_experience":799245,"relics_obtained":[{"floor":7.0,"key":"Boot"},{"floor":9.0,"key":"The Courier"},{"floor":11.0,"key":"MawBank"}],"event_choices":[{"damage_healed":0.0,"max_hp_gain":0.0,"max_hp_loss":0.0,"gold_gain":0.0,"event_name":"Living Wall","player_choice":"Grow","floor":2.0,"gold_loss":0.0,"damage_taken":0.0,"cards_upgraded":["A Thousand Cuts"]},{"damage_healed":0.0,"max_hp_gain":0.0,"max_hp_loss":0.0,"gold_gain":0.0,"event_name":"FaceTrader","player_choice":"Trade","floor":4.0,"gold_loss":0.0,"damage_taken":0.0,"relics_obtained":["SsserpentHead"]},{"damage_healed":0.0,"max_hp_gain":0.0,"max_hp_loss":0.0,"gold_gain":0.0,"event_name":"Scrap Ooze","player_choice":"Fled","floor":8.0,"gold_loss":0.0,"damage_taken":0.0}],"is_beta":false,"boss_relics":[],"items_purged_floors":[],"is_endless":false,"potions_floor_spawned":[3,5],"killed_by":"3 Sentries","ascension_level":19}