{"gold_per_floor":[114,114,114,264,264,276,276,290,290,290,310,339,72,91,91,167,167,182,82,82,82],"floor_reached":21,"playtime":517,"items_purged":[],"score":354,"play_id":"7644c025-9957-4025-be83-bbbf2e4ef63a","local_time":"20190504233701","is_ascension_mode":true,"campfire_choices":[{"data":"Perfected Strike","floor":7,"key":"SMITH"},{"data":"Bash","floor":15,"key":"SMITH"}],"neow_cost":"NONE","seed_source_timestamp":985854969804360,"circlet_count":0,"master_deck":["AscendersBane","Strike_R","Strike_R","Strike_R","Defend_R","Defend_R","Defend_R","Bash+1","Corruption","Perfected Strike+1","Impervious","Blood for Blood","Pommel Strike","Feel No Pain","Rampage","Barricade","Dropkick+1","Burning Pact+1","Seeing Red+1","Infernal Blade+1","Panacea","Limit Break"],"relics":["Burning Blood","NeowsBlessing","NlothsMask","Mummified Hand","Brimstone","Astrolabe"],"potions_floor_usage":[12,12,16,21],"damage_taken":[{"damage":0,"enemies":"Small Slimes","floor":1,"turns":1},{"damage":0,"enemies":"Cultist","floor":6,"turns":1},{"damage":0,"enemies":"Jaw Worm","floor":8,"turns":1},{"damage":1,"enemies":"Exordium Thugs","floor":11,"turns":5},{"damage":40,"enemies":"3 Sentries","floor":12,"turns":7},{"damage":10,"enemies":"2 Fungi Beasts","floor":14,"turns":3},{"damage":33,"enemies":"Hexaghost","floor":16,"turns":7},{"damage":48,"enemies":"2 Thieves","floor":18,"turns":5},{"damage":18,"enemies":"Shell Parasite","floor":21,"turns":3}],"seed_played":"-3747559002845900400","potions_obtained":[{"floor":1,"key":"GamblersBrew"},{"floor":6,"key":"Fire Potion"},{"floor":14,"key":"Block Potion"},{"floor":18,"key":"Weak Potion"}],"is_trial":false,"path_per_floor":["M","?","$","?","?","M","R","M","T","?","M","E","$","M","R","B",null,"M","$","?","M"],"character_chosen":"IRONCLAD","items_purchased":["Brimstone","Feel No Pain","Panacea"],"campfire_rested":0,"item_purchase_floors":[13,13,19],"current_hp_per_floor":[74,74,74,74,67,73,73,75,75,75,75,41,41,37,37,10,59,17,17,17,0],"gold":82,"neow_bonus":"THREE_ENEMY_KILL","is_prod":false,"is_daily":false,"chose_seed":false,"campfire_upgraded":2,"win_rate":0,"timestamp":1557027421,"path_taken":["M","?","?","?","?","M","R","M","T","?","M","E","$","M","R","BOSS","M","$","?","M"],"build_version":"2019-01-23","purchased_purges":0,"victory":false,"max_hp_per_floor":[75,75,75,75,75,75,75,75,75,75,75,75,75,75,75,75,75,75,75,75,75],"card_choices":[{"not_picked":["Dropkick","Twin Strike"],"picked":"Corruption","floor":1},{"not_picked":["Anger","Shrug It Off"],"picked":"Perfected Strike","floor":6},{"not_picked":["Sword Boomerang","Body Slam"],"picked":"Impervious","floor":8},{"not_picked":["Bloodletting","Evolve"],"picked":"Blood for Blood","floor":11},{"not_picked":["Fire Breathing","Sword Boomerang"],"picked":"Pommel Strike","floor":12},{"not_picked":["Flex","Shrug It Off"],"picked":"Rampage","floor":14},{"not_picked":["Immolate","Fiend Fire"],"picked":"Barricade","floor":16},{"not_picked":["Armaments","Warcry"],"picked":"Infernal Blade+1","floor":18}],"player_experience":947890,"relics_obtained":[{"floor":12,"key":"Mummified Hand"}],"event_choices":[{"damage_healed":0,"gold_gain":0,"player_choice":"Trade","damage_taken":0,"relics_obtained":["NlothsMask"],"max_hp_gain":0,"max_hp_loss":0,"event_name":"FaceTrader","floor":2,"gold_loss":0},{"damage_healed":0,"gold_gain":150,"player_choice":"AGREE","damage_taken":0,"max_hp_gain":0,"max_hp_loss":0,"event_name":"Liars Game","floor":4,"gold_loss":0,"cards_obtained":["Doubt"]},{"cards_removed":["Doubt"],"damage_healed":0,"gold_gain":0,"player_choice":"Card Removal","damage_taken":7,"max_hp_gain":0,"max_hp_loss":0,"event_name":"Golden Wing","floor":5,"gold_loss":0},{"damage_healed":0,"gold_gain":0,"player_choice":"Fled","damage_taken":0,"max_hp_gain":0,"max_hp_loss":0,"event_name":"Scrap Ooze","floor":10,"gold_loss":0},{"damage_healed":0,"gold_gain":0,"player_choice":"1 cards matched","damage_taken":0,"max_hp_gain":0,"max_hp_loss":0,"event_name":"Match and Keep!","floor":20,"gold_loss":0,"cards_obtained":["Limit Break"]}],"is_beta":false,"boss_relics":[{"not_picked":["Snecko Eye","Cursed Key"],"picked":"Astrolabe"}],"items_purged_floors":[],"is_endless":false,"potions_floor_spawned":[1,6,11,14,18],"killed_by":"Shell Parasite","ascension_level":20}