{"gold_per_floor":[117,117,117,128,141,141,167,167,167,167,180,255,275,292,292,369,419,437,437,447,447,339,339,339],"floor_reached":24,"playtime":833,"items_purged":[],"score":359,"play_id":"c9620662-c912-420a-82c6-808fd9089800","local_time":"20180927152440","is_ascension_mode":true,"campfire_choices":[{"floor":6.0,"key":"REST"},{"floor":8.0,"key":"REST"},{"data":"Beam Cell","floor":10.0,"key":"SMITH"},{"floor":15.0,"key":"REST"},{"floor":23,"key":"REST"}],"neow_cost":"","seed_source_timestamp":0,"circlet_count":0,"master_deck":["Strike_B","Strike_B+1","Strike_B","Defend_B","Defend_B","Defend_B+1","Defend_B","Zap","Dualcast+1","AscendersBane","Ball Lightning","Go for the Eyes","Undo","Beam Cell+1","Multi-Cast","Beam Cell","Darkness","Amplify","Heatsinks","Sunder","Self Repair","Turbo"],"special_seed":0,"relics":["Cracked Core","Darkstone Periapt","Bag of Marbles","Odd Mushroom","Tiny House","Nilry\u0027s Codex"],"potions_floor_usage":[18,24],"damage_taken":[{"damage":7.0,"enemies":"Small Slimes","floor":1.0,"turns":3.0},{"damage":0.0,"enemies":"2 Louse","floor":4.0,"turns":2.0},{"damage":1.0,"enemies":"Cultist","floor":5.0,"turns":3.0},{"damage":24.0,"enemies":"3 Sentries","floor":7.0,"turns":8.0},{"damage":0.0,"enemies":"2 Fungi Beasts","floor":11.0,"turns":3.0},{"damage":14.0,"enemies":"The Mushroom Lair","floor":13.0,"turns":5.0},{"damage":10.0,"enemies":"Exordium Thugs","floor":14.0,"turns":4.0},{"damage":36.0,"enemies":"Hexaghost","floor":16.0,"turns":9.0},{"damage":13,"enemies":"Chosen","floor":18,"turns":5},{"damage":29,"enemies":"Shell Parasite","floor":20,"turns":8},{"damage":31,"enemies":"Snake Plant","floor":24,"turns":4}],"seed_played":"-2144635389897327033","potions_obtained":[{"floor":1.0,"key":"Fire Potion"},{"floor":13.0,"key":"EssenceOfSteel"},{"floor":14.0,"key":"FairyPotion"},{"floor":17.0,"key":"SkillPotion"},{"floor":20,"key":"Strength Potion"}],"is_trial":false,"path_per_floor":["M","$","?","M","M","R","E","R","T","R","M","?","?","M","R","B",null,"M","?","M","?","$","R"],"character_chosen":"DEFECT","items_purchased":["AttackPotion","Turbo"],"campfire_rested":4,"item_purchase_floors":[22,22],"current_hp_per_floor":[57,57,36,36,35,56,32,53,53,53,53,42,28,18,39,3,59,46,25,7,7,7,29,0],"gold":339,"neow_bonus":"","is_prod":false,"is_daily":false,"chose_seed":false,"campfire_upgraded":1,"win_rate":0,"timestamp":1538076280,"path_taken":["M","$","?","M","M","R","E","R","T","R","M","?","?","M","R","BOSS","M","?","M","?","$","R","M"],"build_version":"2018-09-20","purchased_purges":0,"victory":false,"max_hp_per_floor":[71,71,71,71,71,71,71,71,71,71,71,71,71,71,71,71,76,76,76,76,76,76,76,76],"card_choices":[{"not_picked":["Defragment","Go for the Eyes"],"picked":"Ball Lightning","floor":1.0},{"not_picked":["Gash","Stack"],"picked":"Go for the Eyes","floor":4.0},{"not_picked":["Recycle","Ball Lightning"],"picked":"Undo","floor":5.0},{"not_picked":["Aggregate","BootSequence"],"picked":"Beam Cell","floor":7.0},{"not_picked":["Barrage","Force Field"],"picked":"Multi-Cast","floor":11.0},{"not_picked":["Stack","Redo"],"picked":"Beam Cell","floor":13.0},{"not_picked":["Turbo","Leap"],"picked":"Darkness","floor":14.0},{"not_picked":["Thunder Strike","Multi-Cast"],"picked":"Amplify","floor":16.0},{"not_picked":["Go for the Eyes","Sweeping Beam"],"picked":"Heatsinks","floor":17.0},{"not_picked":["Tempest","Barrage"],"picked":"Sunder","floor":18},{"not_picked":["Blizzard","Redo"],"picked":"Self Repair","floor":20}],"player_experience":593239,"relics_obtained":[{"floor":7.0,"key":"Darkstone Periapt"},{"floor":9.0,"key":"Bag of Marbles"},{"floor":13.0,"key":"Odd Mushroom"},{"floor":19,"key":"Nilry\u0027s Codex"}],"event_choices":[{"event_name":"Shining Light","player_choice":"Entered Light","floor":3.0,"damage_taken":0.0},{"event_name":"World of Goop","player_choice":"Gather Gold","floor":12.0,"damage_taken":0.0},{"event_name":"Mushrooms","player_choice":"Fought Mushrooms","floor":13.0,"damage_taken":0.0},{"event_name":"Cursed Tome","player_choice":"Obtained Book","floor":19,"damage_taken":0},{"event_name":"Purifier","player_choice":"One Purge","floor":21,"damage_taken":0}],"is_beta":false,"boss_relics":[{"not_picked":["Lizard Tail","Coffee Dripper"],"picked":"Tiny House"}],"items_purged_floors":[],"is_endless":false,"potions_floor_spawned":[1,13,14,20],"killed_by":"Snake Plant","ascension_level":17}