{"gold_per_floor":[113,113,38,3,16,16,29,46,70,70,70,85,120,20,20,146,146,169,188,63,63,78,78,78],"floor_reached":24,"playtime":527,"items_purged":["Strike_R","Strike_R","Strike_R"],"score":221,"play_id":"62343c77-b096-4982-8b30-69aec2e2fb19","local_time":"20180718221635","is_ascension_mode":false,"campfire_choices":[{"data":"Flex","floor":6.0,"key":"SMITH"},{"data":"Pommel Strike","floor":15.0,"key":"SMITH"},{"data":"Rampage","floor":23.0,"key":"SMITH"}],"neow_cost":"","seed_source_timestamp":0,"circlet_count":0,"master_deck":["Defend_R","Defend_R","Defend_R","Defend_R","Bash","Flex+1","Heavy Blade","Fiend Fire","Inflame","Pommel Strike+1","Exhume","Rampage+1","Havoc+1","Battle Trance"],"special_seed":0,"relics":["Burning Blood","Lantern","Golden Idol","Blood Vial","Empty Cage"],"potions_floor_usage":[],"damage_taken":[{"damage":5.0,"enemies":"Small Slimes","floor":1.0,"turns":5.0},{"damage":7.0,"enemies":"2 Louse","floor":5.0,"turns":2.0},{"damage":11.0,"enemies":"Jaw Worm","floor":7.0,"turns":2.0},{"damage":10.0,"enemies":"Exordium Thugs","floor":8.0,"turns":4.0},{"damage":10.0,"enemies":"3 Louse","floor":12.0,"turns":3.0},{"damage":0.0,"enemies":"Gremlin Nob","floor":13.0,"turns":2.0},{"damage":52.0,"enemies":"Hexaghost","floor":16.0,"turns":6.0},{"damage":30.0,"enemies":"3 Byrds","floor":18.0,"turns":6.0},{"damage":5.0,"enemies":"Spheric Guardian","floor":19.0,"turns":3.0},{"damage":31.0,"enemies":"Cultist and Chosen","floor":22.0,"turns":6.0},{"damage":0,"enemies":"Slaver and Parasite","floor":24,"turns":1}],"seed_played":"-5287602528861885015","potions_obtained":[{"floor":8.0,"key":"Energy Potion"},{"floor":12.0,"key":"SkillPotion"},{"floor":13.0,"key":"Fruit Juice"},{"floor":18.0,"key":"Poison Potion"},{"floor":22.0,"key":"FearPotion"}],"is_trial":false,"path_per_floor":["M","?","$","?","M","R","M","M","T","$","?","M","E","$","R","B",null,"M","M","$","?","M","R"],"character_chosen":"IRONCLAD","items_purchased":[],"campfire_rested":0,"item_purchase_floors":[],"current_hp_per_floor":[80,85,85,85,84,84,79,75,75,75,54,50,56,56,56,17,90,66,69,69,69,46,46,46],"gold":78,"neow_bonus":"","is_prod":false,"is_daily":false,"chose_seed":false,"campfire_upgraded":3,"win_rate":0,"timestamp":1531923395,"path_taken":["M","?","?","?","M","R","M","?","T","$","?","M","E","$","R","BOSS","M","M","$","?","M","R","M"],"build_version":"2018-07-12","purchased_purges":3,"victory":false,"max_hp_per_floor":[80,85,85,85,85,85,85,85,85,85,85,85,85,85,85,90,90,90,90,90,90,90,90,90],"card_choices":[{"not_picked":["Clash","Heavy Blade"],"picked":"Flex","floor":1.0},{"not_picked":["Iron Wave","Entrench"],"picked":"Heavy Blade","floor":5.0},{"not_picked":["Thunderclap","Twin Strike"],"picked":"Fiend Fire","floor":7.0},{"not_picked":["Sentinel","Seeing Red","Wild Strike"],"picked":"SKIP","floor":8.0},{"not_picked":["Shockwave","Bloodletting"],"picked":"Inflame","floor":12.0},{"not_picked":["Spot Weakness","Shrug It Off"],"picked":"Pommel Strike","floor":13.0},{"not_picked":["Dark Embrace","Immolate"],"picked":"Exhume","floor":16.0},{"not_picked":["Sentinel","Metallicize"],"picked":"Rampage","floor":18.0},{"not_picked":["Intimidate","Heavy Blade"],"picked":"Havoc+1","floor":19.0},{"not_picked":["Cleave","Armaments","Pummel"],"picked":"SKIP","floor":22.0}],"player_experience":300967,"relics_obtained":[{"floor":9.0,"key":"Lantern"},{"floor":13.0,"key":"Blood Vial"}],"event_choices":[{"event_name":"Big Fish","player_choice":"Donut","floor":2.0,"damage_taken":0.0},{"event_name":"The Cleric","player_choice":"Healed","floor":4.0,"damage_taken":0.0},{"event_name":"Golden Idol","player_choice":"Take Damage","floor":11.0,"damage_taken":0.0},{"event_name":"The Library","player_choice":"Read","floor":21.0,"damage_taken":0.0}],"boss_relics":[{"not_picked":["Fusion Hammer","Black Blood"],"picked":"Empty Cage"}],"items_purged_floors":[3,14,20],"is_endless":false,"potions_floor_spawned":[8,12,13,18,22],"killed_by":"Slaver and Parasite","ascension_level":0}