{"path_per_floor":["M","?","$","M","M","R","M","$","T","E","R","$","M","M","R","B",null,"M","M","$","M","M","R","M","R","T","R","?","M","?","M","R","B",null,"M","M","M","$","M","R","M","T","T","R","?","?","E","?","R","B"],"character_chosen":"DEFECT","items_purchased":["Chill","Whetstone","Bandage Up"],"gold_per_floor":[141,141,73,84,100,100,120,45,72,107,107,7,18,38,38,143,143,160,176,27,47,60,60,76,76,76,76,76,95,95,109,109,210,210,224,240,253,29,44,44,59,59,83,83,83,83,109,109,109,109],"floor_reached":51,"campfire_rested":3,"playtime":2312,"current_hp_per_floor":[80,80,80,74,71,71,71,71,71,52,52,52,52,52,52,28,80,70,51,51,36,32,32,29,53,63,63,45,45,45,42,70,72,95,87,84,68,68,54,54,58,72,72,72,99,99,63,63,109,84],"items_purged":["Defend_B","Strike_B","Pain"],"gold":109,"score":731,"play_id":"96db02f9-0d3b-433a-91ab-6f1ac51572eb","local_time":"20180506082204","is_prod":false,"is_daily":false,"chose_seed":false,"is_ascension_mode":false,"campfire_upgraded":7,"timestamp":1525609324,"path_taken":["M","?","$","M","M","R","?","?","T","E","R","$","M","M","R","BOSS","M","M","$","M","M","R","M","R","T","R","?","?","?","?","R","BOSS","M","?","M","$","M","R","M","?","T","R","?","?","E","?","R","BOSS"],"build_version":"2018-05-03","seed_source_timestamp":1124580450672139,"purchased_purges":3,"victory":true,"master_deck":["Strike_B+1","Strike_B+1","Strike_B","Defend_B+1","Defend_B","Zap","Dualcast","Defragment+1","Sunder+1","Zap+1","Panacea","Chill+1","Cold Snap+1","Leap+1","Echo Form+1","Barrage+1","Seek","Barrage","Biased Cognition","Pain","Injury","Turbo+1","Conserve Battery+1","Bandage Up","Consume+1","Writhe","Master of Strategy"],"max_hp_per_floor":[80,80,80,80,80,80,80,80,80,80,80,80,80,80,80,80,80,80,80,80,80,80,80,80,80,90,90,95,95,95,95,95,95,95,95,95,95,95,95,95,95,109,109,109,109,109,109,109,109,109],"relics":["Tiny House","War Paint","Ancient Tea Set","Inserter","Whetstone","Pear","Calling Bell","Vajra","Dodecahedron","Thread and Needle","Mango","Regal Pillow","Mercury Hourglass"],"card_choices":[{"not_picked":["Reprogram","Axe Kick"],"picked":"Defragment","floor":0},{"not_picked":["Impulse","Sweeping Beam"],"picked":"Sunder","floor":1},{"not_picked":["Double Energy","Impulse"],"picked":"Cold Snap","floor":4},{"not_picked":["Impulse","Ball Lightning"],"picked":"Leap","floor":7},{"not_picked":["Consume","Heatsinks"],"picked":"Echo Form","floor":14},{"not_picked":["Sweeping Beam","Ball Lightning"],"picked":"Barrage","floor":21},{"not_picked":["Rebound","Skim"],"picked":"BootSequence","floor":22},{"not_picked":["Axe Kick","Turbo"],"picked":"Seek","floor":29},{"not_picked":["Go for the Eyes","Genetic Algorithm"],"picked":"Barrage","floor":31},{"not_picked":["Multi-Cast","Amplify"],"picked":"Biased Cognition","floor":33},{"not_picked":["Defragment","Hologram"],"picked":"Turbo","floor":36},{"not_picked":["Cold Snap","Lockon"],"picked":"Conserve Battery","floor":37},{"not_picked":["BootSequence","Loop"],"picked":"Consume","floor":41},{"not_picked":["Enlightenment","Jack Of All Trades"],"picked":"Master of Strategy","floor":46}],"player_experience":47921,"potions_floor_usage":[10,16,21,24,33,39,47,50],"damage_taken":[{"damage":0,"enemies":"Small Slimes","floor":1,"turns":3},{"damage":6,"enemies":"Cultist","floor":4,"turns":3},{"damage":3,"enemies":"2 Louse","floor":5,"turns":3},{"damage":0,"enemies":"Exordium Thugs","floor":7,"turns":4},{"damage":19,"enemies":"Gremlin Nob","floor":10,"turns":5},{"damage":0,"enemies":"Gremlin Gang","floor":13,"turns":4},{"damage":0,"enemies":"Exordium Wildlife","floor":14,"turns":3},{"damage":24,"enemies":"Hexaghost","floor":16,"turns":7},{"damage":10,"enemies":"Chosen","floor":18,"turns":5},{"damage":19,"enemies":"Shell Parasite","floor":19,"turns":6},{"damage":15,"enemies":"Sentry and Sphere","floor":21,"turns":5},{"damage":4,"enemies":"3 Cultists","floor":22,"turns":5},{"damage":3,"enemies":"Centurion and Healer","floor":24,"turns":6},{"damage":0,"enemies":"Snecko","floor":29,"turns":3},{"damage":3,"enemies":"Snake Plant","floor":31,"turns":4},{"damage":13,"enemies":"Champ","floor":33,"turns":8},{"damage":8,"enemies":"Orb Walker","floor":35,"turns":4},{"damage":3,"enemies":"3 Shapes","floor":36,"turns":5},{"damage":16,"enemies":"Spire Growth","floor":37,"turns":6},{"damage":18,"enemies":"Sphere and 2 Shapes","floor":39,"turns":7},{"damage":0,"enemies":"4 Shapes","floor":41,"turns":4},{"damage":40,"enemies":"Nemesis","floor":47,"turns":7},{"damage":25,"enemies":"Time Eater","floor":50,"turns":12}],"event_choices":[{"event_name":"Match and Keep!","player_choice":"2 cards matched","floor":2,"damage_taken":0},{"event_name":"Forgotten Altar","player_choice":"Shed Blood","floor":28,"damage_taken":0},{"event_name":"Purifier","player_choice":"One Purge","floor":30,"damage_taken":0},{"event_name":"Winding Halls","player_choice":"Writhe","floor":45,"damage_taken":0},{"event_name":"SensoryStone","player_choice":"Memory 1","floor":46,"damage_taken":0}],"boss_relics":[{"not_picked":["Runic Dome","Ectoplasm"],"picked":"Inserter"},{"not_picked":["Snecko Eye","Velvet Choker"],"picked":"Calling Bell"}],"potions_floor_spawned":[1,10,14,19,21,22,24,33,39,41,47],"seed_played":"2751418147740145303","ascension_level":0,"is_trial":false}