{"gold_per_floor":[115,126,136,136,150,185,201,220,220,220,97,97,14,29,29,154,154,172,195,195,95,113,113,144,165,165,40,54,88,107,123,123,242,242,255,21,146,165,189,189,222,281,281,297,340,280,301,325,325,325,325,325,5,46,46],"floor_reached":56,"playtime":6265,"items_purged":["Strike_R","Strike_R","Strike_R","Strike_R","Defend_R"],"score":1380,"play_id":"f6436a51-c71f-4a3f-a063-fe133081d802","local_time":"20190325162256","is_ascension_mode":false,"campfire_choices":[{"floor":12.0,"key":"RECALL"},{"floor":15.0,"key":"REST"},{"floor":23,"key":"REST"},{"floor":32,"key":"REST"},{"floor":40,"key":"REST"},{"data":"1","floor":49,"key":"LIFT"},{"data":"2","floor":52,"key":"LIFT"}],"neow_cost":"NONE","seed_source_timestamp":135591123370099,"circlet_count":0,"master_deck":["Defend_R","Defend_R+1","Defend_R","Rampage","Pommel Strike+1","Corruption","Seeing Red","True Grit","Disarm","Shrug It Off","Exhume","Sentinel","Flex","Exhume","Finesse+1","Shrug It Off","Flex","Shrug It Off+1","Sever Soul+1","Bloodletting","Flex+1"],"special_seed":0,"relics":["Burning Blood","Orichalcum","Golden Idol","Dead Branch","Fusion Hammer","Singing Bowl","Frozen Egg 2","Art of War","Snecko Eye","Thread and Needle","Gambling Chip","Nunchaku","Ginger","Girya","Whetstone","War Paint"],"potions_floor_usage":[33,33,39,50,50],"damage_taken":[{"damage":0.0,"enemies":"2 Louse","floor":1.0,"turns":3.0},{"damage":1.0,"enemies":"Small Slimes","floor":2.0,"turns":3.0},{"damage":5.0,"enemies":"Jaw Worm","floor":3.0,"turns":3.0},{"damage":7.0,"enemies":"Blue Slaver","floor":5.0,"turns":3.0},{"damage":29.0,"enemies":"3 Sentries","floor":6.0,"turns":10.0},{"damage":9.0,"enemies":"3 Louse","floor":7.0,"turns":4.0},{"damage":3.0,"enemies":"2 Fungi Beasts","floor":8.0,"turns":4.0},{"damage":2.0,"enemies":"Gremlin Gang","floor":14.0,"turns":2.0},{"damage":46,"enemies":"The Guardian","floor":16,"turns":11},{"damage":4,"enemies":"Spheric Guardian","floor":18,"turns":3},{"damage":15,"enemies":"2 Thieves","floor":19,"turns":2},{"damage":7,"enemies":"Centurion and Healer","floor":22,"turns":4},{"damage":0,"enemies":"Book of Stabbing","floor":24,"turns":3},{"damage":0,"enemies":"Sentry and Sphere","floor":25,"turns":3},{"damage":5,"enemies":"3 Cultists","floor":28,"turns":3},{"damage":14,"enemies":"Gremlin Leader","floor":29,"turns":4},{"damage":3,"enemies":"Centurion and Healer","floor":30,"turns":3},{"damage":13,"enemies":"Snake Plant","floor":31,"turns":4},{"damage":4,"enemies":"Collector","floor":33,"turns":5},{"damage":6,"enemies":"3 Darklings","floor":35,"turns":1},{"damage":0,"enemies":"Mind Bloom Boss Battle","floor":37,"turns":2},{"damage":1,"enemies":"Orb Walker","floor":38,"turns":3},{"damage":2,"enemies":"Writhing Mass","floor":39,"turns":4},{"damage":6,"enemies":"Giant Head","floor":41,"turns":2},{"damage":10,"enemies":"2 Orb Walkers","floor":42,"turns":3},{"damage":9,"enemies":"4 Shapes","floor":44,"turns":1},{"damage":11,"enemies":"Nemesis","floor":45,"turns":3},{"damage":12,"enemies":"Maw","floor":47,"turns":3},{"damage":18,"enemies":"Transient","floor":48,"turns":3},{"damage":26,"enemies":"Time Eater","floor":50,"turns":5},{"damage":0,"enemies":"Shield and Spear","floor":54,"turns":1},{"damage":62,"enemies":"The Heart","floor":55,"turns":4}],"seed_played":"6151457135485510656","potions_obtained":[{"floor":3.0,"key":"Strength Potion"},{"floor":6.0,"key":"Strength Potion"},{"floor":8.0,"key":"Block Potion"},{"floor":18,"key":"Ancient Potion"},{"floor":28,"key":"GamblersBrew"},{"floor":35,"key":"Dexterity Potion"},{"floor":37,"key":"Weak Potion"},{"floor":47,"key":"Block Potion"},{"floor":48,"key":"Poison Potion"},{"floor":54,"key":"Dexterity Potion"}],"is_trial":false,"path_per_floor":["M","M","M","?","M","E","M","M","T","?","$","R","$","M","R","B",null,"M","M","?","$","M","R","E","M","T","$","M","E","M","M","R","B",null,"M","$","?","M","M","R","E","?","T","M","E","?","M","M","R","B",null,"R","$","E","B",null],"character_chosen":"IRONCLAD","items_purchased":["True Grit","Disarm","Shrug It Off","Finesse","Whetstone"],"campfire_rested":4,"item_purchase_floors":[11,13,13,36,53],"current_hp_per_floor":[80,80,80,60,59,36,33,36,36,29,29,29,29,33,57,17,80,80,71,71,71,70,80,82,84,84,84,86,80,83,78,90,90,90,92,92,94,96,96,96,98,94,94,93,88,88,84,72,72,52,102,102,102,104,48],"gold":46,"neow_bonus":"RANDOM_COMMON_RELIC","is_prod":false,"is_daily":false,"chose_seed":false,"campfire_upgraded":0,"win_rate":0,"timestamp":1553502176,"path_taken":["M","M","M","?","M","E","M","M","T","?","$","R","?","M","R","BOSS","M","M","?","$","M","R","E","M","T","$","M","E","M","M","R","BOSS","M","$","?","M","M","R","E","?","T","M","E","?","?","M","R","BOSS","R","$","E","BOSS"],"build_version":"2019-01-23","purchased_purges":5,"victory":true,"max_hp_per_floor":[80,80,80,80,80,80,80,80,80,80,80,80,80,80,80,80,80,80,80,80,80,80,80,82,84,84,84,86,88,88,90,90,90,90,92,92,94,96,96,96,98,98,98,100,100,100,102,102,102,102,102,102,102,104,104],"card_choices":[{"not_picked":["True Grit","Armaments"],"picked":"Heavy Blade","floor":1.0},{"not_picked":["Iron Wave","Heavy Blade"],"picked":"Rampage","floor":2.0},{"not_picked":["Clothesline","Shrug It Off"],"picked":"Pommel Strike","floor":3.0},{"not_picked":["Body Slam","True Grit"],"picked":"Corruption","floor":5.0},{"not_picked":["Body Slam","Immolate","Headbutt"],"picked":"SKIP","floor":6.0},{"not_picked":["Clothesline","Wild Strike"],"picked":"Seeing Red","floor":7.0},{"not_picked":["Dropkick","Twin Strike","Bludgeon"],"picked":"SKIP","floor":8.0},{"not_picked":["Iron Wave","Carnage","Pommel Strike"],"picked":"SKIP","floor":14.0},{"not_picked":["Impervious","Brutality"],"picked":"Exhume","floor":16},{"not_picked":["Shockwave","Power Through+1","Searing Blow"],"picked":"SKIP","floor":18},{"not_picked":["Cleave+1","Second Wind","Perfected Strike"],"picked":"SKIP","floor":19},{"not_picked":["Iron Wave","Seeing Red"],"picked":"Sentinel","floor":22},{"not_picked":["Twin Strike","Bludgeon","Hemokinesis"],"picked":"Singing Bowl","floor":24},{"not_picked":["Cleave","Armaments","Whirlwind+1"],"picked":"Singing Bowl","floor":25},{"not_picked":["Fire Breathing+1","Thunderclap","Body Slam"],"picked":"Singing Bowl","floor":28},{"not_picked":["Sentinel","Brutality+1","Ghostly Armor"],"picked":"Singing Bowl","floor":29},{"not_picked":["Seeing Red","Searing Blow"],"picked":"Flex","floor":30},{"not_picked":["Uppercut","Body Slam","Pommel Strike"],"picked":"Singing Bowl","floor":31},{"not_picked":["Offering","Bludgeon"],"picked":"Exhume","floor":33},{"not_picked":["Body Slam+1","Clothesline","Blood for Blood+1"],"picked":"Singing Bowl","floor":35},{"not_picked":["Havoc+1","Carnage+1","Pummel+1"],"picked":"Singing Bowl","floor":37},{"not_picked":["Cleave","Flex+1","Intimidate+1"],"picked":"Singing Bowl","floor":38},{"not_picked":["Entrench","Flame Barrier"],"picked":"Shrug It Off","floor":39},{"not_picked":["Pummel+1","Combust+1","Reckless Charge+1"],"picked":"Singing Bowl","floor":41},{"not_picked":["Shockwave+1","Clash"],"picked":"Flex","floor":42},{"not_picked":["Searing Blow+1","True Grit+1","Disarm+1"],"picked":"Singing Bowl","floor":44},{"not_picked":["Berserk+1","Uppercut"],"picked":"Shrug It Off+1","floor":45},{"not_picked":["Flex","Clash+1","Pommel Strike+1"],"picked":"Singing Bowl","floor":47},{"not_picked":["Intimidate+1","Spot Weakness+1"],"picked":"Flex+1","floor":48},{"not_picked":["Impervious","Intimidate","Shrug It Off+1"],"picked":"Singing Bowl","floor":54}],"player_experience":424611,"relics_obtained":[{"floor":6.0,"key":"Dead Branch"},{"floor":24,"key":"Singing Bowl"},{"floor":26,"key":"Frozen Egg 2"},{"floor":29,"key":"Art of War"},{"floor":37,"key":"Thread and Needle"},{"floor":41,"key":"Gambling Chip"},{"floor":42,"key":"Nunchaku"},{"floor":43,"key":"Ginger"},{"floor":45,"key":"Girya"},{"floor":54,"key":"War Paint"}],"event_choices":[{"damage_healed":0.0,"max_hp_gain":0.0,"max_hp_loss":0.0,"gold_gain":0.0,"event_name":"Golden Idol","player_choice":"Take Damage","floor":4.0,"gold_loss":0.0,"damage_taken":20.0,"relics_obtained":["Golden Idol"]},{"cards_removed":["Strike_R"],"damage_healed":0.0,"max_hp_gain":0.0,"max_hp_loss":0.0,"gold_gain":0.0,"event_name":"Golden Wing","player_choice":"Card Removal","floor":10.0,"gold_loss":0.0,"damage_taken":7.0},{"damage_healed":0,"gold_gain":0,"player_choice":"Ignored","damage_taken":0,"max_hp_gain":0,"max_hp_loss":0,"event_name":"Vampires","floor":20,"gold_loss":0},{"damage_healed":0,"gold_gain":0,"player_choice":"Fight","damage_taken":0,"max_hp_gain":0,"max_hp_loss":0,"event_name":"MindBloom","floor":37,"gold_loss":0},{"damage_healed":0,"gold_gain":0,"player_choice":"Fight","damage_taken":0,"max_hp_gain":0,"max_hp_loss":0,"event_name":"Mysterious Sphere","floor":42,"gold_loss":0},{"damage_healed":0,"gold_gain":0,"cards_transformed":["Bash","Heavy Blade"],"player_choice":"Transformed Cards","damage_taken":0,"max_hp_gain":0,"max_hp_loss":0,"event_name":"Designer","floor":46,"gold_loss":60,"cards_obtained":["Sever Soul","Bloodletting"]}],"is_beta":false,"boss_relics":[{"not_picked":["Philosopher\u0027s Stone","Runic Pyramid"],"picked":"Fusion Hammer"},{"not_picked":["Cursed Key","Eternal Feather"],"picked":"Snecko Eye"}],"items_purged_floors":[11,21,27,36,53],"is_endless":false,"potions_floor_spawned":[3,6,8,18,22,24,28,31,35,37,47,48,54],"ascension_level":0}