{"gold_per_floor":[115,130,130,130,130,130,151,187,237,252,252,270,291,46,46,46],"floor_reached":16,"playtime":823,"items_purged":[],"score":122,"play_id":"4f6f87dd-a763-4e6b-8100-d92bd7b79bd7","local_time":"20190226172839","is_ascension_mode":true,"campfire_choices":[{"data":"Iron Wave","floor":6,"key":"SMITH"},{"floor":11,"key":"REST"},{"data":"Armaments","floor":15,"key":"SMITH"}],"neow_cost":"NONE","seed_source_timestamp":522217745969000,"circlet_count":0,"master_deck":["Strike_R","Strike_R","Strike_R","Strike_R","Defend_R","Defend_R","Defend_R","Defend_R","Bash","Twin Strike","Iron Wave+1","Armaments+1","Heavy Blade","Warcry"],"relics":["Burning Blood","Lantern","Golden Idol","Bag of Marbles","Regal Pillow","Kunai"],"potions_floor_usage":[8],"damage_taken":[{"damage":3,"enemies":"2 Louse","floor":1,"turns":3},{"damage":3,"enemies":"Small Slimes","floor":2,"turns":4},{"damage":2,"enemies":"Jaw Worm","floor":7,"turns":3},{"damage":45,"enemies":"Lagavulin","floor":8,"turns":8},{"damage":0,"enemies":"Large Slime","floor":10,"turns":4},{"damage":10,"enemies":"Exordium Thugs","floor":12,"turns":3},{"damage":0,"enemies":"Blue Slaver","floor":13,"turns":3},{"damage":73,"enemies":"Slime Boss","floor":16,"turns":9}],"seed_played":"-939130366844379745","potions_obtained":[{"floor":1,"key":"GamblersBrew"},{"floor":8,"key":"Explosive Potion"},{"floor":13,"key":"SneckoOil"}],"is_trial":false,"path_per_floor":["M","M","?","?","?","R","M","E","T","M","R","M","M","$","R","B"],"character_chosen":"IRONCLAD","items_purchased":["Kunai"],"campfire_rested":1,"item_purchase_floors":[14],"current_hp_per_floor":[80,80,85,64,57,57,61,22,22,28,68,64,70,70,70,0],"gold":46,"neow_bonus":"RANDOM_COMMON_RELIC","is_prod":false,"is_daily":false,"chose_seed":false,"campfire_upgraded":2,"win_rate":0,"timestamp":1551220119,"path_taken":["M","M","?","?","?","R","M","E","T","M","R","M","M","?","R","BOSS"],"build_version":"2019-01-23","purchased_purges":0,"victory":false,"max_hp_per_floor":[80,80,85,85,85,85,85,85,85,85,85,85,85,85,85,85],"card_choices":[{"not_picked":["Reckless Charge","Warcry"],"picked":"Twin Strike","floor":1},{"not_picked":["Wild Strike","Havoc"],"picked":"Iron Wave","floor":2},{"not_picked":["Power Through","Clash","Feel No Pain"],"picked":"SKIP","floor":7},{"not_picked":["Cleave","Exhume"],"picked":"Armaments","floor":8},{"not_picked":["Evolve","Armaments"],"picked":"Heavy Blade","floor":10},{"not_picked":["True Grit","Havoc"],"picked":"Warcry","floor":12},{"not_picked":["Burning Pact","Armaments","Headbutt"],"picked":"SKIP","floor":13}],"player_experience":201581,"relics_obtained":[{"floor":8,"key":"Bag of Marbles"},{"floor":9,"key":"Regal Pillow"}],"event_choices":[{"damage_healed":0,"gold_gain":0,"player_choice":"Donut","damage_taken":0,"max_hp_gain":5,"max_hp_loss":0,"event_name":"Big Fish","floor":3,"gold_loss":0},{"damage_healed":0,"gold_gain":0,"player_choice":"Take Damage","damage_taken":21,"relics_obtained":["Golden Idol"],"max_hp_gain":0,"max_hp_loss":0,"event_name":"Golden Idol","floor":4,"gold_loss":0},{"cards_removed":["Strike_R"],"damage_healed":0,"gold_gain":0,"player_choice":"Card Removal","damage_taken":7,"max_hp_gain":0,"max_hp_loss":0,"event_name":"Golden Wing","floor":5,"gold_loss":0}],"is_beta":false,"boss_relics":[],"items_purged_floors":[],"is_endless":false,"potions_floor_spawned":[1,8,13],"killed_by":"Slime Boss","ascension_level":4}