{"gold_per_floor":[109,125,75,75,0,31,31,52,52,70,97,97,120,136,136,264,264,283,307,170,211,14,14,47,70,70,70,93,93,8,8,8,139,139,162,185,155,178,53,88,107,146,146,170,20,20,20,44,44,44],"floor_reached":50,"playtime":1843,"items_purged":["Strike_B","Injury","Defend_B","Parasite"],"score":580,"play_id":"3faa05e6-9435-4235-95c7-a67ba34932cf","local_time":"20181031234052","is_ascension_mode":false,"campfire_choices":[{"floor":7.0,"key":"REST"},{"floor":15.0,"key":"REST"},{"data":"Buffer","floor":23,"key":"SMITH"},{"floor":27,"key":"REST"},{"data":"Storm","floor":29,"key":"SMITH"},{"data":"Conserve Battery","floor":32,"key":"SMITH"},{"data":"Dualcast","floor":46,"key":"SMITH"},{"data":"Loop","floor":49,"key":"SMITH"}],"neow_cost":"NONE","seed_source_timestamp":0,"circlet_count":0,"master_deck":["Strike_B+1","Defend_B","Defend_B","Defend_B","Zap","Dualcast+1","Finesse+1","Loop+1","Loop","Conserve Battery+1","Buffer+1","Loop+1","Electrodynamics","Heatsinks+1","Storm+1","White Noise+1","Leap","Auto Shields","Echo Form","Undo+1","Auto Shields+1","White Noise+1","White Noise+1"],"special_seed":0,"relics":["Cracked Core","Boot","Odd Mushroom","DataDisk","Ice Cream","Golden Idol","Black Star","Red Mask","Lee\u0027s Waffle","Bird Faced Urn","Emotion Chip","Whetstone","War Paint","Cursed Key","Toxic Egg 2","Singing Bowl","Oddly Smooth Stone","Ancient Tea Set","WingedGreaves"],"potions_floor_usage":[21,21,21,44,50,50,50],"damage_taken":[{"damage":1.0,"enemies":"Cultist","floor":1.0,"turns":3.0},{"damage":5.0,"enemies":"Jaw Worm","floor":2.0,"turns":4.0},{"damage":23.0,"enemies":"Lagavulin","floor":6.0,"turns":7.0},{"damage":39.0,"enemies":"The Mushroom Lair","floor":8.0,"turns":5.0},{"damage":0.0,"enemies":"Small Slimes","floor":10.0,"turns":3.0},{"damage":9.0,"enemies":"Gremlin Nob","floor":11.0,"turns":4.0},{"damage":6.0,"enemies":"Exordium Wildlife","floor":13.0,"turns":4.0},{"damage":5.0,"enemies":"Looter","floor":14.0,"turns":4.0},{"damage":22.0,"enemies":"Hexaghost","floor":16.0,"turns":11.0},{"damage":11.0,"enemies":"3 Byrds","floor":18.0,"turns":3.0},{"damage":23.0,"enemies":"Shell Parasite","floor":19.0,"turns":7.0},{"damage":27,"enemies":"Masked Bandits","floor":21,"turns":3},{"damage":46,"enemies":"Book of Stabbing","floor":24,"turns":7},{"damage":17,"enemies":"Snake Plant","floor":25,"turns":4},{"damage":0,"enemies":"Centurion and Healer","floor":28,"turns":4},{"damage":35,"enemies":"Collector","floor":33,"turns":9},{"damage":3,"enemies":"Orb Walker","floor":35,"turns":3},{"damage":19,"enemies":"3 Darklings","floor":36,"turns":3},{"damage":1,"enemies":"Transient","floor":38,"turns":5},{"damage":8,"enemies":"Nemesis","floor":40,"turns":5},{"damage":1,"enemies":"Spire Growth","floor":41,"turns":3},{"damage":40,"enemies":"Giant Head","floor":42,"turns":10},{"damage":0,"enemies":"4 Shapes","floor":44,"turns":3},{"damage":0,"enemies":"3 Darklings","floor":48,"turns":3},{"damage":100,"enemies":"Awakened One","floor":50,"turns":3}],"seed_played":"-7796993068659568913","potions_obtained":[{"floor":1.0,"key":"Fire Potion"},{"floor":6.0,"key":"Fire Potion"},{"floor":10.0,"key":"Strength Potion"},{"floor":11.0,"key":"Swift Potion"},{"floor":16.0,"key":"LiquidBronze"},{"floor":18.0,"key":"Ancient Potion"},{"floor":28,"key":"Regen Potion"},{"floor":37,"key":"Ancient Potion"},{"floor":37,"key":"FearPotion"},{"floor":40,"key":"LiquidBronze"},{"floor":44,"key":"Fruit Juice"},{"floor":48,"key":"Poison Potion"}],"is_trial":false,"path_per_floor":["M","M","?","?","$","E","R","?","T","M","E","?","M","M","R","B",null,"M","M","$","?","$","R","E","M","T","R","M","R","?","?","R","B",null,"M","M","?","M","$","E","M","E","T","M","$","R","?","M","R","B"],"character_chosen":"DEFECT","items_purchased":["Storm","Lee\u0027s Waffle"],"campfire_rested":3,"item_purchase_floors":[20,22],"current_hp_per_floor":[74,69,69,62,62,39,61,22,22,22,13,13,7,2,24,2,75,64,41,41,14,82,82,36,31,31,55,71,71,71,71,71,49,82,82,63,63,78,78,82,84,44,44,59,59,59,59,75,75,0],"gold":44,"neow_bonus":"RANDOM_COLORLESS","is_prod":false,"is_daily":false,"chose_seed":false,"campfire_upgraded":5,"win_rate":0,"timestamp":1541025652,"path_taken":["M","M","?","?","?","E","R","?","T","?","E","?","M","M","R","BOSS","M","?","$","?","$","R","E","M","T","R","M","R","?","?","R","BOSS","M","M","?","M","?","E","M","E","T","?","$","R","?","?","R","BOSS"],"build_version":"2018-10-30","purchased_purges":4,"victory":false,"max_hp_per_floor":[75,75,75,75,75,75,75,75,75,75,75,75,75,75,75,75,75,75,75,75,75,82,82,82,82,82,82,82,82,82,82,82,82,82,82,82,82,82,82,82,84,84,84,91,88,88,88,90,90,90],"card_choices":[{"not_picked":["Ball Lightning","Rebound"],"picked":"Loop","floor":1.0},{"not_picked":["Recycle","Conserve Battery"],"picked":"Loop","floor":2.0},{"not_picked":["Streamline","Fusion","Amplify"],"picked":"SKIP","floor":6.0},{"not_picked":["Compile Driver","Coolheaded"],"picked":"Conserve Battery","floor":8.0},{"not_picked":["Barrage","Hologram","Coolheaded"],"picked":"SKIP","floor":10.0},{"not_picked":["Conserve Battery","Streamline"],"picked":"Buffer","floor":11.0},{"not_picked":["FTL","Turbo","Stack"],"picked":"SKIP","floor":13.0},{"not_picked":["Rebound","Undo"],"picked":"Loop","floor":14.0},{"not_picked":["Reboot","Amplify"],"picked":"Electrodynamics","floor":16.0},{"not_picked":["Beam Cell","Consume"],"picked":"Heatsinks+1","floor":18.0},{"not_picked":["Beam Cell+1","Ball Lightning","Compile Driver"],"picked":"SKIP","floor":19.0},{"not_picked":["Leap","Streamline"],"picked":"White Noise","floor":24},{"not_picked":["Conserve Battery","Turbo+1"],"picked":"Leap","floor":25},{"not_picked":["Cold Snap","Double Energy+1"],"picked":"Auto Shields","floor":28},{"not_picked":["Buffer","Creative AI"],"picked":"Echo Form","floor":33},{"not_picked":["Scrape","Redo"],"picked":"Undo+1","floor":35},{"not_picked":["Steam Power+1","Cold Snap+1"],"picked":"Auto Shields+1","floor":36},{"not_picked":["Glacier+1","Compile Driver","Hologram"],"picked":"SKIP","floor":38},{"not_picked":["Turbo+1","Aggregate"],"picked":"White Noise","floor":40},{"not_picked":["Doom and Gloom","Glacier+1","Leap+1"],"picked":"Singing Bowl","floor":41},{"not_picked":["FTL+1","Self Repair"],"picked":"White Noise+1","floor":42},{"not_picked":["Glacier+1","Barrage","Fusion+1"],"picked":"Singing Bowl","floor":44},{"not_picked":["Reinforced Body+1","Glacier+1","Consume+1"],"picked":"Singing Bowl","floor":48}],"player_experience":179540,"relics_obtained":[{"floor":6.0,"key":"Boot"},{"floor":8.0,"key":"Odd Mushroom"},{"floor":9.0,"key":"DataDisk"},{"floor":11.0,"key":"Ice Cream"},{"floor":21,"key":"Red Mask"},{"floor":24,"key":"Bird Faced Urn"},{"floor":24,"key":"Emotion Chip"},{"floor":26,"key":"Whetstone"},{"floor":40,"key":"Toxic Egg 2"},{"floor":40,"key":"Singing Bowl"},{"floor":42,"key":"Oddly Smooth Stone"},{"floor":42,"key":"Ancient Tea Set"},{"floor":43,"key":"WingedGreaves"}],"event_choices":[{"cards_removed":["Strike_B"],"damage_healed":0.0,"max_hp_gain":0.0,"max_hp_loss":0.0,"gold_gain":0.0,"event_name":"The Cleric","player_choice":"Card Removal","floor":3.0,"gold_loss":50.0,"damage_taken":0.0},{"cards_removed":["Strike_B"],"damage_healed":0.0,"max_hp_gain":0.0,"max_hp_loss":0.0,"gold_gain":0.0,"event_name":"Golden Wing","player_choice":"Card Removal","floor":4.0,"gold_loss":0.0,"damage_taken":7.0},{"damage_healed":0.0,"max_hp_gain":0.0,"max_hp_loss":0.0,"gold_gain":0.0,"event_name":"Mushrooms","player_choice":"Fought Mushrooms","floor":8.0,"gold_loss":0.0,"damage_taken":0.0},{"damage_healed":0.0,"max_hp_gain":0.0,"max_hp_loss":0.0,"gold_gain":0.0,"event_name":"Golden Idol","player_choice":"Take Wound","floor":12.0,"gold_loss":0.0,"damage_taken":0.0,"relics_obtained":["Golden Idol"],"cards_obtained":["Injury"]},{"damage_healed":0,"gold_gain":0,"player_choice":"Fought Bandits","damage_taken":0,"max_hp_gain":0,"max_hp_loss":0,"event_name":"Masked Bandits","floor":21,"gold_loss":0},{"damage_healed":0,"gold_gain":0,"player_choice":"Obtained Relic","damage_taken":0,"relics_obtained":["War Paint"],"max_hp_gain":0,"max_hp_loss":0,"event_name":"Addict","floor":30,"gold_loss":85},{"damage_healed":0,"gold_gain":0,"player_choice":"Ignored","damage_taken":0,"max_hp_gain":0,"max_hp_loss":0,"event_name":"Ghosts","floor":31,"gold_loss":0},{"damage_healed":0,"gold_gain":0,"player_choice":"Bought 2 Potions","damage_taken":0,"max_hp_gain":0,"max_hp_loss":0,"event_name":"The Woman in Blue","floor":37,"gold_loss":0},{"damage_healed":0,"gold_gain":0,"player_choice":"Upgraded","damage_taken":0,"max_hp_gain":0,"max_hp_loss":0,"event_name":"Upgrade Shrine","floor":47,"gold_loss":0,"cards_upgraded":["Loop"]}],"is_beta":true,"boss_relics":[{"not_picked":["Nuclear Battery","Astrolabe"],"picked":"Black Star"},{"not_picked":["Orrery","Busted Crown"],"picked":"Cursed Key"}],"items_purged_floors":[5,20,39,45],"is_endless":false,"potions_floor_spawned":[1,6,10,11,16,18,28,38,40,42,44,48],"killed_by":"Awakened One","ascension_level":0}