{"gold_per_floor":[117,82,82,257,275,307,307,337,413,413,424,424,436,452,452,547,547,559,457,468,468,483,483],"floor_reached":23,"playtime":946,"items_purged":["Doubt"],"score":322,"play_id":"b2b0190f-60e2-4a3c-808d-e0513c6a66eb","local_time":"20180922072805","is_ascension_mode":true,"campfire_choices":[{"floor":7.0,"key":"REST"},{"floor":10.0,"key":"REST"},{"data":"Darkness","floor":12.0,"key":"SMITH"},{"data":"Hologram","floor":15.0,"key":"SMITH"}],"neow_cost":"NONE","seed_source_timestamp":0,"circlet_count":0,"master_deck":["Strike_B+1","Strike_B+1","Strike_B+1","Defend_B+1","Defend_B+1","Zap+1","Dualcast","AscendersBane","Darkness+1","Sweeping Beam+1","Sunder+1","Go for the Eyes","Hologram+1","Storm","Amplify","Darkness+1","Conserve Battery","Buffer","Loop","Turbo","Capacitor+1","Conserve Battery"],"special_seed":0,"relics":["Astrolabe","Dream Catcher","PreservedInsect","Gremlin Horn","Snecko Eye"],"potions_floor_usage":[23],"damage_taken":[{"damage":12.0,"enemies":"Jaw Worm","floor":1.0,"turns":2.0},{"damage":14.0,"enemies":"2 Louse","floor":5.0,"turns":2.0},{"damage":15.0,"enemies":"3 Sentries","floor":6.0,"turns":5.0},{"damage":23.0,"enemies":"Gremlin Nob","floor":8.0,"turns":4.0},{"damage":0.0,"enemies":"Small Slimes","floor":11.0,"turns":2.0},{"damage":4.0,"enemies":"2 Fungi Beasts","floor":13.0,"turns":3.0},{"damage":0.0,"enemies":"Looter","floor":14.0,"turns":2.0},{"damage":35.0,"enemies":"Hexaghost","floor":16.0,"turns":7.0},{"damage":7.0,"enemies":"3 Byrds","floor":18.0,"turns":3.0},{"damage":20.0,"enemies":"Shell Parasite","floor":20.0,"turns":4.0},{"damage":15.0,"enemies":"Centurion and Healer","floor":22.0,"turns":6.0},{"damage":24,"enemies":"Gremlin Leader","floor":23,"turns":4}],"seed_played":"-3589468925040056341","potions_obtained":[{"floor":6.0,"key":"SpeedPotion"},{"floor":8.0,"key":"Block Potion"},{"floor":13.0,"key":"LiquidBronze"},{"floor":20.0,"key":"PowerPotion"},{"floor":22.0,"key":"Weak Potion"}],"is_trial":false,"path_per_floor":["M","?","?","?","M","E","R","E","T","R","M","R","M","M","R","B",null,"M","$","M","?","M"],"character_chosen":"DEFECT","items_purchased":["Turbo"],"campfire_rested":2,"item_purchase_floors":[19],"current_hp_per_floor":[56,74,59,59,45,30,52,29,29,51,51,51,47,47,47,12,59,52,52,32,32,24,0],"gold":483,"neow_bonus":"BOSS_RELIC","is_prod":false,"is_daily":false,"chose_seed":false,"campfire_upgraded":2,"win_rate":0,"timestamp":1537615685,"path_taken":["M","?","?","?","M","E","R","E","T","R","M","R","M","M","R","BOSS","M","$","M","?","M","E"],"build_version":"2018-09-20","purchased_purges":1,"victory":false,"max_hp_per_floor":[75,75,75,75,75,75,75,75,75,75,75,75,75,75,75,75,75,75,75,75,75,75,75],"card_choices":[{"not_picked":["Gash","Hello World","Sweeping Beam"],"picked":"SKIP","floor":1.0},{"not_picked":["Turbo","Barrage"],"picked":"Go for the Eyes","floor":5.0},{"not_picked":["Turbo","Recycle"],"picked":"Hologram","floor":6.0},{"not_picked":["Stack","Coolheaded"],"picked":"Storm","floor":7.0},{"not_picked":["Cold Snap","Leap"],"picked":"Amplify","floor":8.0},{"not_picked":["Cold Snap","Hologram"],"picked":"Darkness","floor":10.0},{"not_picked":["Sunder","Double Energy"],"picked":"Conserve Battery","floor":11.0},{"not_picked":["Rebound","Compile Driver","Fusion"],"picked":"SKIP","floor":13.0},{"not_picked":["Steam Power","Rebound","Go for the Eyes"],"picked":"SKIP","floor":14.0},{"not_picked":["Machine Learning","Seek"],"picked":"Buffer","floor":16.0},{"not_picked":["Redo","Force Field+1"],"picked":"Loop","floor":18.0},{"not_picked":["Chaos","Turbo"],"picked":"Capacitor+1","floor":20.0},{"not_picked":["Hologram","Ball Lightning+1"],"picked":"Conserve Battery","floor":22.0}],"player_experience":565362,"relics_obtained":[{"floor":6.0,"key":"Dream Catcher"},{"floor":8.0,"key":"PreservedInsect"},{"floor":9.0,"key":"Gremlin Horn"}],"event_choices":[{"event_name":"The Cleric","player_choice":"Healed","floor":2.0,"damage_taken":0.0},{"event_name":"Shining Light","player_choice":"Entered Light","floor":3.0,"damage_taken":0.0},{"event_name":"Liars Game","player_choice":"agreed","floor":4.0,"damage_taken":0.0},{"event_name":"Back to Basics","player_choice":"Simplicity","floor":21.0,"damage_taken":0.0}],"is_beta":false,"boss_relics":[{"not_picked":["Lizard Tail","Velvet Choker"],"picked":"Snecko Eye"}],"items_purged_floors":[19],"is_endless":false,"potions_floor_spawned":[6,8,13,20,22],"killed_by":"Gremlin Leader","ascension_level":12}