{"gold_per_floor":[117,117,182,51,61,61,89,101,113,125,137,149,161,189,201,317,329,359,371,383,405,434,446,458,501,539,568,580,612,624,654,666,678],"floor_reached":33,"playtime":1636,"items_purged":[],"score":288,"play_id":"03f6cf83-2220-4e2e-8835-2ff40d7a22e8","local_time":"20190226204645","is_ascension_mode":false,"campfire_choices":[{"data":"Defragment","floor":6,"key":"SMITH"},{"data":"Zap","floor":8,"key":"SMITH"},{"floor":12,"key":"REST"},{"data":"Conserve Battery","floor":15,"key":"SMITH"},{"data":"Biased Cognition","floor":23,"key":"SMITH"},{"floor":28,"key":"REST"},{"floor":32,"key":"REST"}],"neow_cost":"NONE","seed_source_timestamp":872260185822581,"circlet_count":0,"master_deck":["Strike_B+1","Strike_B+1","Strike_B+1","Strike_B+1","Defend_B+1","Defend_B+1","Defend_B+1","Defend_B+1","Zap+1","Dualcast+1","Ball Lightning+1","Defragment+1","Flash of Steel","Rebound","Conserve Battery+1","Regret","Gash","Biased Cognition+1","Static Discharge","Gash","Auto Shields","Beam Cell+1","Capacitor","Ball Lightning","Melter","Compile Driver"],"relics":["Cracked Core","MawBank","Question Card","Ancient Tea Set","Emotion Chip","Runic Pyramid","Strawberry","Potion Belt","Juzu Bracelet"],"potions_floor_usage":[22,33],"damage_taken":[{"damage":1,"enemies":"Cultist","floor":1,"turns":3},{"damage":9,"enemies":"2 Louse","floor":5,"turns":2},{"damage":25,"enemies":"Gremlin Nob","floor":7,"turns":4},{"damage":7,"enemies":"Jaw Worm","floor":14,"turns":2},{"damage":34,"enemies":"Hexaghost","floor":16,"turns":7},{"damage":1,"enemies":"Spheric Guardian","floor":18,"turns":3},{"damage":3,"enemies":"Chosen","floor":21,"turns":4},{"damage":28,"enemies":"Shelled Parasite and Fungi","floor":22,"turns":4},{"damage":17,"enemies":"Book of Stabbing","floor":25,"turns":4},{"damage":0,"enemies":"Cultist and Chosen","floor":27,"turns":5},{"damage":38,"enemies":"Centurion and Healer","floor":29,"turns":6},{"damage":0,"enemies":"Sentry and Sphere","floor":31,"turns":3},{"damage":54,"enemies":"Collector","floor":33,"turns":5}],"seed_played":"-4487281962973333064","potions_obtained":[{"floor":5,"key":"Energy Potion"},{"floor":16,"key":"AttackPotion"},{"floor":27,"key":"SmokeBomb"}],"is_trial":false,"path_per_floor":["M","?","?","$","M","R","E","R","T","?","?","R","?","M","R","B",null,"M","?","?","M","M","R","?","E","T","M","R","M","T","M","R","B"],"character_chosen":"DEFECT","items_purchased":["Defragment","Flash of Steel"],"campfire_rested":3,"item_purchase_floors":[4,4],"current_hp_per_floor":[81,65,65,65,56,56,31,31,31,31,31,55,52,45,45,11,82,81,81,81,78,50,50,34,24,24,24,52,14,14,14,42,0],"gold":678,"neow_bonus":"TEN_PERCENT_HP_BONUS","is_prod":false,"is_daily":false,"chose_seed":false,"campfire_upgraded":4,"win_rate":0.0,"timestamp":1551235605,"path_taken":["M","?","?","$","M","R","E","R","T","?","?","R","?","M","R","BOSS","M","?","?","?","M","R","?","E","T","M","R","M","?","M","R","BOSS"],"build_version":"2019-01-23","purchased_purges":0,"victory":false,"max_hp_per_floor":[82,82,82,82,82,82,82,82,82,82,82,82,82,82,82,82,82,82,82,82,82,82,82,87,94,94,94,94,94,94,94,94,94],"card_choices":[{"not_picked":["Doom and Gloom","Sweeping Beam"],"picked":"Ball Lightning","floor":1},{"not_picked":["Skim","Cold Snap"],"picked":"Rebound","floor":5},{"not_picked":["Storm","BootSequence"],"picked":"Conserve Battery","floor":7},{"not_picked":["Machine Learning","Reprogram","Rebound"],"picked":"Gash","floor":14},{"not_picked":["Multi-Cast","Buffer","Thunder Strike"],"picked":"Biased Cognition","floor":16},{"not_picked":["Turbo","Go for the Eyes","Beam Cell"],"picked":"Static Discharge","floor":18},{"not_picked":["Genetic Algorithm","Go for the Eyes","Chaos"],"picked":"Auto Shields","floor":21},{"not_picked":["Go for the Eyes","Compile Driver+1","Fusion"],"picked":"Beam Cell+1","floor":22},{"not_picked":["Echo Form","Gash","Self Repair+1"],"picked":"Capacitor","floor":25},{"not_picked":["Steam","Scrape","Fusion"],"picked":"Ball Lightning","floor":27},{"not_picked":["Beam Cell","Hologram","Doom and Gloom"],"picked":"Melter","floor":29},{"not_picked":["Go for the Eyes","Steam+1","Rebound"],"picked":"Compile Driver","floor":31}],"player_experience":92266,"relics_obtained":[{"floor":7,"key":"MawBank"},{"floor":9,"key":"Question Card"},{"floor":25,"key":"Strawberry"},{"floor":26,"key":"Potion Belt"},{"floor":30,"key":"Juzu Bracelet"}],"event_choices":[{"damage_healed":0,"gold_gain":0,"player_choice":"Entered Light","damage_taken":16,"max_hp_gain":0,"max_hp_loss":0,"event_name":"Shining Light","floor":2,"gold_loss":0,"cards_upgraded":["Dualcast","Ball Lightning"]},{"damage_healed":0,"gold_gain":65,"player_choice":"Gained Gold","damage_taken":0,"max_hp_gain":0,"max_hp_loss":0,"event_name":"Golden Wing","floor":3,"gold_loss":0},{"damage_healed":0,"gold_gain":0,"player_choice":"Box","damage_taken":0,"relics_obtained":["Ancient Tea Set"],"max_hp_gain":0,"max_hp_loss":0,"event_name":"Big Fish","floor":10,"gold_loss":0,"cards_obtained":["Regret"]},{"damage_healed":0,"gold_gain":0,"player_choice":"Searched \u00272\u0027 times","damage_taken":0,"relics_obtained":["Emotion Chip"],"max_hp_gain":0,"max_hp_loss":0,"event_name":"Dead Adventurer","floor":11,"gold_loss":0},{"damage_healed":0,"gold_gain":0,"player_choice":"Fled","damage_taken":3,"max_hp_gain":0,"max_hp_loss":0,"event_name":"Scrap Ooze","floor":13,"gold_loss":0},{"damage_healed":0,"gold_gain":0,"player_choice":"Simplicity","damage_taken":0,"max_hp_gain":0,"max_hp_loss":0,"event_name":"Back to Basics","floor":19,"gold_loss":0,"cards_upgraded":["Strike_B","Strike_B","Strike_B","Strike_B","Defend_B","Defend_B","Defend_B","Defend_B"]},{"damage_healed":0,"gold_gain":0,"player_choice":"Read","damage_taken":0,"max_hp_gain":0,"max_hp_loss":0,"event_name":"The Library","floor":20,"gold_loss":0,"cards_obtained":["Gash"]},{"damage_healed":0,"gold_gain":0,"player_choice":"Shed Blood","damage_taken":21,"max_hp_gain":5,"max_hp_loss":0,"event_name":"Forgotten Altar","floor":24,"gold_loss":0}],"is_beta":false,"boss_relics":[{"not_picked":["FrozenCore","White Beast Statue"],"picked":"Runic Pyramid"}],"items_purged_floors":[],"is_endless":false,"potions_floor_spawned":[5,16,27],"killed_by":"Collector","ascension_level":0}