{"path_per_floor":["M","?","?","$","M","R","M","R","T","?","?","M","R","T","R","B",null,"M","$","M","?","M","R","E","M","T","M","R","E"],"character_chosen":"IRONCLAD","items_purchased":["Perfected Strike","Whetstone"],"gold_per_floor":[112,112,112,37,50,50,68,68,68,68,68,78,78,125,125,225,225,237,37,51,51,70,70,105,105,105,124,124,152,152],"floor_reached":30,"campfire_rested":1,"playtime":829,"item_purchase_floors":[19,19],"current_hp_per_floor":[74,74,74,74,79,79,80,80,80,80,80,80,80,80,80,22,80,77,77,78,78,64,64,21,27,27,9,33,18,0],"items_purged":["Regret"],"gold":152,"score":297,"play_id":"6ad65b7a-43d6-4c30-86be-2980c929ef0b","local_time":"20180607153809","is_prod":false,"is_daily":false,"chose_seed":false,"is_ascension_mode":true,"campfire_upgraded":5,"win_rate":0,"timestamp":1528400289,"campfire_choices":[{"data":"Bloodletting","floor":6,"key":"SMITH"},{"data":"Iron Wave","floor":8,"key":"SMITH"},{"data":"Strike_R","floor":13,"key":"SMITH"},{"data":"Strike_R","floor":15,"key":"SMITH"},{"data":"Flex","floor":23,"key":"SMITH"},{"floor":28,"key":"REST"}],"path_taken":["M","?","?","$","M","R","M","R","T","?","?","M","R","?","R","BOSS","M","$","M","?","M","R","E","M","T","M","R","E","M"],"build_version":"2018-06-06","seed_source_timestamp":74880044838272,"purchased_purges":1,"victory":false,"master_deck":["Strike_R+1","Strike_R+1","Strike_R+1","Strike_R","Strike_R","Defend_R","Defend_R+1","Defend_R","Bash+1","Iron Wave+1","Bloodletting+1","Iron Wave+1","Double Tap+1","Cleave+1","Perfected Strike","Twin Strike","Flex+1","Spot Weakness","Impervious"],"max_hp_per_floor":[80,80,80,80,80,80,80,80,80,80,80,80,80,80,80,80,80,80,80,80,80,80,80,80,80,80,80,80,80,80],"relics":["Burning Blood","Boot","Toolbox","Anchor","Runic Cube","Whetstone","Pantograph","Orichalcum","War Paint"],"card_choices":[{"not_picked":["Shrug It Off","Wild Strike"],"picked":"Iron Wave","floor":1},{"not_picked":["Rage","Anger"],"picked":"Bloodletting","floor":5},{"not_picked":["Wild Strike","Pommel Strike"],"picked":"Iron Wave","floor":7},{"not_picked":["Anger","Wild Strike","Ghostly Armor"],"picked":"SKIP","floor":12},{"not_picked":["Fiend Fire","Bludgeon"],"picked":"Double Tap","floor":16},{"not_picked":["Disarm","Heavy Blade+1"],"picked":"Cleave","floor":18},{"not_picked":["Sword Boomerang","Reckless Charge+1"],"picked":"Twin Strike","floor":20},{"not_picked":["Heavy Blade","Anger"],"picked":"Flex","floor":22},{"not_picked":["Rampage","Shrug It Off"],"picked":"Spot Weakness","floor":24},{"not_picked":["Intimidate","Wild Strike+1","Heavy Blade"],"picked":"SKIP","floor":27},{"not_picked":["Headbutt","Searing Blow"],"picked":"Impervious","floor":29}],"player_experience":158823,"potions_floor_usage":[16,24,25,27,27,27,29],"damage_taken":[{"damage":12,"enemies":"Jaw Worm","floor":1,"turns":2},{"damage":1,"enemies":"Cultist","floor":5,"turns":3},{"damage":5,"enemies":"2 Louse","floor":7,"turns":2},{"damage":0,"enemies":"Looter","floor":12,"turns":2},{"damage":64,"enemies":"The Guardian","floor":16,"turns":11},{"damage":9,"enemies":"2 Thieves","floor":18,"turns":4},{"damage":5,"enemies":"3 Byrds","floor":20,"turns":4},{"damage":20,"enemies":"Centurion and Healer","floor":22,"turns":5},{"damage":49,"enemies":"Book of Stabbing","floor":24,"turns":5},{"damage":0,"enemies":"Snake Plant","floor":25,"turns":1},{"damage":24,"enemies":"3 Cultists","floor":27,"turns":4},{"damage":21,"enemies":"Slavers","floor":29,"turns":5},{"damage":19,"enemies":"Sentry and Sphere","floor":30,"turns":3}],"relics_obtained":[{"floor":9,"key":"Toolbox"},{"floor":14,"key":"Anchor"},{"floor":24,"key":"Pantograph"},{"floor":26,"key":"Orichalcum"},{"floor":29,"key":"War Paint"}],"event_choices":[{"event_name":"The Woman in Blue","player_choice":"Bought 0 Potions","floor":2,"damage_taken":0},{"event_name":"Big Fish","player_choice":"Box","floor":3,"damage_taken":0},{"event_name":"Living Wall","player_choice":"Grow","floor":10,"damage_taken":0},{"event_name":"Purifier","player_choice":"One Purge","floor":11,"damage_taken":0},{"event_name":"The Lab","player_choice":"Got Potions","floor":21,"damage_taken":0}],"boss_relics":[{"not_picked":["Philosopher\u0027s Stone","Ectoplasm"],"picked":"Runic Cube"}],"items_purged_floors":[4],"potions_floor_spawned":[12,20,24,25],"seed_played":"-4935706072173164427","killed_by":"Sentry and Sphere","ascension_level":3,"potions_obtained":[{"floor":12,"key":"Block Potion"},{"floor":20,"key":"SpeedPotion"},{"floor":21,"key":"SmokeBomb"},{"floor":21,"key":"EntropicBrew"},{"floor":24,"key":"Dexterity Potion"}],"is_trial":false}