{"gold_per_floor":[111,62,75,89,105,105,120,155,155,169,169,344,358,358,358,454,454,471,54,54,66,91,91,121,121,121,133,163,188,200,240,252,364,376,405,144,155,165,179,179,179,179],"floor_reached":42,"playtime":4077,"items_purged":["Doubt","Strike_G"],"score":735,"play_id":"bd9f6591-ca08-407a-88a5-88bc698daf4d","local_time":"20190410130318","is_ascension_mode":true,"campfire_choices":[{"data":"Blade Dance","floor":6,"key":"SMITH"},{"floor":11,"key":"REST"},{"floor":15,"key":"REST"},{"floor":23,"key":"REST"},{"data":"Terror","floor":25,"key":"SMITH"},{"floor":27,"key":"REST"},{"floor":30,"key":"REST"},{"floor":32,"key":"REST"},{"data":"Accuracy","floor":40,"key":"SMITH"}],"neow_cost":"PERCENT_DAMAGE","seed_source_timestamp":2241303563665700,"circlet_count":0,"master_deck":["AscendersBane","Defend_G","Defend_G","Defend_G","Defend_G","Defend_G","Strike_G","Strike_G","Strike_G","Strike_G","Survivor","Neutralize","Dagger Throw","Dodge and Roll","PiercingWail","Blade Dance+1","Flying Knee","Terror+1","Dodge and Roll","Cloak And Dagger","Quick Slash","Dodge and Roll","Heel Hook","Adrenaline","Escape Plan","Dodge and Roll","Infinite Blades","Escape Plan","PiercingWail+1","Cloak And Dagger","Leg Sweep","Escape Plan","Poisoned Stab","Backflip+1","Escape Plan","Blade Dance+1","Malaise+1","Cloak And Dagger","PiercingWail+1","Accuracy+1","Blade Dance+1","Blur","Leg Sweep+1","Escape Plan","Mind Blast"],"relics":["Ring of the Serpent","Gambling Chip","Prayer Wheel","Blue Candle","Philosopher\u0027s Stone","Vajra","Enchiridion","Blood Vial","Bottled Tornado","MawBank","Smiling Mask","War Paint"],"potions_floor_usage":[10,10,16,21,33,33,33,42],"damage_taken":[{"damage":0,"enemies":"Cultist","floor":1,"turns":4},{"damage":6,"enemies":"Jaw Worm","floor":3,"turns":6},{"damage":2,"enemies":"Small Slimes","floor":4,"turns":3},{"damage":0,"enemies":"Exordium Wildlife","floor":5,"turns":4},{"damage":1,"enemies":"2 Fungi Beasts","floor":7,"turns":3},{"damage":16,"enemies":"Lagavulin","floor":8,"turns":7},{"damage":16,"enemies":"Exordium Thugs","floor":10,"turns":4},{"damage":6,"enemies":"Lots of Slimes","floor":13,"turns":6},{"damage":32,"enemies":"Hexaghost","floor":16,"turns":14},{"damage":2,"enemies":"Chosen","floor":18,"turns":4},{"damage":8,"enemies":"2 Thieves","floor":21,"turns":4},{"damage":30,"enemies":"Slavers","floor":24,"turns":5},{"damage":1,"enemies":"Centurion and Healer","floor":28,"turns":5},{"damage":9,"enemies":"Snake Plant","floor":29,"turns":4},{"damage":23,"enemies":"Gremlin Leader","floor":31,"turns":9},{"damage":31,"enemies":"Collector","floor":33,"turns":10},{"damage":9,"enemies":"3 Darklings","floor":35,"turns":6},{"damage":6,"enemies":"3 Shapes","floor":37,"turns":4},{"damage":5,"enemies":"Jaw Worm Horde","floor":38,"turns":6},{"damage":14,"enemies":"Spire Growth","floor":39,"turns":6},{"damage":46,"enemies":"Giant Head","floor":42,"turns":6}],"seed_played":"-2893707646417109614","potions_obtained":[{"floor":4,"key":"FearPotion"},{"floor":5,"key":"Explosive Potion"},{"floor":8,"key":"AttackPotion"},{"floor":13,"key":"Weak Potion"},{"floor":24,"key":"PowerPotion"},{"floor":28,"key":"SpeedPotion"},{"floor":33,"key":"Energy Potion"},{"floor":37,"key":"PowerPotion"},{"floor":38,"key":"SteroidPotion"}],"is_trial":false,"path_per_floor":["M","$","M","M","M","R","M","E","T","M","R","?","M","?","R","B",null,"M","$","?","M","T","R","E","R","T","R","M","M","R","E","R","B",null,"M","$","M","M","M","R","?","E"],"character_chosen":"THE_SILENT","items_purchased":["Dodge and Roll","Vajra","Infinite Blades","GhostInAJar","Escape Plan","Accuracy","War Paint"],"campfire_rested":6,"item_purchase_floors":[2,19,19,19,19,36,36],"current_hp_per_floor":[45,45,39,37,37,37,36,20,20,4,25,25,19,19,40,8,55,53,53,37,29,29,50,22,22,22,43,44,37,58,37,58,29,60,53,53,49,46,34,34,34,0],"gold":179,"neow_bonus":"ONE_RARE_RELIC","is_prod":false,"is_daily":false,"chose_seed":false,"campfire_upgraded":3,"win_rate":0,"timestamp":1554915798,"path_taken":["M","?","M","M","M","R","M","E","T","M","R","?","M","?","R","BOSS","M","$","?","M","?","R","E","R","T","R","M","M","R","E","R","BOSS","M","$","M","M","M","R","?","E"],"build_version":"2019-01-23","purchased_purges":2,"victory":false,"max_hp_per_floor":[70,70,70,70,70,70,70,70,70,70,70,70,70,70,70,70,70,70,70,70,70,70,70,70,70,70,70,70,70,70,70,70,70,70,70,70,70,70,70,70,70,70],"card_choices":[{"not_picked":["Accuracy","Prepared"],"picked":"Dagger Throw","floor":1},{"not_picked":["Dagger Throw","Poisoned Stab"],"picked":"PiercingWail","floor":3},{"not_picked":["Dash","Outmaneuver"],"picked":"Blade Dance","floor":4},{"not_picked":["Expertise","Dagger Throw"],"picked":"Flying Knee","floor":5},{"not_picked":["PiercingWail","Sucker Punch"],"picked":"Terror","floor":7},{"not_picked":["Concentrate","Poisoned Stab"],"picked":"Dodge and Roll","floor":8},{"not_picked":["Catalyst","Deadly Poison"],"picked":"Cloak And Dagger","floor":10},{"not_picked":["Concentrate","All Out Attack"],"picked":"Quick Slash","floor":10},{"not_picked":["Predator","Bouncing Flask"],"picked":"Dodge and Roll","floor":13},{"not_picked":["Outmaneuver","Bouncing Flask"],"picked":"Heel Hook","floor":13},{"not_picked":["Corpse Explosion","Malaise"],"picked":"Adrenaline","floor":16},{"not_picked":["Underhanded Strike","Dagger Spray"],"picked":"Escape Plan","floor":18},{"not_picked":["PiercingWail","Flying Knee"],"picked":"Dodge and Roll","floor":18},{"not_picked":["Unload","Slice"],"picked":"PiercingWail+1","floor":21},{"not_picked":["Leg Sweep","Blur"],"picked":"Cloak And Dagger","floor":21},{"not_picked":["Deadly Poison","Masterful Stab"],"picked":"Leg Sweep","floor":24},{"not_picked":["Concentrate","Poisoned Stab"],"picked":"Escape Plan","floor":28},{"not_picked":["Dash","Catalyst+1"],"picked":"Poisoned Stab","floor":28},{"not_picked":["PiercingWail","Prepared+1"],"picked":"Backflip+1","floor":29},{"not_picked":["Underhanded Strike","Leg Sweep"],"picked":"Escape Plan","floor":29},{"not_picked":["Flying Knee+1","Caltrops"],"picked":"Blade Dance","floor":31},{"not_picked":["Burst","Tools of the Trade"],"picked":"Malaise","floor":33},{"not_picked":["Deflect","Well Laid Plans"],"picked":"Cloak And Dagger","floor":35},{"not_picked":["Dash","Concentrate+1"],"picked":"PiercingWail+1","floor":35},{"not_picked":["Slice","Distraction+1"],"picked":"Blade Dance+1","floor":37},{"not_picked":["Acrobatics+1","Eviscerate"],"picked":"Blur","floor":37},{"not_picked":["Dash+1","Eviscerate"],"picked":"Leg Sweep+1","floor":38},{"not_picked":["Flying Knee","Deadly Poison","Dagger Spray+1"],"picked":"SKIP","floor":38},{"not_picked":["Predator+1","Masterful Stab+1"],"picked":"Escape Plan","floor":39},{"not_picked":["All Out Attack","Masterful Stab+1","Choke"],"picked":"SKIP","floor":39},{"not_picked":["Forethought","Bandage Up"],"picked":"Mind Blast","floor":41}],"player_experience":311311,"relics_obtained":[{"floor":8,"key":"Prayer Wheel"},{"floor":9,"key":"Blue Candle"},{"floor":20,"key":"Enchiridion"},{"floor":22,"key":"Blood Vial"},{"floor":24,"key":"Bottled Tornado"},{"floor":26,"key":"MawBank"},{"floor":31,"key":"Smiling Mask"}],"event_choices":[{"damage_healed":0,"gold_gain":175,"player_choice":"AGREE","damage_taken":0,"max_hp_gain":0,"max_hp_loss":0,"event_name":"Liars Game","floor":12,"gold_loss":0,"cards_obtained":["Doubt"]},{"damage_healed":0,"gold_gain":0,"player_choice":"Ignored","damage_taken":0,"max_hp_gain":0,"max_hp_loss":0,"event_name":"Shining Light","floor":14,"gold_loss":0},{"damage_healed":0,"gold_gain":0,"player_choice":"Obtained Book","damage_taken":16,"max_hp_gain":0,"max_hp_loss":0,"event_name":"Cursed Tome","floor":20,"gold_loss":0},{"damage_healed":0,"gold_gain":0,"player_choice":"Memory 1","damage_taken":0,"max_hp_gain":0,"max_hp_loss":0,"event_name":"SensoryStone","floor":41,"gold_loss":0}],"is_beta":false,"boss_relics":[{"not_picked":["Sozu","Astrolabe"],"picked":"Philosopher\u0027s Stone"},{"not_picked":["Empty Cage","Calling Bell"],"picked":"Ring of the Serpent"}],"items_purged_floors":[19,36],"is_endless":false,"potions_floor_spawned":[4,5,8,13,24,28,29,33,37,38],"killed_by":"Giant Head","ascension_level":10}