{"path_per_floor":["M","?","$","M","M","R","E","?","T","$","M","?","M","M","R","B",null,"M","?","M","$"],"character_chosen":"DEFECT","items_purchased":["Capacitor","FTL","War Paint"],"gold_per_floor":[117,117,42,62,78,78,110,285,285,17,34,34,44,59,59,158,158,170,95,113,13,13],"floor_reached":22,"campfire_rested":0,"playtime":1441,"current_hp_per_floor":[74,74,74,74,70,70,29,35,35,35,28,81,73,62,62,39,81,10,10,6,6,0],"items_purged":["Strike_B","Doubt","Strike_B"],"gold":13,"score":195,"play_id":"19368605-1df5-40eb-978b-949e2e612e1b","local_time":"20180427145221","is_prod":false,"is_daily":false,"chose_seed":false,"is_ascension_mode":true,"campfire_upgraded":2,"timestamp":1524811941,"path_taken":["M","?","$","M","M","R","E","?","T","?","M","?","M","?","R","BOSS","M","?","?","$","M"],"build_version":"2018-04-26v2","seed_source_timestamp":1057076113778414,"purchased_purges":3,"victory":false,"master_deck":["Defend_B+1","Defend_B","Defend_B+1","Defend_B","Zap","Dualcast+1","Hologram","Beam Cell","Impulse+1","Impulse","Capacitor","FTL","Streamline+1","Capacitor","Sweeping Beam","Prime","Tempest","Force Field"],"max_hp_per_floor":[75,75,75,75,75,75,75,81,81,81,81,81,81,81,81,81,81,81,81,81,81,81],"relics":["Cracked Core","Darkstone Periapt","The Courier","War Paint","Lizard Tail"],"card_choices":[{"not_picked":["Barrage","Flux Capacitor"],"picked":"Hologram","floor":1},{"not_picked":["Self Repair","Coolheaded"],"picked":"Beam Cell","floor":4},{"not_picked":["Coolheaded","Storm"],"picked":"Impulse","floor":5},{"not_picked":["Reinforced Body","Creative AI"],"picked":"Impulse","floor":7},{"not_picked":["Aggregate","Impulse"],"picked":"Streamline","floor":11},{"not_picked":["Axe Kick","Darkness"],"picked":"Capacitor","floor":13},{"not_picked":["Axe Kick","Barrage"],"picked":"Sweeping Beam","floor":14},{"not_picked":["Rainbow","All For One"],"picked":"Prime","floor":16},{"not_picked":["Hello World","Leap"],"picked":"Tempest","floor":18},{"not_picked":["Static Discharge","Coolheaded"],"picked":"Force Field","floor":20}],"player_experience":135971,"potions_floor_usage":[16,22],"damage_taken":[{"damage":1,"enemies":"Jaw Worm","floor":1,"turns":4},{"damage":0,"enemies":"Cultist","floor":4,"turns":4},{"damage":4,"enemies":"2 Louse","floor":5,"turns":3},{"damage":41,"enemies":"3 Sentries","floor":7,"turns":9},{"damage":7,"enemies":"2 Fungi Beasts","floor":11,"turns":4},{"damage":8,"enemies":"Blue Slaver","floor":13,"turns":3},{"damage":11,"enemies":"Large Slime","floor":14,"turns":5},{"damage":23,"enemies":"The Guardian","floor":16,"turns":11},{"damage":71,"enemies":"Shell Parasite","floor":18,"turns":7},{"damage":4,"enemies":"Chosen","floor":20,"turns":6},{"damage":55,"enemies":"Slaver and Parasite","floor":22,"turns":4}],"event_choices":[{"event_name":"Bonfire Elementals","player_choice":"BASIC","floor":2,"damage_taken":0},{"event_name":"Liars Game","player_choice":"agreed","floor":8,"damage_taken":0},{"event_name":"Wheel of Change","player_choice":"Full Heal","floor":12,"damage_taken":0},{"event_name":"Beggar","player_choice":"Gave Gold","floor":19,"damage_taken":0}],"boss_relics":[{"not_picked":["Sozu","Runic Dome"],"picked":"Lizard Tail"}],"potions_floor_spawned":[11,14,20],"seed_played":"7960829831776087784","killed_by":"Slaver and Parasite","ascension_level":1,"is_trial":false}