{"gold_per_floor":[117,77,77,92,92,127,147,172,195,195,195,195,228,244,244,345,345,361,361,451,70,83,83],"floor_reached":23,"playtime":726,"items_purged":["Strike_B+1"],"score":247,"play_id":"09625ab1-564f-4c80-97d6-38a2f5dc7be2","local_time":"20180816012637","is_ascension_mode":true,"campfire_choices":[{"floor":10,"key":"REST"},{"floor":15,"key":"REST"}],"neow_cost":"TEN_PERCENT_HP_LOSS","seed_source_timestamp":356436266111719,"circlet_count":0,"master_deck":["Strike_B+1","Strike_B+1","Defend_B+1","Defend_B+1","Defend_B+1","Defend_B+1","Zap","Dualcast","Ball Lightning","Conserve Battery","Self Repair","White Noise","Electrodynamics","Reinforced Body","Thunder Strike","Mind Blast"],"relics":["Cracked Core","Nunchaku","Blood Vial","Orichalcum","Thread and Needle","Ancient Tea Set","Spirit Poop","Peace Pipe","Inserter","Gambling Chip"],"potions_floor_usage":[8,13,13,16],"damage_taken":[{"damage":9,"enemies":"Small Slimes","floor":1,"turns":2},{"damage":1,"enemies":"Cultist","floor":4,"turns":3},{"damage":44,"enemies":"3 Sentries","floor":6,"turns":7},{"damage":3,"enemies":"2 Louse","floor":7,"turns":2},{"damage":35,"enemies":"Gremlin Nob","floor":8,"turns":4},{"damage":8,"enemies":"3 Sentries","floor":13,"turns":5},{"damage":1,"enemies":"Looter","floor":14,"turns":2},{"damage":9,"enemies":"The Guardian","floor":16,"turns":9},{"damage":11,"enemies":"2 Thieves","floor":18,"turns":4},{"damage":6,"enemies":"Chosen","floor":22,"turns":5},{"damage":44,"enemies":"Gremlin Leader","floor":23,"turns":5}],"seed_played":"-1634469693221761717","potions_obtained":[{"floor":2,"key":"FairyPotion"},{"floor":2,"key":"SmokeBomb"},{"floor":2,"key":"EntropicBrew"},{"floor":6,"key":"Strength Potion"},{"floor":16,"key":"Swift Potion"},{"floor":22,"key":"SneckoOil"}],"is_trial":false,"path_per_floor":["M","?","?","M","?","E","M","E","T","R","?","$","E","M","R","B",null,"M","?","?","$","M"],"character_chosen":"DEFECT","items_purchased":["Gambling Chip"],"campfire_rested":2,"item_purchase_floors":[21],"current_hp_per_floor":[59,59,52,51,51,9,8,13,13,33,33,33,34,35,55,48,68,57,57,39,39,42,0],"gold":83,"neow_bonus":"ONE_RARE_RELIC","is_prod":false,"is_daily":false,"chose_seed":false,"campfire_upgraded":0,"win_rate":0,"timestamp":1534375597,"path_taken":["M","?","?","?","?","E","?","E","T","R","?","?","E","M","R","BOSS","M","?","?","$","?","E"],"build_version":"2018-08-14","purchased_purges":1,"victory":false,"max_hp_per_floor":[68,68,68,68,68,68,68,68,68,68,68,68,68,68,68,68,68,68,68,68,68,68,68],"card_choices":[{"not_picked":["Coolheaded","Redo"],"picked":"Ball Lightning","floor":1},{"not_picked":["Stack","Consume","Barrage"],"picked":"SKIP","floor":4},{"not_picked":["Recycle","Coolheaded"],"picked":"Conserve Battery","floor":6},{"not_picked":["Steam","Recycle"],"picked":"Self Repair","floor":7},{"not_picked":["Turbo","Go for the Eyes"],"picked":"White Noise","floor":8},{"not_picked":["Lockon","Redo"],"picked":"Electrodynamics","floor":13},{"not_picked":["Coolheaded","Compile Driver"],"picked":"Reinforced Body","floor":14},{"not_picked":["Biased Cognition","Amplify"],"picked":"Thunder Strike","floor":16},{"not_picked":["BootSequence","Glacier","Chaos"],"picked":"SKIP","floor":18},{"not_picked":["Recycle","Turbo+1","Darkness+1"],"picked":"SKIP","floor":22}],"player_experience":71280,"relics_obtained":[{"floor":6,"key":"Orichalcum"},{"floor":8,"key":"Thread and Needle"},{"floor":9,"key":"Ancient Tea Set"},{"floor":13,"key":"Peace Pipe"}],"event_choices":[{"event_name":"The Woman in Blue","player_choice":"Bought 3 Potions","floor":2,"damage_taken":0},{"event_name":"Golden Wing","player_choice":"Card Removal","floor":3,"damage_taken":0},{"event_name":"Big Fish","player_choice":"Box","floor":5,"damage_taken":0},{"event_name":"Bonfire Elementals","player_choice":"CURSE","floor":11,"damage_taken":0},{"event_name":"Back to Basics","player_choice":"Simplicity","floor":19,"damage_taken":0},{"event_name":"Knowing Skull","player_choice":"CARD GOLD ","floor":20,"damage_taken":0}],"is_beta":true,"boss_relics":[{"not_picked":["Eternal Feather","Orrery"],"picked":"Inserter"}],"items_purged_floors":[21],"is_endless":false,"potions_floor_spawned":[6,16,22],"killed_by":"Gremlin Leader","ascension_level":4}