{"gold_per_floor":[143,218,143,163,163,180,180,193,193,93,63,97,20,20],"floor_reached":14,"playtime":471,"items_purged":["Normality","Injury"],"score":97,"play_id":"4f051422-efec-46ec-9c4a-ed65041d39e2","local_time":"20180730020545","is_ascension_mode":true,"campfire_choices":[{"data":"Conserve Battery","floor":7,"key":"SMITH"}],"neow_cost":"NONE","seed_source_timestamp":1565058647421835,"circlet_count":0,"master_deck":["Strike_B","Strike_B","Strike_B","Strike_B","Defend_B","Defend_B","Defend_B","Defend_B","Zap","Dualcast","Parasite","Conserve Battery+1","Undo","Double Energy","Self Repair"],"relics":["Calling Bell","Tiny Chest","Matryoshka","StoneCalendar","Sundial","Regal Pillow","Bottled Lightning","Kunai"],"potions_floor_usage":[12],"damage_taken":[{"damage":12,"enemies":"Small Slimes","floor":1,"turns":4},{"damage":0,"enemies":"2 Louse","floor":4,"turns":3},{"damage":6,"enemies":"Cultist","floor":6,"turns":4},{"damage":11,"enemies":"Blue Slaver","floor":8,"turns":5},{"damage":6,"enemies":"Looter","floor":11,"turns":4},{"damage":15,"enemies":"3 Sentries","floor":12,"turns":7},{"damage":6,"enemies":"Lagavulin","floor":14,"turns":4}],"seed_played":"2532705029548944054","potions_obtained":[{"floor":4,"key":"SneckoOil"}],"is_trial":false,"path_per_floor":["M","?","$","M","?","M","R","M","T","$","M","E","$"],"character_chosen":"DEFECT","items_purchased":["Self Repair"],"campfire_rested":0,"item_purchase_floors":[13],"current_hp_per_floor":[63,52,52,52,40,34,34,23,23,23,17,2,2,0],"gold":20,"neow_bonus":"BOSS_RELIC","is_prod":false,"is_daily":false,"chose_seed":false,"campfire_upgraded":1,"win_rate":0,"timestamp":1532909145,"path_taken":["M","?","$","M","?","M","R","?","T","$","M","E","$","E"],"build_version":"2018-07-26","purchased_purges":2,"victory":false,"max_hp_per_floor":[75,75,75,75,75,75,75,75,75,75,75,75,75,75],"card_choices":[{"not_picked":["Streamline","Steam"],"picked":"Conserve Battery","floor":1},{"not_picked":["Sunder","Sweeping Beam","Streamline"],"picked":"SKIP","floor":4},{"not_picked":["Sweeping Beam","Scrape","Beam Cell"],"picked":"SKIP","floor":6},{"not_picked":["Doom and Gloom","Aggregate"],"picked":"Undo","floor":8},{"not_picked":["Melter","Fission","Barrage"],"picked":"SKIP","floor":11},{"not_picked":["Rebound","Storm"],"picked":"Double Energy","floor":12}],"player_experience":338778,"relics_obtained":[{"floor":0,"key":"Tiny Chest"},{"floor":0,"key":"Matryoshka"},{"floor":0,"key":"StoneCalendar"},{"floor":9,"key":"Regal Pillow"},{"floor":9,"key":"Bottled Lightning"},{"floor":12,"key":"Kunai"}],"event_choices":[{"event_name":"World of Goop","player_choice":"Gather Gold","floor":2,"damage_taken":0},{"event_name":"Scrap Ooze","player_choice":"success","floor":5,"damage_taken":12}],"is_beta":false,"boss_relics":[],"items_purged_floors":[3,10],"is_endless":false,"potions_floor_spawned":[4],"killed_by":"Lagavulin","ascension_level":2}