{"gold_per_floor":[15,29,47,47,97,97,108,108,108,108,135,149,22,22,22,101,101,119,39,55,55,105,105,5,5,5,33,52,52,85,103,103,178,178,189,189,64,0,11,46,46,80,80,113,113,125,142,167,167,167,167,167,167,17,51,51],"floor_reached":57,"playtime":2853,"items_purged":["Strike_G","Storm of Steel+1","Bouncing Flask+1","Poisoned Stab+1"],"score":3187,"play_id":"d845aecf-ddeb-4dc2-a644-f2549ffa76a0","local_time":"20190412013234","is_ascension_mode":true,"campfire_choices":[{"data":"Poisoned Stab","floor":6.0,"key":"SMITH"},{"data":"Choke","floor":8.0,"key":"SMITH"},{"data":"Neutralize","floor":15.0,"key":"SMITH"},{"data":"Well Laid Plans","floor":23.0,"key":"SMITH"},{"floor":32.0,"key":"RECALL"},{"data":"Backflip","floor":41,"key":"SMITH"},{"data":"Survivor","floor":49,"key":"SMITH"},{"data":"Backstab","floor":53,"key":"SMITH"}],"neow_cost":"NO_GOLD","seed_source_timestamp":216407845244873,"circlet_count":0,"master_deck":["AscendersBane","Survivor+1","Neutralize+1","Backflip+1","Choke+1","Prepared+1","Acrobatics+1","Backstab+1","Doppelganger+1","Escape Plan+1","Tactician+1","Crippling Poison+1","PiercingWail+1","Well Laid Plans+1","Crippling Poison+1","Doppelganger+1","Master of Strategy+1","Madness+1","Calculated Gamble+1","Madness+1","Madness+1","Footwork+1","Dodge and Roll+1"],"special_seed":0,"relics":["Ring of the Snake","Mercury Hourglass","Meat on the Bone","Toxic Egg 2","Pandora\u0027s Box","Orichalcum","The Specimen","Coffee Dripper","Red Mask","Shuriken","Calipers","Blue Candle","Mummified Hand","Bottled Lightning","Snake Skull"],"potions_floor_usage":[56,56],"damage_taken":[{"damage":7.0,"enemies":"Jaw Worm","floor":1.0,"turns":5.0},{"damage":0.0,"enemies":"2 Louse","floor":2.0,"turns":4.0},{"damage":0.0,"enemies":"Cultist","floor":3.0,"turns":4.0},{"damage":10.0,"enemies":"Exordium Thugs","floor":7.0,"turns":8.0},{"damage":28.0,"enemies":"Gremlin Nob","floor":11.0,"turns":4.0},{"damage":0.0,"enemies":"2 Fungi Beasts","floor":12.0,"turns":3.0},{"damage":17.0,"enemies":"Hexaghost","floor":16.0,"turns":11.0},{"damage":0.0,"enemies":"3 Byrds","floor":18.0,"turns":3.0},{"damage":0.0,"enemies":"Spheric Guardian","floor":20.0,"turns":2.0},{"damage":10.0,"enemies":"Book of Stabbing","floor":27.0,"turns":3.0},{"damage":0.0,"enemies":"Centurion and Healer","floor":28.0,"turns":3.0},{"damage":8.0,"enemies":"Slavers","floor":30.0,"turns":4.0},{"damage":0.0,"enemies":"Snake Plant","floor":31.0,"turns":2.0},{"damage":0.0,"enemies":"Collector","floor":33.0,"turns":2.0},{"damage":0.0,"enemies":"Orb Walker","floor":35.0,"turns":2.0},{"damage":0,"enemies":"3 Darklings","floor":39,"turns":2},{"damage":0,"enemies":"Nemesis","floor":40,"turns":3},{"damage":0,"enemies":"Giant Head","floor":42,"turns":2},{"damage":1,"enemies":"Nemesis","floor":44,"turns":3},{"damage":14,"enemies":"Sphere and 2 Shapes","floor":46,"turns":2},{"damage":1,"enemies":"Maw","floor":47,"turns":2},{"damage":0,"enemies":"Reptomancer","floor":48,"turns":2},{"damage":0,"enemies":"Awakened One","floor":50,"turns":3},{"damage":21,"enemies":"Time Eater","floor":51,"turns":8},{"damage":21,"enemies":"Shield and Spear","floor":55,"turns":4},{"damage":24,"enemies":"The Heart","floor":56,"turns":8}],"seed_played":"8226078408588478472","potions_obtained":[{"floor":2.0,"key":"Strength Potion"},{"floor":11.0,"key":"GhostInAJar"},{"floor":18.0,"key":"SpeedPotion"},{"floor":27.0,"key":"Energy Potion"},{"floor":30.0,"key":"Strength Potion"},{"floor":48,"key":"Ancient Potion"}],"is_trial":false,"path_per_floor":["M","M","M","?","?","R","M","R","T","T","E","M","$","?","R","B",null,"M","$","M","?","?","R","$","?","T","E","M","?","E","M","R","B",null,"M","?","$","?","M","E","R","E","T","E","?","M","M","E","R","B","B",null,"R","$","E","B",null],"character_chosen":"THE_SILENT","items_purchased":["Acrobatics+1","Well Laid Plans"],"campfire_rested":0,"item_purchase_floors":[13,19],"current_hp_per_floor":[52,52,52,57,57,57,47,47,47,47,31,43,43,43,43,38,63,63,63,63,63,63,63,63,63,63,53,53,53,45,45,45,45,65,65,60,60,60,60,60,60,60,60,59,46,44,43,43,43,43,34,62,62,62,41,29],"gold":51,"neow_bonus":"TRANSFORM_TWO_CARDS","is_prod":false,"is_daily":false,"chose_seed":false,"campfire_upgraded":7,"win_rate":0,"timestamp":1555003954,"path_taken":["M","M","M","?","?","R","?","R","T","?","E","M","$","?","R","BOSS","M","$","M","?","?","R","$","?","T","E","M","?","E","M","R","BOSS","M","?","$","?","M","E","R","E","T","E","?","?","M","E","R","BOSS","BOSS","R","$","E","BOSS"],"build_version":"2019-01-23","purchased_purges":4,"victory":true,"max_hp_per_floor":[66,66,66,71,71,71,71,71,71,71,71,71,71,71,71,71,71,71,71,71,71,71,71,71,71,71,71,71,71,71,71,71,71,71,71,71,71,71,71,71,71,71,71,71,71,71,71,71,71,71,71,71,71,71,71,71],"card_choices":[{"not_picked":["Deadly Poison","Leg Sweep","Flying Knee"],"picked":"SKIP","floor":1.0},{"not_picked":["Deadly Poison","Underhanded Strike"],"picked":"Backflip","floor":2.0},{"not_picked":["Backflip","Reflex","Bane"],"picked":"SKIP","floor":3.0},{"not_picked":["Endless Agony","Prepared"],"picked":"Choke","floor":7.0},{"not_picked":["Backflip","Dagger Throw","Poisoned Stab"],"picked":"SKIP","floor":11.0},{"not_picked":["Blade Dance+1","Sucker Punch"],"picked":"Prepared+1","floor":12.0},{"not_picked":["Venomology+1","Die Die Die"],"picked":"Doppelganger+1","floor":16.0},{"not_picked":["Quick Slash","Endless Agony"],"picked":"PiercingWail+1","floor":18.0},{"not_picked":["Cloak And Dagger+1","Bane","Caltrops"],"picked":"SKIP","floor":20.0},{"not_picked":["Blur+1","Outmaneuver+1","Blade Dance+1"],"picked":"SKIP","floor":27.0},{"not_picked":["Blade Dance+1","Well Laid Plans+1","Distraction+1"],"picked":"SKIP","floor":28.0},{"not_picked":["Blur+1","Tactician+1","Prepared+1"],"picked":"SKIP","floor":30.0},{"not_picked":["Acrobatics+1","Poisoned Stab","PiercingWail+1"],"picked":"SKIP","floor":31.0},{"not_picked":["Bane","Distraction+1","Quick Slash"],"picked":"SKIP","floor":35.0},{"not_picked":["Forethought+1","Thinking Ahead+1"],"picked":"Master of Strategy+1","floor":36},{"not_picked":["Jack Of All Trades+1","Thinking Ahead+1"],"picked":"Madness+1","floor":36},{"not_picked":["Bouncing Flask+1","Deadly Poison+1","Dodge and Roll+1"],"picked":"SKIP","floor":39},{"not_picked":["Sucker Punch+1","Well Laid Plans+1","Blade Dance+1"],"picked":"SKIP","floor":40},{"not_picked":["Night Terror+1","Masterful Stab+1","Deflect+1"],"picked":"SKIP","floor":42},{"not_picked":["Dodge and Roll+1","Flying Knee"],"picked":"Calculated Gamble+1","floor":44},{"not_picked":["Bane","Expertise+1","Deflect+1"],"picked":"SKIP","floor":46},{"not_picked":["Cloak And Dagger+1","Masterful Stab+1","Dagger Spray"],"picked":"SKIP","floor":47},{"not_picked":["Night Terror+1","Acrobatics+1"],"picked":"Footwork+1","floor":48},{"not_picked":["Quick Slash","Tactician+1"],"picked":"Dodge and Roll+1","floor":55}],"player_experience":1368136,"relics_obtained":[{"floor":9.0,"key":"Mercury Hourglass"},{"floor":10.0,"key":"Meat on the Bone"},{"floor":11.0,"key":"Toxic Egg 2"},{"floor":27.0,"key":"Orichalcum"},{"floor":30.0,"key":"The Specimen"},{"floor":40,"key":"Shuriken"},{"floor":42,"key":"Calipers"},{"floor":43,"key":"Blue Candle"},{"floor":44,"key":"Mummified Hand"},{"floor":48,"key":"Bottled Lightning"},{"floor":55,"key":"Snake Skull"}],"event_choices":[{"damage_healed":0.0,"max_hp_gain":5.0,"max_hp_loss":0.0,"gold_gain":0.0,"event_name":"Big Fish","player_choice":"Donut","floor":4.0,"gold_loss":0.0,"damage_taken":0.0},{"damage_healed":0.0,"max_hp_gain":0.0,"max_hp_loss":0.0,"gold_gain":50.0,"event_name":"Golden Shrine","player_choice":"Pray","floor":5.0,"gold_loss":0.0,"damage_taken":0.0},{"damage_healed":0.0,"max_hp_gain":0.0,"max_hp_loss":0.0,"gold_gain":0.0,"cards_transformed":["Strike_G"],"event_name":"Living Wall","player_choice":"Change","floor":14.0,"gold_loss":0.0,"damage_taken":0.0,"cards_obtained":["Backstab"]},{"damage_healed":0.0,"max_hp_gain":0.0,"max_hp_loss":0.0,"gold_gain":0.0,"event_name":"Beggar","player_choice":"Ignored","floor":21.0,"gold_loss":0.0,"damage_taken":0.0},{"damage_healed":0.0,"max_hp_gain":0.0,"max_hp_loss":0.0,"gold_gain":50.0,"event_name":"Nest","player_choice":"Stole From Cult","floor":22.0,"gold_loss":0.0,"damage_taken":0.0},{"damage_healed":0.0,"max_hp_gain":0.0,"max_hp_loss":0.0,"gold_gain":0.0,"cards_transformed":["Eviscerate","Skewer"],"event_name":"Drug Dealer","player_choice":"Became Test Subject","floor":25.0,"gold_loss":0.0,"damage_taken":0.0,"cards_obtained":["Crippling Poison","Doppelganger"]},{"damage_healed":0.0,"max_hp_gain":0.0,"max_hp_loss":0.0,"gold_gain":0.0,"event_name":"Lab","player_choice":"Got Potions","floor":29.0,"gold_loss":0.0,"damage_taken":0.0},{"damage_healed":0,"gold_gain":0,"player_choice":"Memory 2","damage_taken":5,"max_hp_gain":0,"max_hp_loss":0,"event_name":"SensoryStone","floor":36,"gold_loss":0},{"damage_healed":0,"gold_gain":0,"player_choice":"Paid","damage_taken":0,"relics_obtained":["Red Mask"],"max_hp_gain":0,"max_hp_loss":0,"event_name":"Tomb of Lord Red Mask","floor":38,"gold_loss":64},{"damage_healed":0,"gold_gain":0,"player_choice":"Embrace Madness","damage_taken":13,"max_hp_gain":0,"max_hp_loss":0,"event_name":"Winding Halls","floor":45,"gold_loss":0,"cards_obtained":["Madness","Madness"]}],"is_beta":false,"boss_relics":[{"not_picked":["Orrery","Runic Dome"],"picked":"Pandora\u0027s Box"},{"not_picked":["Cursed Key","Astrolabe"],"picked":"Coffee Dripper"}],"items_purged_floors":[13,24,37,54],"is_endless":false,"potions_floor_spawned":[2,11,18,27,28,30,42,44,46,48],"ascension_level":20}