{"gold_per_floor":[213,229,242,242,71,105,105,130,157,168,168,168,168,194,194,269,269,286,298,24,24,24,24,44,79,104,136,148,173,173,173,173,173],"floor_reached":33,"playtime":1071,"items_purged":["Strike_B"],"score":692,"play_id":"88396593-364b-4b4f-a6fc-bf24e1574e31","local_time":"20190503154126","is_ascension_mode":true,"campfire_choices":[{"data":"Zap","floor":7.0,"key":"SMITH"},{"data":"Turbo","floor":11.0,"key":"SMITH"},{"data":"Dualcast","floor":13.0,"key":"SMITH"},{"data":"Hologram","floor":15.0,"key":"SMITH"},{"data":"Capacitor","floor":23.0,"key":"SMITH"},{"data":"Recycle","floor":30.0,"key":"SMITH"},{"floor":32.0,"key":"REST"}],"neow_cost":"NONE","seed_source_timestamp":749889293888144,"circlet_count":0,"master_deck":["AscendersBane","Defend_B","Defend_B","Defend_B","Zap+1","Dualcast+1","Turbo+1","Skim+1","Ball Lightning","Self Repair","Melter","Hologram+1","Stack","Capacitor+1","Gash","Electrodynamics","Tempest","Ball Lightning+1","Steam","Turbo","Tempest+1","Stack+1","Hologram","Recycle+1"],"special_seed":0,"relics":["Cracked Core","Bronze Scales","Vajra","Bag of Preparation","Empty Cage","Chemical X","Torii","Bag of Marbles","Regal Pillow","Letter Opener"],"potions_floor_usage":[],"damage_taken":[{"damage":0.0,"enemies":"2 Louse","floor":1.0,"turns":1.0},{"damage":1.0,"enemies":"Cultist","floor":2.0,"turns":4.0},{"damage":11.0,"enemies":"Small Slimes","floor":3.0,"turns":3.0},{"damage":7.0,"enemies":"Lagavulin","floor":6.0,"turns":6.0},{"damage":32.0,"enemies":"Gremlin Nob","floor":8.0,"turns":4.0},{"damage":2.0,"enemies":"2 Fungi Beasts","floor":10.0,"turns":3.0},{"damage":18.0,"enemies":"Lagavulin","floor":14.0,"turns":6.0},{"damage":11.0,"enemies":"Hexaghost","floor":16.0,"turns":7.0},{"damage":0.0,"enemies":"3 Byrds","floor":18.0,"turns":2.0},{"damage":12.0,"enemies":"2 Thieves","floor":19.0,"turns":3.0},{"damage":27.0,"enemies":"Centurion and Healer","floor":24.0,"turns":4.0},{"damage":0.0,"enemies":"Gremlin Leader","floor":25.0,"turns":4.0},{"damage":14.0,"enemies":"Book of Stabbing","floor":27.0,"turns":4.0},{"damage":0.0,"enemies":"Sentry and Sphere","floor":28.0,"turns":2.0},{"damage":7.0,"enemies":"Gremlin Leader","floor":29.0,"turns":4.0},{"damage":34,"enemies":"Collector","floor":33,"turns":6}],"seed_played":"3459585828299740395","potions_obtained":[{"floor":3.0,"key":"AttackPotion"},{"floor":6.0,"key":"Swift Potion"},{"floor":16.0,"key":"SteroidPotion"},{"floor":19.0,"key":"GamblersBrew"},{"floor":27.0,"key":"Weak Potion"},{"floor":29.0,"key":"SteroidPotion"}],"is_trial":false,"path_per_floor":["M","M","M","?","$","E","R","E","T","M","R","?","R","E","R","B",null,"M","M","$","?","?","R","M","E","T","E","M","E","R","?","R","B"],"character_chosen":"DEFECT","items_purchased":["Melter","Hologram","Chemical X","Steam"],"campfire_rested":1,"item_purchase_floors":[5,5,20,20],"current_hp_per_floor":[64,63,52,52,52,52,52,27,27,32,32,32,32,21,21,17,58,65,60,60,60,60,60,40,47,47,40,47,47,47,27,64,30],"gold":173,"neow_bonus":"HUNDRED_GOLD","is_prod":false,"is_daily":false,"chose_seed":false,"campfire_upgraded":6,"win_rate":0,"timestamp":1556869286,"path_taken":["M","M","M","?","$","E","R","E","T","M","R","?","R","E","R","BOSS","M","M","?","?","?","R","M","E","T","E","M","E","R","?","R","BOSS"],"build_version":"2019-01-23","purchased_purges":1,"victory":false,"max_hp_per_floor":[71,71,71,71,71,71,71,71,71,71,71,71,71,71,71,71,71,71,71,71,71,71,71,71,71,71,71,71,71,71,76,76,76],"card_choices":[{"not_picked":["Lockon","Gash"],"picked":"Turbo","floor":1.0},{"not_picked":["Doom and Gloom","Hologram"],"picked":"Skim","floor":2.0},{"not_picked":["Consume","Gash"],"picked":"Ball Lightning","floor":3.0},{"not_picked":["Sweeping Beam","Hello World"],"picked":"Stack","floor":6.0},{"not_picked":["Go for the Eyes","Stack"],"picked":"Capacitor","floor":8.0},{"not_picked":["Barrage","Reprogram","Streamline"],"picked":"SKIP","floor":10.0},{"not_picked":["Sweeping Beam","Turbo"],"picked":"Gash","floor":14.0},{"not_picked":["Seek","Amplify"],"picked":"Electrodynamics","floor":16.0},{"not_picked":["Auto Shields","Cold Snap+1"],"picked":"Tempest","floor":18.0},{"not_picked":["Gash","Hello World"],"picked":"Ball Lightning+1","floor":19.0},{"not_picked":["Cold Snap","FTL"],"picked":"Turbo","floor":24.0},{"not_picked":["Genetic Algorithm","Streamline"],"picked":"Tempest+1","floor":25.0},{"not_picked":["Conserve Battery","Cold Snap"],"picked":"Stack+1","floor":27.0},{"not_picked":["Cold Snap","Loop"],"picked":"Hologram","floor":28.0},{"not_picked":["Darkness+1","Rebound+1"],"picked":"Recycle","floor":29.0}],"player_experience":1538940,"relics_obtained":[{"floor":6.0,"key":"Bronze Scales"},{"floor":8.0,"key":"Vajra"},{"floor":14.0,"key":"Bag of Preparation"},{"floor":25.0,"key":"Torii"},{"floor":26.0,"key":"Bag of Marbles"},{"floor":27.0,"key":"Regal Pillow"},{"floor":29.0,"key":"Letter Opener"}],"event_choices":[{"damage_healed":0.0,"max_hp_gain":0.0,"max_hp_loss":0.0,"gold_gain":0.0,"cards_transformed":["Strike_B"],"event_name":"Living Wall","player_choice":"Change","floor":4.0,"gold_loss":0.0,"damage_taken":0.0,"cards_obtained":["Self Repair"]},{"damage_healed":0.0,"max_hp_gain":0.0,"max_hp_loss":0.0,"gold_gain":0.0,"event_name":"Upgrade Shrine","player_choice":"Upgraded","floor":12.0,"gold_loss":0.0,"damage_taken":0.0,"cards_upgraded":["Skim"]},{"cards_removed":["Defend_B"],"damage_healed":0.0,"max_hp_gain":0.0,"max_hp_loss":0.0,"gold_gain":0.0,"event_name":"Back to Basics","player_choice":"Elegance","floor":21.0,"gold_loss":0.0,"damage_taken":0.0},{"damage_healed":0.0,"max_hp_gain":0.0,"max_hp_loss":0.0,"gold_gain":0.0,"event_name":"Cursed Tome","player_choice":"Ignored","floor":22.0,"gold_loss":0.0,"damage_taken":0.0},{"damage_healed":0.0,"max_hp_gain":5.0,"max_hp_loss":0.0,"gold_gain":0.0,"event_name":"Forgotten Altar","player_choice":"Shed Blood","floor":31.0,"gold_loss":0.0,"damage_taken":25.0}],"is_beta":false,"boss_relics":[{"not_picked":["Fusion Hammer","Ectoplasm"],"picked":"Empty Cage"}],"items_purged_floors":[5],"is_endless":false,"potions_floor_spawned":[3,6,8,14,16,19,27,29],"killed_by":"Collector","ascension_level":20}