{"gold_per_floor":[115,115,40,51,67,82,82,111,165,180,180,199,217,231,231,334,334,344,344,259,81,95,95,125,125,152,152,75,100,199,209,209,209],"floor_reached":33,"playtime":1436,"items_purged":["Injury","Strike_G"],"score":287,"play_id":"81b2a7dc-4a16-4306-a374-2449135af40e","local_time":"20180718224122","is_ascension_mode":false,"campfire_choices":[{"data":"Neutralize","floor":7,"key":"SMITH"},{"floor":15,"key":"REST"},{"data":"Cloak And Dagger","floor":23,"key":"SMITH"},{"data":"Well Laid Plans","floor":25,"key":"SMITH"},{"data":"Acrobatics","floor":27,"key":"SMITH"},{"floor":32,"key":"REST"}],"neow_cost":"","seed_source_timestamp":306150383638468,"circlet_count":0,"master_deck":["Defend_G","Defend_G","Defend_G","Defend_G","Defend_G","Strike_G","Strike_G","Strike_G+1","Strike_G+1","Survivor","Neutralize+1","Cloak And Dagger+1","Well Laid Plans+1","Escape Plan","Accuracy","Cloak And Dagger+1","Acrobatics+1","Adrenaline","Infinite Blades","Cloak And Dagger+1","Storm of Steel","J.A.X.","Adrenaline","Reflex"],"relics":["Ring of the Snake","Pantograph","Whetstone","Sozu","Vajra","Lantern","Ancient Tea Set","Orichalcum"],"potions_floor_usage":[8,12,13,16,16,16,16,16,18,18],"damage_taken":[{"damage":3,"enemies":"Jaw Worm","floor":1,"turns":6},{"damage":0,"enemies":"Cultist","floor":4,"turns":3},{"damage":4,"enemies":"Small Slimes","floor":5,"turns":3},{"damage":13,"enemies":"Red Slaver","floor":6,"turns":3},{"damage":8,"enemies":"3 Sentries","floor":8,"turns":8},{"damage":13,"enemies":"Exordium Wildlife","floor":10,"turns":5},{"damage":0,"enemies":"2 Fungi Beasts","floor":12,"turns":2},{"damage":8,"enemies":"Large Slime","floor":13,"turns":5},{"damage":7,"enemies":"Looter","floor":14,"turns":3},{"damage":35,"enemies":"The Guardian","floor":16,"turns":18},{"damage":0,"enemies":"Chosen","floor":18,"turns":3},{"damage":10,"enemies":"2 Thieves","floor":22,"turns":4},{"damage":19,"enemies":"Gremlin Leader","floor":24,"turns":8},{"damage":10,"enemies":"Book of Stabbing","floor":29,"turns":4},{"damage":25,"enemies":"Snake Plant","floor":31,"turns":5},{"damage":52,"enemies":"Automaton","floor":33,"turns":6}],"seed_played":"-279596242100664550","potions_obtained":[{"floor":4,"key":"SteroidPotion"},{"floor":10,"key":"Energy Potion"},{"floor":11,"key":"FearPotion"},{"floor":11,"key":"Strength Potion"},{"floor":11,"key":"EntropicBrew"},{"floor":12,"key":"Explosive Potion"},{"floor":14,"key":"Swift Potion"},{"floor":16,"key":"Ancient Potion"}],"is_trial":false,"path_per_floor":["M","?","$","M","M","M","R","E","T","M","?","M","M","M","R","B",null,"M","?","?","$","M","R","E","R","T","R","?","E","?","M","R"],"character_chosen":"THE_SILENT","items_purchased":["Infinite Blades"],"campfire_rested":2,"item_purchase_floors":[21],"current_hp_per_floor":[67,67,67,67,63,50,50,42,42,29,29,29,21,14,35,25,70,70,70,70,70,60,60,41,41,41,41,41,31,31,6,27,0],"gold":209,"neow_bonus":"","is_prod":false,"is_daily":false,"chose_seed":false,"campfire_upgraded":4,"win_rate":0,"timestamp":1531924882,"path_taken":["M","?","?","M","M","M","R","E","T","M","?","M","M","M","R","BOSS","M","?","?","$","M","R","E","R","T","R","?","E","?","M","R","BOSS"],"build_version":"2018-07-12","purchased_purges":2,"victory":false,"max_hp_per_floor":[70,70,70,70,70,70,70,70,70,70,70,70,70,70,70,70,70,70,70,70,70,70,70,70,70,70,70,70,70,70,70,70,70],"card_choices":[{"not_picked":["PiercingWail","Dodge and Roll"],"picked":"Cloak And Dagger","floor":1},{"not_picked":["Endless Agony","Prepared"],"picked":"Well Laid Plans","floor":4},{"not_picked":["Dodge and Roll","Sucker Punch","Deadly Poison"],"picked":"SKIP","floor":5},{"not_picked":["Tools of the Trade","Bane"],"picked":"Escape Plan","floor":6},{"not_picked":["Outmaneuver","Footwork","Die Die Die"],"picked":"SKIP","floor":8},{"not_picked":["Bane","Footwork","Outmaneuver"],"picked":"SKIP","floor":10},{"not_picked":["Terror","Bane"],"picked":"Accuracy","floor":12},{"not_picked":["PiercingWail","Blur"],"picked":"Cloak And Dagger","floor":13},{"not_picked":["PiercingWail","Slice"],"picked":"Acrobatics","floor":14},{"not_picked":["Wraith Form v2","Grand Finale"],"picked":"Adrenaline","floor":16},{"not_picked":["Deflect+1","Eviscerate","Caltrops+1"],"picked":"SKIP","floor":18},{"not_picked":["Backflip+1","Prepared"],"picked":"Cloak And Dagger+1","floor":22},{"not_picked":["Poisoned Stab","Dodge and Roll"],"picked":"Storm of Steel","floor":24},{"not_picked":["Prepared","Outmaneuver+1"],"picked":"Adrenaline","floor":29},{"not_picked":["Malaise","Choke+1"],"picked":"Reflex","floor":31}],"player_experience":301494,"relics_obtained":[{"floor":8,"key":"Pantograph"},{"floor":9,"key":"Whetstone"},{"floor":24,"key":"Lantern"},{"floor":26,"key":"Ancient Tea Set"},{"floor":29,"key":"Orichalcum"}],"event_choices":[{"event_name":"Accursed Blacksmith","player_choice":"Forge","floor":2,"damage_taken":0},{"event_name":"The Lab","player_choice":"Got Potions","floor":11,"damage_taken":0},{"event_name":"Vampires","player_choice":"Ignored","floor":19,"damage_taken":0},{"event_name":"Addict","player_choice":"Obtained Relic","floor":20,"damage_taken":0},{"event_name":"Drug Dealer","player_choice":"Got JAXXED","floor":28,"damage_taken":0},{"event_name":"Nest","player_choice":"Stole From Cult","floor":30,"damage_taken":0}],"boss_relics":[{"not_picked":["Fusion Hammer","Snecko Eye"],"picked":"Sozu"}],"items_purged_floors":[3,21],"is_endless":false,"potions_floor_spawned":[4,10,12,14,16,22,24],"killed_by":"Automaton","ascension_level":0}