{"gold_per_floor":[112,131,131,150,161,187,187,198,198,198,225,225,237,249,249,346,346,358,378,396,26,26,26,26],"floor_reached":24,"playtime":1349,"items_purged":["Decay"],"score":210,"play_id":"9b56e9bb-3138-4c42-92a8-1a6cfc20fcfc","local_time":"20190224191156","is_ascension_mode":false,"campfire_choices":[{"data":"Hello World","floor":7,"key":"SMITH"},{"floor":10,"key":"REST"},{"floor":12,"key":"REST"},{"data":"Loop","floor":15,"key":"SMITH"},{"floor":23,"key":"REST"}],"neow_cost":"NONE","seed_source_timestamp":694056486302803,"circlet_count":0,"master_deck":["Strike_B","Strike_B","Strike_B","Defend_B","Defend_B","Defend_B","Defend_B","Zap","Dualcast","Melter","Ball Lightning","Hello World+1","Ball Lightning","Auto Shields","Loop+1","Self Repair","Redo","Sweeping Beam","Creative AI","Ball Lightning+1","Melter+1","Compile Driver"],"relics":["Cracked Core","Bird Faced Urn","Bag of Marbles","Orichalcum","Calling Bell","Centennial Puzzle","Darkstone Periapt","Pocketwatch","FossilizedHelix"],"potions_floor_usage":[5,16,16,16,24],"damage_taken":[{"damage":0,"enemies":"Small Slimes","floor":1,"turns":2},{"damage":1,"enemies":"Cultist","floor":2,"turns":3},{"damage":5,"enemies":"2 Louse","floor":4,"turns":2},{"damage":17,"enemies":"Lots of Slimes","floor":5,"turns":4},{"damage":26,"enemies":"3 Sentries","floor":6,"turns":5},{"damage":18,"enemies":"Exordium Thugs","floor":8,"turns":3},{"damage":15,"enemies":"Lagavulin","floor":11,"turns":4},{"damage":17,"enemies":"Gremlin Gang","floor":13,"turns":4},{"damage":7,"enemies":"Red Slaver","floor":14,"turns":4},{"damage":31,"enemies":"The Guardian","floor":16,"turns":8},{"damage":21,"enemies":"3 Byrds","floor":18,"turns":5},{"damage":36,"enemies":"Shell Parasite","floor":19,"turns":6},{"damage":40,"enemies":"Centurion and Healer","floor":20,"turns":5},{"damage":45,"enemies":"Slavers","floor":24,"turns":3}],"seed_played":"-7730978480796038726","potions_obtained":[{"floor":4,"key":"Energy Potion"},{"floor":6,"key":"EssenceOfSteel"},{"floor":11,"key":"LiquidBronze"},{"floor":13,"key":"Explosive Potion"},{"floor":20,"key":"Poison Potion"}],"is_trial":false,"path_per_floor":["M","M","?","M","M","E","R","M","T","R","E","R","M","M","R","B",null,"M","M","M","$","?","R","E"],"character_chosen":"DEFECT","items_purchased":["FossilizedHelix"],"campfire_rested":3,"item_purchase_floors":[21],"current_hp_per_floor":[82,81,81,76,59,33,33,17,17,41,30,54,48,54,54,36,82,67,46,10,10,10,34,0],"gold":26,"neow_bonus":"TEN_PERCENT_HP_BONUS","is_prod":false,"is_daily":false,"chose_seed":false,"campfire_upgraded":2,"win_rate":0.0,"timestamp":1551057116,"path_taken":["M","M","?","M","M","E","R","M","T","R","E","R","M","?","R","BOSS","M","M","M","$","?","R","E"],"build_version":"2019-01-23","purchased_purges":1,"victory":false,"max_hp_per_floor":[82,82,82,82,82,82,82,82,82,82,82,82,82,82,82,82,82,82,82,82,82,82,82,82],"card_choices":[{"not_picked":["Leap","Chill"],"picked":"Melter","floor":1},{"not_picked":["Turbo","Streamline"],"picked":"Ball Lightning","floor":2},{"not_picked":["Scrape","Reprogram"],"picked":"Hello World","floor":4},{"not_picked":["Darkness","Hologram"],"picked":"Ball Lightning","floor":5},{"not_picked":["Streamline","Gash"],"picked":"Auto Shields","floor":6},{"not_picked":["Hologram","Lockon"],"picked":"Loop","floor":8},{"not_picked":["Steam","Cold Snap"],"picked":"Self Repair","floor":11},{"not_picked":["Steam","Barrage"],"picked":"Redo","floor":13},{"not_picked":["Fission","Reprogram"],"picked":"Sweeping Beam","floor":14},{"not_picked":["All For One","Thunder Strike"],"picked":"Creative AI","floor":16},{"not_picked":["Turbo","Blizzard"],"picked":"Ball Lightning+1","floor":18},{"not_picked":["Auto Shields","Genetic Algorithm"],"picked":"Melter+1","floor":19},{"not_picked":["Fission","Fusion"],"picked":"Compile Driver","floor":20}],"player_experience":82057,"relics_obtained":[{"floor":6,"key":"Bird Faced Urn"},{"floor":9,"key":"Bag of Marbles"},{"floor":11,"key":"Orichalcum"},{"floor":17,"key":"Centennial Puzzle"},{"floor":17,"key":"Darkstone Periapt"},{"floor":17,"key":"Pocketwatch"}],"event_choices":[{"cards_removed":["Strike_B"],"damage_healed":0,"gold_gain":0,"player_choice":"Purged","damage_taken":0,"max_hp_gain":0,"max_hp_loss":0,"event_name":"Purifier","floor":3,"gold_loss":0},{"cards_removed":["Injury","Shame"],"damage_healed":0,"gold_gain":0,"player_choice":"Removed Curses","damage_taken":0,"max_hp_gain":0,"max_hp_loss":0,"event_name":"Fountain of Cleansing","floor":22,"gold_loss":0}],"is_beta":false,"boss_relics":[{"not_picked":["Cursed Key","Fusion Hammer"],"picked":"Calling Bell"}],"items_purged_floors":[21],"is_endless":false,"potions_floor_spawned":[4,6,11,13,14,20],"killed_by":"Slavers","ascension_level":0}