{"gold_per_floor":[109,109,123,198,5,33,33,33,114,140,151,151,176,124,124,245,245,260,385,17,36,12,12,28,28,28,42,42],"floor_reached":28,"playtime":1985,"items_purged":[],"score":226,"play_id":"95adcc97-d1cc-41ac-9be7-010f0c1d8f35","local_time":"20190414214221","is_ascension_mode":false,"campfire_choices":[{"data":"Hologram","floor":7,"key":"SMITH"},{"floor":15,"key":"RECALL"},{"data":"Hologram","floor":23,"key":"SMITH"},{"floor":25,"key":"REST"}],"neow_cost":"NONE","seed_source_timestamp":341534876257383,"circlet_count":0,"master_deck":["Strike_B","Strike_B","Strike_B","Strike_B","Defend_B","Defend_B","Defend_B","Defend_B","Zap+1","Dualcast","Cold Snap+1","Cold Snap","Hologram+1","Melter","Force Field","Injury","Cold Snap","Redo","Echo Form","Streamline+1","Static Discharge","Gash+1","Leap","Hologram+1","Compile Driver+1","Redo","Heatsinks+1","Writhe","White Noise"],"relics":["Cracked Core","HandDrill","Symbiotic Virus","Ancient Tea Set","Golden Idol","Cursed Key","WingedGreaves","Darkstone Periapt","Molten Egg 2","Shuriken"],"potions_floor_usage":[19,19,21,28],"damage_taken":[{"damage":6,"enemies":"Jaw Worm","floor":1,"turns":3},{"damage":0,"enemies":"Small Slimes","floor":3,"turns":2},{"damage":30,"enemies":"Lagavulin","floor":6,"turns":8},{"damage":17,"enemies":"Gremlin Nob","floor":10,"turns":4},{"damage":0,"enemies":"2 Louse","floor":11,"turns":2},{"damage":8,"enemies":"Exordium Wildlife","floor":13,"turns":3},{"damage":6,"enemies":"Hexaghost","floor":16,"turns":8},{"damage":14,"enemies":"3 Byrds","floor":18,"turns":5},{"damage":13,"enemies":"Colosseum Slavers","floor":19,"turns":3},{"damage":23,"enemies":"Colosseum Nobs","floor":19,"turns":5},{"damage":5,"enemies":"2 Thieves","floor":21,"turns":3},{"damage":14,"enemies":"Snake Plant","floor":24,"turns":3},{"damage":26,"enemies":"Shelled Parasite and Fungi","floor":27,"turns":5},{"damage":31,"enemies":"Centurion and Healer","floor":28,"turns":3}],"seed_played":"3336959685484655162","potions_obtained":[{"floor":6,"key":"FocusPotion"},{"floor":10,"key":"Ancient Potion"},{"floor":11,"key":"Regen Potion"},{"floor":13,"key":"Poison Potion"},{"floor":19,"key":"Fire Potion"},{"floor":21,"key":"Ancient Potion"},{"floor":27,"key":"Swift Potion"}],"is_trial":false,"path_per_floor":["M","?","M","?","$","E","R","?","T","E","M","?","M","$","R","B",null,"M","?","$","M","$","R","M","R","T","M","M"],"character_chosen":"DEFECT","items_purchased":["HandDrill","Redo","Molten Egg 2","Gash+1","Leap","Hologram","Redo"],"campfire_rested":1,"item_purchase_floors":[5,14,20,20,20,20,22],"current_hp_per_floor":[76,60,60,49,49,19,19,46,46,29,29,29,21,21,21,15,82,68,46,46,41,41,41,27,51,57,31,0],"gold":42,"neow_bonus":"TEN_PERCENT_HP_BONUS","is_prod":false,"is_daily":false,"chose_seed":false,"campfire_upgraded":2,"win_rate":0,"timestamp":1555296141,"path_taken":["M","?","M","?","?","E","R","?","T","E","?","?","M","$","R","BOSS","M","?","$","M","$","R","M","R","T","M","M"],"build_version":"2019-01-23","purchased_purges":0,"victory":false,"max_hp_per_floor":[82,82,82,82,82,82,82,82,82,82,82,82,82,82,82,82,82,82,82,82,82,82,82,82,82,88,88,88],"card_choices":[{"not_picked":["Turbo","Tempest"],"picked":"Cold Snap","floor":1},{"not_picked":["Rebound","Coolheaded"],"picked":"Cold Snap","floor":3},{"not_picked":["Heatsinks","Beam Cell"],"picked":"Hologram","floor":6},{"not_picked":["Turbo","Compile Driver"],"picked":"Melter","floor":10},{"not_picked":["Ball Lightning","Chill"],"picked":"Force Field","floor":11},{"not_picked":["Beam Cell","Amplify"],"picked":"Cold Snap","floor":13},{"not_picked":["Machine Learning","All For One"],"picked":"Echo Form","floor":16},{"not_picked":["Redo","Static Discharge"],"picked":"Streamline+1","floor":18},{"not_picked":["Chill","Doom and Gloom"],"picked":"Static Discharge","floor":19},{"not_picked":["Glacier+1","Steam Power"],"picked":"Compile Driver+1","floor":21},{"not_picked":["Steam","Tempest"],"picked":"Heatsinks+1","floor":24},{"not_picked":["Conserve Battery","FTL+1"],"picked":"White Noise","floor":27}],"player_experience":187865,"relics_obtained":[{"floor":6,"key":"Symbiotic Virus"},{"floor":10,"key":"Ancient Tea Set"},{"floor":19,"key":"WingedGreaves"},{"floor":19,"key":"Darkstone Periapt"},{"floor":26,"key":"Shuriken"}],"event_choices":[{"damage_healed":0,"gold_gain":0,"player_choice":"Entered Light","damage_taken":16,"max_hp_gain":0,"max_hp_loss":0,"event_name":"Shining Light","floor":2,"gold_loss":0,"cards_upgraded":["Cold Snap","Zap"]},{"damage_healed":0,"gold_gain":75,"player_choice":"Gather Gold","damage_taken":11,"max_hp_gain":0,"max_hp_loss":0,"event_name":"World of Goop","floor":4,"gold_loss":0},{"damage_healed":27,"gold_gain":0,"player_choice":"Banana","damage_taken":0,"max_hp_gain":0,"max_hp_loss":0,"event_name":"Big Fish","floor":8,"gold_loss":0},{"damage_healed":0,"gold_gain":0,"player_choice":"Take Wound","damage_taken":0,"relics_obtained":["Golden Idol"],"max_hp_gain":0,"max_hp_loss":0,"event_name":"Golden Idol","floor":12,"gold_loss":0,"cards_obtained":["Injury"]},{"damage_healed":0,"gold_gain":0,"player_choice":"Fight","damage_taken":0,"max_hp_gain":0,"max_hp_loss":0,"event_name":"Colosseum","floor":19,"gold_loss":0},{"damage_healed":0,"gold_gain":0,"player_choice":"Fought Nobs","damage_taken":0,"max_hp_gain":0,"max_hp_loss":0,"event_name":"Colosseum","floor":19,"gold_loss":0}],"is_beta":false,"boss_relics":[{"not_picked":["Coffee Dripper","FrozenCore"],"picked":"Cursed Key"}],"items_purged_floors":[],"is_endless":false,"potions_floor_spawned":[6,10,11,13,19,21,27],"killed_by":"Centurion and Healer","ascension_level":0}