{"gold_per_floor":[414,414,430,430,82,82,115,190,190,365,384,427,452,452,452,576,576,597,597,620,50,70,111,111,36,36,51,28,28,28,48,48,48],"floor_reached":33,"playtime":2043,"items_purged":["Injury","Pain"],"score":323,"play_id":"381d0261-b8f7-4699-a3fd-e6b6c5142e8b","local_time":"20190217173442","is_ascension_mode":false,"campfire_choices":[{"data":"Zap","floor":6,"key":"SMITH"},{"floor":15,"key":"REST"},{"floor":24,"key":"REST"},{"floor":30,"key":"REST"},{"floor":32,"key":"REST"}],"neow_cost":"CURSE","seed_source_timestamp":82737826829282,"circlet_count":0,"master_deck":["Strike_B","Strike_B","Strike_B","Strike_B","Defend_B","Defend_B","Defend_B","Defend_B","Zap+1","Dualcast","Parasite","Conserve Battery","Aggregate","The Bomb","Good Instincts","Coolheaded","Doubt","Machine Learning+1","Amplify","Ball Lightning","Echo Form","Injury","Ball Lightning","Capacitor+1","Defragment+1","The Bomb","Stack","Hello World+1","Beam Cell+1","Leap","Redo"],"relics":["Cracked Core","Old Coin","Golden Idol","Darkstone Periapt","Strawberry","Letter Opener","Lantern","Calling Bell","WingedGreaves","Frozen Egg 2","Bronze Scales","Sling","Juzu Bracelet","Molten Egg 2","Happy Flower"],"potions_floor_usage":[22,23,31,33],"damage_taken":[{"damage":5,"enemies":"Small Slimes","floor":1,"turns":3},{"damage":3,"enemies":"2 Louse","floor":3,"turns":3},{"damage":24,"enemies":"Lagavulin","floor":7,"turns":6},{"damage":6,"enemies":"Jaw Worm","floor":11,"turns":3},{"damage":8,"enemies":"3 Sentries","floor":12,"turns":4},{"damage":4,"enemies":"Blue Slaver","floor":13,"turns":4},{"damage":8,"enemies":"Slime Boss","floor":16,"turns":8},{"damage":12,"enemies":"Chosen","floor":18,"turns":4},{"damage":22,"enemies":"Spheric Guardian","floor":20,"turns":5},{"damage":10,"enemies":"Cultist and Chosen","floor":22,"turns":5},{"damage":21,"enemies":"Gremlin Leader","floor":23,"turns":5},{"damage":23,"enemies":"Snecko","floor":27,"turns":4},{"damage":20,"enemies":"Sentry and Sphere","floor":31,"turns":5},{"damage":82,"enemies":"Automaton","floor":33,"turns":6}],"seed_played":"1292322769818293973","potions_obtained":[{"floor":7,"key":"Dexterity Potion"},{"floor":13,"key":"AttackPotion"},{"floor":16,"key":"Block Potion"},{"floor":20,"key":"Block Potion"},{"floor":23,"key":"SkillPotion"},{"floor":27,"key":"Fire Potion"}],"is_trial":false,"path_per_floor":["M","?","M","?","$","R","E","?","T","?","M","E","M","?","R","B",null,"M","?","M","$","M","E","R","?","T","M","$","?","R","M","R","B"],"character_chosen":"DEFECT","items_purchased":["The Bomb","Good Instincts","Defragment+1","The Bomb","Sling","Leap"],"campfire_rested":4,"item_purchase_floors":[5,5,21,21,21,28],"current_hp_per_floor":[70,70,67,64,64,64,47,36,36,42,36,28,24,24,50,42,106,94,84,62,62,52,31,62,62,62,39,39,39,70,50,81,0],"gold":48,"neow_bonus":"ONE_RARE_RELIC","is_prod":false,"is_daily":false,"chose_seed":false,"campfire_upgraded":1,"win_rate":0.0,"timestamp":1550446482,"path_taken":["M","?","M","?","$","R","E","?","T","?","?","E","M","?","R","BOSS","M","?","?","$","M","E","R","?","T","M","$","?","R","M","R","BOSS"],"build_version":"2019-01-23","purchased_purges":2,"victory":false,"max_hp_per_floor":[75,75,75,75,75,75,82,82,82,88,88,88,88,88,88,88,106,106,106,106,106,106,106,106,106,106,106,106,106,106,106,106,106],"card_choices":[{"not_picked":["Streamline","Compile Driver"],"picked":"Conserve Battery","floor":1},{"not_picked":["Turbo","Beam Cell"],"picked":"Aggregate","floor":3},{"not_picked":["Scrape","Stack"],"picked":"Coolheaded","floor":7},{"not_picked":["Steam","Double Energy"],"picked":"Machine Learning","floor":11},{"not_picked":["Cold Snap","Redo"],"picked":"Amplify","floor":12},{"not_picked":["Steam Power","Coolheaded"],"picked":"Ball Lightning","floor":13},{"not_picked":["Creative AI","All For One"],"picked":"Echo Form","floor":16},{"not_picked":["Creative AI+1","Barrage"],"picked":"Ball Lightning","floor":18},{"not_picked":["Steam Power","Recycle+1"],"picked":"Capacitor+1","floor":20},{"not_picked":["Gash","Barrage"],"picked":"Stack","floor":22},{"not_picked":["Aggregate","Streamline"],"picked":"Hello World+1","floor":23},{"not_picked":["Gash+1","Stack"],"picked":"Beam Cell+1","floor":27},{"not_picked":["Gash+1","Beam Cell+1"],"picked":"Redo","floor":31}],"player_experience":21731,"relics_obtained":[{"floor":7,"key":"Strawberry"},{"floor":9,"key":"Letter Opener"},{"floor":12,"key":"Lantern"},{"floor":17,"key":"WingedGreaves"},{"floor":17,"key":"Frozen Egg 2"},{"floor":17,"key":"Bronze Scales"},{"floor":23,"key":"Juzu Bracelet"},{"floor":26,"key":"Molten Egg 2"}],"event_choices":[{"damage_healed":0,"gold_gain":0,"player_choice":"Take Wound","damage_taken":0,"relics_obtained":["Golden Idol"],"max_hp_gain":0,"max_hp_loss":0,"event_name":"Golden Idol","floor":2,"gold_loss":0,"cards_obtained":["Injury"]},{"damage_healed":0,"gold_gain":0,"player_choice":"Success","damage_taken":3,"relics_obtained":["Darkstone Periapt"],"max_hp_gain":0,"max_hp_loss":0,"event_name":"Scrap Ooze","floor":4,"gold_loss":0},{"damage_healed":0,"gold_gain":75,"player_choice":"Gather Gold","damage_taken":11,"max_hp_gain":0,"max_hp_loss":0,"event_name":"World of Goop","floor":8,"gold_loss":0},{"damage_healed":0,"gold_gain":175,"player_choice":"AGREE","damage_taken":0,"max_hp_gain":0,"max_hp_loss":0,"event_name":"Liars Game","floor":10,"gold_loss":0,"cards_obtained":["Doubt"]},{"damage_healed":0,"gold_gain":0,"player_choice":"Grow","damage_taken":0,"max_hp_gain":0,"max_hp_loss":0,"event_name":"Living Wall","floor":14,"gold_loss":0,"cards_upgraded":["Machine Learning"]},{"damage_healed":0,"gold_gain":0,"player_choice":"","damage_taken":10,"max_hp_gain":0,"max_hp_loss":0,"event_name":"Knowing Skull","floor":19,"potions_obtained":[],"gold_loss":0,"cards_obtained":[]},{"cards_removed":["Doubt"],"damage_healed":0,"gold_gain":0,"player_choice":"Gave Gold","damage_taken":0,"max_hp_gain":0,"max_hp_loss":0,"event_name":"Beggar","floor":25,"gold_loss":75},{"damage_healed":0,"gold_gain":0,"player_choice":"Opened","damage_taken":0,"relics_obtained":["Happy Flower"],"max_hp_gain":0,"max_hp_loss":0,"event_name":"The Mausoleum","floor":29,"gold_loss":0}],"is_beta":false,"boss_relics":[{"not_picked":["Nuclear Battery","Eternal Feather"],"picked":"Calling Bell"}],"items_purged_floors":[5,21],"is_endless":false,"potions_floor_spawned":[7,13,16,20,23,27],"killed_by":"Automaton","ascension_level":0}