{"gold_per_floor":[12,12,87,87,87,87,105,105,174,191,207,207,207,222,222,326,326,344,75,101,101,114,114,128,28,28,28,47,66,78,94,94,191,191,206,217,217,217,142,142,162,162],"floor_reached":42,"playtime":2033,"items_purged":["Strike_B","Strike_B"],"score":635,"play_id":"7157126b-b58f-447e-92b9-fb9468593a03","local_time":"20180904022632","is_ascension_mode":true,"campfire_choices":[{"data":"Zap","floor":6,"key":"SMITH"},{"data":"Dualcast","floor":8,"key":"SMITH"},{"floor":13,"key":"REST"},{"data":"Steam","floor":15,"key":"SMITH"},{"floor":23,"key":"REST"},{"floor":27,"key":"REST"},{"floor":32,"key":"REST"},{"data":"Loop","floor":40,"key":"SMITH"}],"neow_cost":"NO_GOLD","seed_source_timestamp":5733516498401,"circlet_count":0,"master_deck":["Defend_B","Defend_B","Defend_B","Defend_B","Zap+1","Dualcast+1","AscendersBane","Gash","Steam+1","All For One","Steam","All For One","Scrape+1","Loop+1","Glacier","Echo Form","Redo+1","Panacea","Finesse","Self Repair","Steam+1","Steam"],"relics":["FrozenCore","Mercury Hourglass","Cables","DataDisk","Red Mask","Prayer Wheel","Inserter"],"potions_floor_usage":[18,20,22,33,33,42],"damage_taken":[{"damage":2,"enemies":"Jaw Worm","floor":1,"turns":4},{"damage":0,"enemies":"2 Louse","floor":7,"turns":1},{"damage":0,"enemies":"Cultist","floor":10,"turns":2},{"damage":1,"enemies":"Exordium Wildlife","floor":11,"turns":3},{"damage":4,"enemies":"2 Fungi Beasts","floor":14,"turns":2},{"damage":87,"enemies":"Hexaghost","floor":16,"turns":12},{"damage":0,"enemies":"Spheric Guardian","floor":18,"turns":3},{"damage":47,"enemies":"Masked Bandits","floor":20,"turns":5},{"damage":5,"enemies":"2 Thieves","floor":22,"turns":4},{"damage":4,"enemies":"Sentry and Sphere","floor":24,"turns":5},{"damage":7,"enemies":"Snake Plant","floor":28,"turns":5},{"damage":0,"enemies":"Chosen and Byrds","floor":29,"turns":5},{"damage":0,"enemies":"3 Cultists","floor":30,"turns":4},{"damage":15,"enemies":"Centurion and Healer","floor":31,"turns":8},{"damage":51,"enemies":"Automaton","floor":33,"turns":12},{"damage":6,"enemies":"Orb Walker","floor":35,"turns":6},{"damage":0,"enemies":"3 Shapes","floor":36,"turns":5},{"damage":49,"enemies":"Reptomancer","floor":41,"turns":7},{"damage":42,"enemies":"2 Orb Walkers","floor":42,"turns":5}],"seed_played":"-7131738538843198026","potions_obtained":[{"floor":7,"key":"LiquidBronze"},{"floor":10,"key":"LiquidBronze"},{"floor":20,"key":"Energy Potion"},{"floor":24,"key":"Swift Potion"},{"floor":30,"key":"Swift Potion"},{"floor":31,"key":"EssenceOfSteel"},{"floor":33,"key":"FearPotion"},{"floor":36,"key":"FairyPotion"}],"is_trial":false,"path_per_floor":["M","$","?","T","?","R","M","R","T","M","M","?","R","M","R","B",null,"M","$","?","?","M","R","M","$","T","R","M","M","M","M","R","B",null,"M","M","?","?","$","R","M"],"character_chosen":"DEFECT","items_purchased":["DataDisk","Steam","Self Repair"],"campfire_rested":4,"item_purchase_floors":[19,19,39],"current_hp_per_floor":[80,80,69,69,74,74,74,74,74,74,73,66,94,90,90,3,71,71,71,24,15,10,38,34,34,34,62,55,55,55,40,68,17,75,69,69,59,59,59,59,10,0],"gold":162,"neow_bonus":"TWENTY_PERCENT_HP_BONUS","is_prod":false,"is_daily":false,"chose_seed":false,"campfire_upgraded":4,"win_rate":0,"timestamp":1536020792,"path_taken":["M","$","?","?","?","R","M","R","T","M","M","?","R","M","R","BOSS","M","$","?","?","M","R","M","$","T","R","M","M","M","M","R","BOSS","M","M","?","?","$","R","M","E"],"build_version":"2018-08-30","purchased_purges":2,"victory":false,"max_hp_per_floor":[89,89,89,89,94,94,94,94,94,94,94,94,94,94,94,94,94,94,94,94,94,94,94,94,94,94,94,94,94,94,94,94,94,94,94,94,94,94,94,94,94,94],"card_choices":[{"not_picked":["Turbo","Conserve Battery"],"picked":"Gash","floor":1},{"not_picked":["Sweeping Beam","Compile Driver","Skim"],"picked":"SKIP","floor":7},{"not_picked":["Beam Cell","Rebound"],"picked":"Steam","floor":10},{"not_picked":["Aggregate","Cold Snap","Beam Cell"],"picked":"SKIP","floor":11},{"not_picked":["Coolheaded","Hologram","White Noise"],"picked":"SKIP","floor":14},{"not_picked":["Hyperbeam","Multi-Cast"],"picked":"All For One","floor":16},{"not_picked":["Stack","Conserve Battery+1","Reprogram+1"],"picked":"SKIP","floor":18},{"not_picked":["Barrage","Chill","Rip and Tear+1"],"picked":"SKIP","floor":22},{"not_picked":["Lockon","Blizzard+1"],"picked":"All For One","floor":24},{"not_picked":["Steam","Barrage"],"picked":"Scrape+1","floor":28},{"not_picked":["Sweeping Beam","Melter+1","Turbo"],"picked":"SKIP","floor":28},{"not_picked":["Beam Cell","Undo"],"picked":"Loop","floor":29},{"not_picked":["Turbo","Stack","Hello World"],"picked":"SKIP","floor":29},{"not_picked":["Rebound","Barrage"],"picked":"Glacier","floor":30},{"not_picked":["Stack+1","Core Surge","Lockon"],"picked":"SKIP","floor":30},{"not_picked":["Turbo","Redo","Skim"],"picked":"SKIP","floor":31},{"not_picked":["White Noise","Coolheaded","Redo"],"picked":"SKIP","floor":31},{"not_picked":["Multi-Cast","Hyperbeam"],"picked":"Echo Form","floor":33},{"not_picked":["Undo","Stack","Go for the Eyes+1"],"picked":"SKIP","floor":35},{"not_picked":["Turbo+1","Coolheaded","Rebound"],"picked":"SKIP","floor":35},{"not_picked":["Consume+1","Chaos"],"picked":"Redo+1","floor":36},{"not_picked":["Multi-Cast","Stack","Steam Power+1"],"picked":"SKIP","floor":36},{"not_picked":["Impatience","Discovery"],"picked":"Panacea","floor":37},{"not_picked":["Dark Shackles","Good Instincts"],"picked":"Finesse","floor":37},{"not_picked":["Blizzard+1","Static Discharge+1"],"picked":"Steam+1","floor":41},{"not_picked":["Go for the Eyes","Leap"],"picked":"Steam","floor":41}],"player_experience":585525,"relics_obtained":[{"floor":4,"key":"Mercury Hourglass"},{"floor":9,"key":"Cables"},{"floor":20,"key":"Red Mask"},{"floor":26,"key":"Prayer Wheel"}],"event_choices":[{"event_name":"World of Goop","player_choice":"Gather Gold","floor":3,"damage_taken":0},{"event_name":"Big Fish","player_choice":"Donut","floor":5,"damage_taken":0},{"event_name":"Golden Wing","player_choice":"Card Removal","floor":12,"damage_taken":0},{"event_name":"Masked Bandits","player_choice":"Fought Bandits","floor":20,"damage_taken":0},{"event_name":"Wheel of Change","player_choice":"Damage","floor":21,"damage_taken":0},{"event_name":"SensoryStone","player_choice":"Memory 3","floor":37,"damage_taken":0},{"event_name":"Bonfire Elementals","player_choice":"BASIC","floor":38,"damage_taken":0}],"is_beta":false,"boss_relics":[{"not_picked":["Ectoplasm","Eternal Feather"],"picked":"FrozenCore"},{"not_picked":["Fusion Hammer","Runic Pyramid"],"picked":"Inserter"}],"items_purged_floors":[19,25],"is_endless":false,"potions_floor_spawned":[7,10,20,24,30,31,33,36],"killed_by":"2 Orb Walkers","ascension_level":10}