{"gold_per_floor":[414,429,347,362,362,392,407,407,407,437,437,437,120,150,150,250,250,265,15,30,30,45,45,60,60,60,60,90,90,105,120,120,220,220,235,235,250,265,265,265,295,295,295,325,325,61,76,91,91,91],"floor_reached":51,"playtime":3870,"items_purged":["Strike_G"],"score":770,"play_id":"ea631f84-9a5c-479c-b40f-dfdd5b1085e8","local_time":"20190122150858","daily_mods":["Heirloom","Flight","DeadlyEvents"],"is_ascension_mode":false,"campfire_choices":[{"floor":8.0,"key":"REST"},{"floor":15.0,"key":"REST"},{"floor":23.0,"key":"REST"},{"floor":25.0,"key":"REST"},{"floor":27.0,"key":"REST"},{"floor":29.0,"key":"REST"},{"floor":32.0,"key":"REST"},{"floor":40.0,"key":"REST"},{"floor":42.0,"key":"REST"},{"floor":45.0,"key":"REST"},{"floor":49.0,"key":"REST"}],"neow_cost":"","seed_source_timestamp":0,"circlet_count":0,"master_deck":["Defend_G","Defend_G","Defend_G","Defend_G","Defend_G","Strike_G+1","Strike_G","Strike_G+1","Survivor","Neutralize","Accuracy","PiercingWail","Accuracy","Flying Knee","Cloak And Dagger+1","Blade Dance","Flying Knee","Blade Dance","Accuracy+1","Blade Dance","Cloak And Dagger+1","Accuracy+1","Backflip+1","Deflect+1","Madness+1","Madness+1","Dagger Throw+1","Escape Plan+1","Deflect+1","Bullet Time+1"],"special_seed":17918,"relics":["Ring of the Snake","Old Coin","Bottled Lightning","Frozen Egg 2","PreservedInsect","Ancient Tea Set","ClockworkSouvenir","Darkstone Periapt","Lizard Tail","Toxic Egg 2","Centennial Puzzle","Boot","Runic Pyramid","Ninja Scroll","Letter Opener","Whetstone","Happy Flower"],"potions_floor_usage":[50,50,50],"damage_taken":[{"damage":2.0,"enemies":"Small Slimes","floor":1.0,"turns":5.0},{"damage":4.0,"enemies":"Jaw Worm","floor":2.0,"turns":6.0},{"damage":1.0,"enemies":"2 Louse","floor":4.0,"turns":3.0},{"damage":34.0,"enemies":"3 Sentries","floor":6.0,"turns":16.0},{"damage":0.0,"enemies":"2 Fungi Beasts","floor":7.0,"turns":4.0},{"damage":25.0,"enemies":"Gremlin Nob","floor":10.0,"turns":5.0},{"damage":0.0,"enemies":"Lagavulin","floor":14.0,"turns":4.0},{"damage":24.0,"enemies":"Hexaghost","floor":16.0,"turns":8.0},{"damage":27.0,"enemies":"2 Thieves","floor":18.0,"turns":5.0},{"damage":14.0,"enemies":"Spheric Guardian","floor":20.0,"turns":4.0},{"damage":13.0,"enemies":"3 Cultists","floor":22.0,"turns":6.0},{"damage":0.0,"enemies":"Chosen and Byrds","floor":24.0,"turns":6.0},{"damage":26.0,"enemies":"Gremlin Leader","floor":28.0,"turns":5.0},{"damage":9.0,"enemies":"Snake Plant","floor":30.0,"turns":4.0},{"damage":27.0,"enemies":"3 Cultists","floor":31.0,"turns":6.0},{"damage":86.0,"enemies":"Champ","floor":33.0,"turns":11.0},{"damage":7.0,"enemies":"Orb Walker","floor":35.0,"turns":3.0},{"damage":35.0,"enemies":"3 Shapes","floor":37.0,"turns":4.0},{"damage":12.0,"enemies":"Maw","floor":38.0,"turns":8.0},{"damage":9.0,"enemies":"Reptomancer","floor":41.0,"turns":6.0},{"damage":0.0,"enemies":"Nemesis","floor":44.0,"turns":3.0},{"damage":7.0,"enemies":"4 Shapes","floor":47.0,"turns":3.0},{"damage":1.0,"enemies":"Spire Growth","floor":48.0,"turns":4.0},{"damage":60,"enemies":"Donu and Deca","floor":50,"turns":10}],"seed_played":"-6286355576629178474","potions_obtained":[{"floor":1.0,"key":"GhostInAJar"},{"floor":7.0,"key":"GamblersBrew"},{"floor":10.0,"key":"AttackPotion"},{"floor":14.0,"key":"AttackPotion"},{"floor":24.0,"key":"Ancient Potion"},{"floor":30.0,"key":"Ancient Potion"},{"floor":33.0,"key":"FearPotion"},{"floor":35.0,"key":"EssenceOfSteel"},{"floor":37.0,"key":"LiquidBronze"},{"floor":47.0,"key":"Weak Potion"}],"is_trial":false,"path_per_floor":["M","M","$","M","?","E","M","R","T","E","T","?","$","E","R","B",null,"M","$","M","?","M","R","M","R","T","R","E","R","M","M","R","B",null,"M","?","M","M","?","R","E","R","T","E","R","$","M","M","R","B",null],"character_chosen":"THE_SILENT","items_purchased":["Accuracy","ClockworkSouvenir","Blade Dance","Accuracy+1","Toxic Egg 2","Happy Flower","Escape Plan+1"],"campfire_rested":11,"item_purchase_floors":[3,13,13,13,19,46,46],"current_hp_per_floor":[68,64,64,63,63,29,29,50,50,25,25,25,25,25,46,22,70,43,43,29,16,3,25,25,47,47,69,43,65,56,29,51,2,75,68,59,24,12,12,34,25,47,47,47,69,69,62,61,75,15],"gold":91,"neow_bonus":"","is_prod":false,"is_daily":true,"chose_seed":false,"campfire_upgraded":0,"win_rate":0,"timestamp":1548187738,"path_taken":["M","M","$","M","?","E","?","R","T","?","?","?","$","?","R","BOSS","M","$","M","?","M","R","?","R","T","R","E","R","M","M","R","BOSS","M","?","M","M","?","R","?","R","T","E","R","$","M","M","R","BOSS"],"build_version":"2019-01-17v2","purchased_purges":1,"victory":true,"max_hp_per_floor":[70,70,70,70,70,70,70,70,70,70,70,70,70,70,70,70,70,70,70,70,75,75,75,75,75,75,75,75,75,75,75,75,75,75,75,75,75,75,75,75,75,75,75,75,75,75,75,75,75,75],"card_choices":[{"not_picked":["Eviscerate","Distraction"],"picked":"Accuracy","floor":1.0},{"not_picked":["Flying Knee","Predator"],"picked":"PiercingWail","floor":2.0},{"not_picked":["Underhanded Strike","Dodge and Roll"],"picked":"Flying Knee","floor":4.0},{"not_picked":["Backstab","Prepared"],"picked":"Cloak And Dagger","floor":6.0},{"not_picked":["After Image","Flying Knee"],"picked":"Blade Dance","floor":7.0},{"not_picked":["Finisher","Underhanded Strike"],"picked":"Flying Knee","floor":10.0},{"not_picked":["Concentrate","Masterful Stab","Bane"],"picked":"SKIP","floor":14.0},{"not_picked":["Heel Hook","Underhanded Strike"],"picked":"Blade Dance","floor":18.0},{"not_picked":["Outmaneuver+1","Sucker Punch"],"picked":"Cloak And Dagger+1","floor":20.0},{"not_picked":["Distraction+1","Calculated Gamble+1","Crippling Poison+1"],"picked":"SKIP","floor":22.0},{"not_picked":["Skewer","Flying Knee"],"picked":"Accuracy+1","floor":24.0},{"not_picked":["Tactician+1","Flechettes+1"],"picked":"Backflip+1","floor":28.0},{"not_picked":["Dagger Throw+1","Night Terror+1","Crippling Poison+1"],"picked":"SKIP","floor":30.0},{"not_picked":["Underhanded Strike","Setup+1","Dagger Spray"],"picked":"SKIP","floor":31.0},{"not_picked":["All Out Attack+1","Flying Knee"],"picked":"Deflect+1","floor":35.0},{"not_picked":["Distraction+1","Dash+1","Bouncing Flask+1"],"picked":"SKIP","floor":37.0},{"not_picked":["Bane","Eviscerate","Predator"],"picked":"SKIP","floor":38.0},{"not_picked":["Acrobatics+1","Dash+1"],"picked":"Dagger Throw+1","floor":41.0},{"not_picked":["Skewer","Backflip+1","Leg Sweep+1"],"picked":"SKIP","floor":44.0},{"not_picked":["Dodge and Roll+1","Escape Plan+1"],"picked":"Deflect+1","floor":47.0},{"not_picked":["Backflip+1","Crippling Poison+1"],"picked":"Bullet Time+1","floor":48.0}],"player_experience":129493,"relics_obtained":[{"floor":6.0,"key":"Bottled Lightning"},{"floor":9.0,"key":"Frozen Egg 2"},{"floor":10.0,"key":"PreservedInsect"},{"floor":11.0,"key":"Ancient Tea Set"},{"floor":14.0,"key":"Darkstone Periapt"},{"floor":26.0,"key":"Centennial Puzzle"},{"floor":28.0,"key":"Boot"},{"floor":41.0,"key":"Ninja Scroll"},{"floor":43.0,"key":"Letter Opener"},{"floor":44.0,"key":"Whetstone"}],"event_choices":[{"damage_healed":0.0,"max_hp_gain":0.0,"max_hp_loss":0.0,"gold_gain":0.0,"event_name":"Liars Game","player_choice":"Ignored","floor":5.0,"gold_loss":0.0,"damage_taken":0.0},{"damage_healed":0.0,"max_hp_gain":0.0,"max_hp_loss":0.0,"gold_gain":0.0,"event_name":"Accursed Blacksmith","player_choice":"Forge","floor":12.0,"gold_loss":0.0,"damage_taken":0.0,"cards_upgraded":["Cloak And Dagger"]},{"damage_healed":0.0,"max_hp_gain":5.0,"max_hp_loss":0.0,"gold_gain":0.0,"event_name":"Forgotten Altar","player_choice":"Shed Blood","floor":21.0,"gold_loss":0.0,"damage_taken":18.0},{"damage_healed":0.0,"max_hp_gain":0.0,"max_hp_loss":0.0,"gold_gain":0.0,"event_name":"Winding Halls","player_choice":"Embrace Madness","floor":36.0,"gold_loss":0.0,"damage_taken":9.0,"cards_obtained":["Madness","Madness"]},{"cards_removed":["Strike_G"],"damage_healed":0.0,"max_hp_gain":0.0,"max_hp_loss":0.0,"gold_gain":0.0,"event_name":"Falling","player_choice":"Removed Attack","floor":39.0,"gold_loss":0.0,"damage_taken":0.0}],"is_beta":false,"boss_relics":[{"not_picked":["Calling Bell","White Beast Statue"],"picked":"Lizard Tail"},{"not_picked":["Pandora\u0027s Box","Busted Crown"],"picked":"Runic Pyramid"}],"items_purged_floors":[46],"is_endless":false,"potions_floor_spawned":[1,7,10,14,24,30,33,35,37,47,48],"ascension_level":0}