{"gold_per_floor":[116,127,50,50,112,140,157,157,157,171,171,182,182,199,199,274,274,285,335,350,23,85,185,204,268,268,12,62,62,82,95,95,166,166,176,30,40,40,56,89,186,107,107,157,173,173,223,233,233,233,233,233,233,36,61,61],"floor_reached":57,"playtime":3358,"items_purged":["Strike_B","Defend_B","Defend_B"],"score":2751,"play_id":"e38bd8da-6145-446d-95c4-81f9b15d1313","local_time":"20190426233806","is_ascension_mode":true,"campfire_choices":[{"data":"Sunder","floor":8.0,"key":"SMITH"},{"data":"Defragment","floor":11.0,"key":"SMITH"},{"data":"Heatsinks","floor":13.0,"key":"SMITH"},{"data":"Zap","floor":15.0,"key":"SMITH"},{"data":"Dualcast","floor":29.0,"key":"SMITH"},{"floor":32.0,"key":"REST"},{"data":"Turbo","floor":46.0,"key":"SMITH"},{"floor":49.0,"key":"RECALL"},{"data":"Seek","floor":53.0,"key":"SMITH"}],"neow_cost":"NONE","seed_source_timestamp":0,"circlet_count":0,"master_deck":["AscendersBane","Defend_B","Zap+1","Dualcast+1","Capacitor","Heatsinks+1","Sunder+1","Glacier","Defragment+1","Cold Snap","Stack","Self Repair","Core Surge","White Noise","Ball Lightning+1","Compile Driver","Skim","Buffer","Seek+1","Go for the Eyes","Force Field","Multi-Cast","Hologram","Creative AI","Aggregate+1","Turbo+1","Meteor Strike","Double Energy","Tempest","Electrodynamics","Fission","Coolheaded+1","Echo Form","Reprogram","Hologram","BootSequence","Glacier","Purity"],"special_seed":0,"relics":["Cracked Core","SsserpentHead","FossilizedHelix","Empty Cage","Nloth\u0027s Gift","Prayer Wheel","Shuriken","Membership Card","Runic Pyramid","Pocketwatch","Thread and Needle","Molten Egg 2","Centennial Puzzle"],"potions_floor_usage":[56,56],"damage_taken":[{"damage":0.0,"enemies":"Cultist","floor":1.0,"turns":1.0},{"damage":0.0,"enemies":"2 Louse","floor":2.0,"turns":1.0},{"damage":0.0,"enemies":"Small Slimes","floor":5.0,"turns":1.0},{"damage":12.0,"enemies":"3 Sentries","floor":6.0,"turns":9.0},{"damage":0.0,"enemies":"Gremlin Gang","floor":7.0,"turns":3.0},{"damage":0.0,"enemies":"3 Louse","floor":10.0,"turns":4.0},{"damage":0.0,"enemies":"Looter","floor":12.0,"turns":3.0},{"damage":5.0,"enemies":"Blue Slaver","floor":14.0,"turns":4.0},{"damage":25.0,"enemies":"The Guardian","floor":16.0,"turns":12.0},{"damage":20.0,"enemies":"3 Byrds","floor":18.0,"turns":6.0},{"damage":18.0,"enemies":"2 Thieves","floor":20.0,"turns":5.0},{"damage":29.0,"enemies":"Snake Plant","floor":22.0,"turns":5.0},{"damage":16.0,"enemies":"Shelled Parasite and Fungi","floor":24.0,"turns":9.0},{"damage":8.0,"enemies":"3 Cultists","floor":25.0,"turns":6.0},{"damage":9.0,"enemies":"Cultist and Chosen","floor":30.0,"turns":8.0},{"damage":8.0,"enemies":"Snake Plant","floor":31.0,"turns":4.0},{"damage":33.0,"enemies":"Collector","floor":33.0,"turns":13.0},{"damage":9.0,"enemies":"3 Shapes","floor":35.0,"turns":5.0},{"damage":0.0,"enemies":"3 Darklings","floor":37.0,"turns":6.0},{"damage":42.0,"enemies":"Transient","floor":39.0,"turns":6.0},{"damage":0.0,"enemies":"Giant Head","floor":40.0,"turns":8.0},{"damage":11.0,"enemies":"2 Orb Walkers","floor":41.0,"turns":4.0},{"damage":0.0,"enemies":"Writhing Mass","floor":45.0,"turns":3.0},{"damage":0.0,"enemies":"Spire Growth","floor":48.0,"turns":2.0},{"damage":0.0,"enemies":"Donu and Deca","floor":50.0,"turns":7.0},{"damage":21.0,"enemies":"Awakened One","floor":51.0,"turns":9.0},{"damage":34.0,"enemies":"Shield and Spear","floor":55.0,"turns":5.0},{"damage":27,"enemies":"The Heart","floor":56,"turns":15}],"seed_played":"-7139776075516386236","potions_obtained":[{"floor":1.0,"key":"Explosive Potion"},{"floor":2.0,"key":"Regen Potion"},{"floor":7.0,"key":"Swift Potion"},{"floor":14.0,"key":"SpeedPotion"},{"floor":22.0,"key":"AttackPotion"},{"floor":24.0,"key":"AttackPotion"},{"floor":25.0,"key":"GamblersBrew"},{"floor":31.0,"key":"Regen Potion"},{"floor":33.0,"key":"EssenceOfSteel"},{"floor":35.0,"key":"LiquidBronze"}],"is_trial":false,"path_per_floor":["M","M","$","?","M","E","M","R","T","M","R","M","R","M","R","B",null,"M","?","M","$","M","?","M","M","T","$","?","R","M","M","R","B",null,"M","$","M","$","M","E","?","$","T","?","M","R","?","M","R","B","B",null,"R","$","E","B",null],"character_chosen":"DEFECT","items_purchased":["Sunder","Prayer Wheel","Membership Card","Turbo","Meteor Strike","Double Energy","Hologram","Ancient Potion","Glacier","Purity"],"campfire_rested":1,"item_purchase_floors":[3,21,27,36,36,36,42,54,54,54],"current_hp_per_floor":[64,64,64,64,64,65,65,65,65,65,65,65,65,67,67,49,66,53,53,42,42,27,27,25,24,24,24,24,24,22,14,35,24,59,57,57,64,64,29,36,39,39,39,39,39,39,39,39,39,46,32,61,61,61,34,14],"gold":61,"neow_bonus":"THREE_ENEMY_KILL","is_prod":false,"is_daily":false,"chose_seed":false,"campfire_upgraded":7,"win_rate":0,"timestamp":1556293086,"path_taken":["M","M","$","?","?","E","M","R","T","M","R","M","R","M","R","BOSS","M","?","M","$","?","?","M","?","T","$","?","R","M","M","R","BOSS","M","$","M","$","M","E","?","$","T","?","M","R","?","M","R","BOSS","BOSS","R","$","E","BOSS"],"build_version":"2019-01-23","purchased_purges":3,"victory":true,"max_hp_per_floor":[71,71,71,71,71,71,71,71,71,71,71,71,71,71,71,71,71,71,71,71,71,71,71,71,71,71,71,71,71,71,71,71,71,71,71,71,71,71,71,71,71,71,71,71,71,71,71,71,71,71,71,71,71,71,71,71],"card_choices":[{"not_picked":["Consume","Leap"],"picked":"Capacitor","floor":1.0},{"not_picked":["Turbo","Leap"],"picked":"Heatsinks","floor":2.0},{"not_picked":["Barrage","Hologram"],"picked":"Glacier","floor":5.0},{"not_picked":["Hologram","Ball Lightning"],"picked":"Defragment","floor":6.0},{"not_picked":["Doom and Gloom","Reprogram"],"picked":"Cold Snap","floor":7.0},{"not_picked":["Sweeping Beam","FTL"],"picked":"Stack","floor":10.0},{"not_picked":["Conserve Battery","Steam"],"picked":"Self Repair","floor":12.0},{"not_picked":["Rip and Tear","Gash","Steam"],"picked":"SKIP","floor":14.0},{"not_picked":["Biased Cognition","Rainbow"],"picked":"Core Surge","floor":16.0},{"not_picked":["Barrage","Beam Cell+1"],"picked":"White Noise","floor":18.0},{"not_picked":["Capacitor","Hyperbeam","Streamline"],"picked":"SKIP","floor":20.0},{"not_picked":["Cold Snap","BootSequence"],"picked":"Ball Lightning+1","floor":22.0},{"not_picked":["Gash","Cold Snap"],"picked":"Compile Driver","floor":22.0},{"not_picked":["Gash","Conserve Battery"],"picked":"Skim","floor":24.0},{"not_picked":["Cold Snap+1","Compile Driver"],"picked":"Buffer","floor":24.0},{"not_picked":["Go for the Eyes","Chaos"],"picked":"Seek","floor":25.0},{"not_picked":["White Noise","Steam"],"picked":"Go for the Eyes","floor":25.0},{"not_picked":["Barrage","Rebound+1"],"picked":"Force Field","floor":30.0},{"not_picked":["Barrage","Hello World","Compile Driver"],"picked":"SKIP","floor":30.0},{"not_picked":["Rebound","Barrage"],"picked":"Multi-Cast","floor":31.0},{"not_picked":["Ball Lightning","Streamline"],"picked":"Hologram","floor":31.0},{"not_picked":["Machine Learning","All For One"],"picked":"Creative AI","floor":33.0},{"not_picked":["Redo","Hologram"],"picked":"Aggregate+1","floor":35.0},{"not_picked":["Beam Cell","Conserve Battery","Leap"],"picked":"SKIP","floor":35.0},{"not_picked":["Cold Snap","Melter"],"picked":"Tempest","floor":37.0},{"not_picked":["Cold Snap+1","Sweeping Beam"],"picked":"Electrodynamics","floor":37.0},{"not_picked":["Barrage+1","Steam"],"picked":"Fission","floor":39.0},{"not_picked":["Ball Lightning","Machine Learning"],"picked":"Coolheaded+1","floor":39.0},{"not_picked":["Cold Snap","Steam"],"picked":"Echo Form","floor":40.0},{"not_picked":["Beam Cell","Cold Snap+1"],"picked":"Reprogram","floor":41.0},{"not_picked":["Barrage+1","Cold Snap+1","Leap"],"picked":"SKIP","floor":45.0},{"not_picked":["Doom and Gloom+1","Lockon+1","Undo+1"],"picked":"SKIP","floor":45.0},{"not_picked":["Stack","Coolheaded"],"picked":"BootSequence","floor":48.0},{"not_picked":["Melter+1","Genetic Algorithm","Beam Cell+1"],"picked":"SKIP","floor":48.0},{"not_picked":["Melter+1","Genetic Algorithm","Beam Cell+1"],"picked":"SKIP","floor":48.0},{"not_picked":["FTL+1","Coolheaded","Conserve Battery"],"picked":"SKIP","floor":55.0}],"player_experience":1488202,"relics_obtained":[{"floor":6.0,"key":"FossilizedHelix"},{"floor":26.0,"key":"Shuriken"},{"floor":40.0,"key":"Pocketwatch"},{"floor":41.0,"key":"Thread and Needle"},{"floor":43.0,"key":"Molten Egg 2"},{"floor":55.0,"key":"Centennial Puzzle"}],"event_choices":[{"damage_healed":0.0,"max_hp_gain":0.0,"max_hp_loss":0.0,"gold_gain":0.0,"event_name":"FaceTrader","player_choice":"Trade","floor":4.0,"gold_loss":0.0,"damage_taken":0.0,"relics_obtained":["SsserpentHead"]},{"damage_healed":0.0,"max_hp_gain":0.0,"max_hp_loss":0.0,"gold_gain":0.0,"event_name":"N\u0027loth","player_choice":"Traded Relic","floor":19.0,"relics_lost":["NeowsBlessing"],"gold_loss":0.0,"damage_taken":0.0,"relics_obtained":["Nloth\u0027s Gift"]},{"damage_healed":0.0,"max_hp_gain":0.0,"max_hp_loss":0.0,"gold_gain":100.0,"event_name":"The Joust","player_choice":"Bet on Murderer","floor":23.0,"gold_loss":50.0,"damage_taken":0.0},{"cards_removed":["Strike_B"],"damage_healed":0.0,"max_hp_gain":0.0,"max_hp_loss":0.0,"gold_gain":0.0,"event_name":"Back to Basics","player_choice":"Elegance","floor":28.0,"gold_loss":0.0,"damage_taken":0.0},{"damage_healed":0.0,"max_hp_gain":0.0,"max_hp_loss":0.0,"gold_gain":0.0,"event_name":"Mysterious Sphere","player_choice":"Fight","floor":41.0,"gold_loss":0.0,"damage_taken":0.0},{"cards_removed":["Defend_B"],"damage_healed":0.0,"max_hp_gain":0.0,"max_hp_loss":0.0,"gold_gain":0.0,"event_name":"Falling","player_choice":"Removed Skill","floor":44.0,"gold_loss":0.0,"damage_taken":0.0},{"damage_healed":0.0,"max_hp_gain":0.0,"max_hp_loss":0.0,"gold_gain":0.0,"event_name":"SecretPortal","player_choice":"Ignored","floor":47.0,"gold_loss":0.0,"damage_taken":0.0}],"is_beta":false,"boss_relics":[{"not_picked":["Tiny House","Lizard Tail"],"picked":"Empty Cage"},{"not_picked":["Runic Dome","Inserter"],"picked":"Runic Pyramid"}],"items_purged_floors":[27,42,54],"is_endless":false,"potions_floor_spawned":[1,2,7,14,16,22,24,25,31,33,35,40,41],"ascension_level":20}