{"gold_per_floor":[20,31,206,232,247,247,258,258,258,183,183,183,198,98,98,221,221,236,256,256,131,145,186,109,147,227,240,255,180,180,191,191,292,292,305,319,279,292,52,81,81,97,97,97,109,409,422,433,433,433],"floor_reached":51,"playtime":2037,"items_purged":["Doubt","Strike_G","Strike_G","Strike_G"],"score":761,"play_id":"713e1d2f-e1a1-40d1-a3b7-770830b6aaac","local_time":"20190321181516","is_ascension_mode":false,"campfire_choices":[{"data":"Cloak And Dagger","floor":6.0,"key":"SMITH"},{"data":"Blade Dance","floor":11.0,"key":"SMITH"},{"data":"Accuracy","floor":15.0,"key":"SMITH"},{"floor":32.0,"key":"REST"},{"data":"Accuracy","floor":41.0,"key":"SMITH"},{"data":"Accuracy","floor":44.0,"key":"SMITH"},{"data":"Infinite Blades","floor":49.0,"key":"SMITH"}],"neow_cost":"NO_GOLD","seed_source_timestamp":158657810882200,"circlet_count":0,"master_deck":["Defend_G","Defend_G","Defend_G+1","Defend_G","Defend_G+1","Survivor","Neutralize","Cloak And Dagger+1","Blade Dance+1","Backflip","Accuracy+1","Burst+1","Blade Dance+1","Cloak And Dagger+1","Accuracy+1","Infinite Blades+1","Blur","Choke+1","Accuracy+1","Cloak And Dagger+1","Prepared+1","Outmaneuver+1"],"special_seed":0,"relics":["Ring of the Serpent","Turnip","Happy Flower","Bloody Idol","Blue Candle","Letter Opener","War Paint","Gremlin Horn","Lizard Tail","Art of War","Mercury Hourglass"],"potions_floor_usage":[50,50,50],"damage_taken":[{"damage":0.0,"enemies":"Small Slimes","floor":1.0,"turns":5.0},{"damage":0.0,"enemies":"Jaw Worm","floor":2.0,"turns":4.0},{"damage":0.0,"enemies":"Cultist","floor":5.0,"turns":4.0},{"damage":0.0,"enemies":"Exordium Wildlife","floor":7.0,"turns":3.0},{"damage":1.0,"enemies":"Large Slime","floor":13.0,"turns":6.0},{"damage":23.0,"enemies":"The Guardian","floor":16.0,"turns":11.0},{"damage":3.0,"enemies":"3 Byrds","floor":18.0,"turns":3.0},{"damage":4.0,"enemies":"Chosen","floor":19.0,"turns":3.0},{"damage":4.0,"enemies":"3 Cultists","floor":22.0,"turns":4.0},{"damage":13.0,"enemies":"Book of Stabbing","floor":23.0,"turns":4.0},{"damage":10.0,"enemies":"Gremlin Leader","floor":25.0,"turns":3.0},{"damage":21.0,"enemies":"Snake Plant","floor":27.0,"turns":3.0},{"damage":4.0,"enemies":"Cultist and Chosen","floor":28.0,"turns":4.0},{"damage":7.0,"enemies":"Centurion and Healer","floor":31.0,"turns":3.0},{"damage":20.0,"enemies":"Champ","floor":33.0,"turns":8.0},{"damage":2.0,"enemies":"3 Darklings","floor":35.0,"turns":4.0},{"damage":12.0,"enemies":"Orb Walker","floor":36.0,"turns":3.0},{"damage":3.0,"enemies":"Transient","floor":38.0,"turns":5.0},{"damage":0.0,"enemies":"Reptomancer","floor":40.0,"turns":5.0},{"damage":23.0,"enemies":"3 Darklings","floor":42.0,"turns":3.0},{"damage":3.0,"enemies":"Sphere and 2 Shapes","floor":45.0,"turns":3.0},{"damage":16.0,"enemies":"Jaw Worm Horde","floor":47.0,"turns":2.0},{"damage":0.0,"enemies":"Transient","floor":48.0,"turns":5.0},{"damage":51,"enemies":"Awakened One","floor":50,"turns":7}],"seed_played":"4598120143258679224","potions_obtained":[{"floor":2.0,"key":"AttackPotion"},{"floor":7.0,"key":"SkillPotion"},{"floor":13.0,"key":"PowerPotion"},{"floor":16.0,"key":"LiquidBronze"},{"floor":18.0,"key":"GamblersBrew"},{"floor":19.0,"key":"LiquidBronze"},{"floor":23.0,"key":"GhostInAJar"},{"floor":37.0,"key":"LiquidBronze"},{"floor":37.0,"key":"SpeedPotion"},{"floor":37.0,"key":"LiquidBronze"},{"floor":40.0,"key":"Strength Potion"}],"is_trial":false,"path_per_floor":["M","M","?","T","M","R","M","?","T","$","R","?","M","$","R","B",null,"M","M","?","$","M","E","$","E","T","M","M","?","?","M","R","B",null,"M","M","?","M","$","E","R","M","T","R","M","?","M","M","R","B",null],"character_chosen":"THE_SILENT","items_purchased":["Accuracy","Accuracy","SteroidPotion"],"campfire_rested":1,"item_purchase_floors":[24,39,39],"current_hp_per_floor":[70,70,70,70,70,70,70,53,53,53,53,53,52,52,52,29,70,67,63,63,63,59,46,46,36,36,15,11,11,11,9,30,15,70,70,63,63,65,65,70,70,52,52,52,54,59,48,53,53,2],"gold":433,"neow_bonus":"ONE_RARE_RELIC","is_prod":false,"is_daily":false,"chose_seed":false,"campfire_upgraded":6,"win_rate":0,"timestamp":1553163316,"path_taken":["M","M","?","?","?","R","M","?","T","$","R","?","M","$","R","BOSS","M","M","?","$","?","E","$","E","T","M","?","?","?","M","R","BOSS","M","M","?","M","$","E","R","M","T","R","?","?","M","?","R","BOSS"],"build_version":"2019-01-23","purchased_purges":4,"victory":true,"max_hp_per_floor":[70,70,70,70,70,70,70,70,70,70,70,70,70,70,70,70,70,70,70,70,70,70,70,70,70,70,70,70,70,70,70,70,70,70,70,70,70,70,70,70,70,70,70,70,70,70,70,70,70,70],"card_choices":[{"not_picked":["Sucker Punch","Quick Slash"],"picked":"Cloak And Dagger","floor":1.0},{"not_picked":["Escape Plan","Backflip"],"picked":"Blade Dance","floor":2.0},{"not_picked":["Dagger Throw","Concentrate"],"picked":"Backflip","floor":5.0},{"not_picked":["Flying Knee","Poisoned Stab","Flechettes"],"picked":"SKIP","floor":7.0},{"not_picked":["Dagger Throw","PiercingWail"],"picked":"Accuracy","floor":13.0},{"not_picked":["Doppelganger","Grand Finale"],"picked":"Burst","floor":16.0},{"not_picked":["Cloak And Dagger","Footwork"],"picked":"Blade Dance+1","floor":18.0},{"not_picked":["Skewer","PiercingWail"],"picked":"Cloak And Dagger+1","floor":19.0},{"not_picked":["Outmaneuver+1","Underhanded Strike","Endless Agony"],"picked":"SKIP","floor":22.0},{"not_picked":["Quick Slash","Outmaneuver","Flying Knee"],"picked":"SKIP","floor":23.0},{"not_picked":["Well Laid Plans","Deadly Poison"],"picked":"Infinite Blades","floor":25.0},{"not_picked":["Deadly Poison","Flying Knee","Glass Knife"],"picked":"SKIP","floor":27.0},{"not_picked":["Reflex","Catalyst","Endless Agony"],"picked":"SKIP","floor":28.0},{"not_picked":["Backflip","Noxious Fumes+1","Riddle With Holes"],"picked":"SKIP","floor":31.0},{"not_picked":["Catalyst+1","PiercingWail+1"],"picked":"Blur","floor":35.0},{"not_picked":["Poisoned Stab","Blade Dance"],"picked":"Choke+1","floor":36.0},{"not_picked":["Dash+1","Dagger Spray+1","Deflect"],"picked":"SKIP","floor":38.0},{"not_picked":["Concentrate+1","Masterful Stab"],"picked":"Cloak And Dagger+1","floor":40.0},{"not_picked":["Deflect+1","Flying Knee","Underhanded Strike+1"],"picked":"SKIP","floor":42.0},{"not_picked":["Calculated Gamble","Flying Knee","PiercingWail+1"],"picked":"SKIP","floor":45.0},{"not_picked":["Bane","Glass Knife"],"picked":"Prepared+1","floor":47.0},{"not_picked":["Blade Dance","Acrobatics"],"picked":"Outmaneuver+1","floor":48.0}],"player_experience":408426,"relics_obtained":[{"floor":4.0,"key":"Happy Flower"},{"floor":9.0,"key":"Blue Candle"},{"floor":23.0,"key":"Letter Opener"},{"floor":25.0,"key":"War Paint"},{"floor":26.0,"key":"Gremlin Horn"},{"floor":40.0,"key":"Art of War"},{"floor":43.0,"key":"Mercury Hourglass"}],"event_choices":[{"damage_healed":0.0,"max_hp_gain":0.0,"max_hp_loss":0.0,"gold_gain":175.0,"event_name":"Liars Game","player_choice":"AGREE","floor":3.0,"gold_loss":0.0,"damage_taken":0.0,"cards_obtained":["Doubt"]},{"damage_healed":0.0,"max_hp_gain":0.0,"max_hp_loss":0.0,"gold_gain":0.0,"event_name":"Golden Idol","player_choice":"Take Damage","floor":8.0,"gold_loss":0.0,"damage_taken":17.0,"relics_obtained":["Golden Idol"]},{"cards_removed":["Strike_G"],"damage_healed":0.0,"max_hp_gain":0.0,"max_hp_loss":0.0,"gold_gain":0.0,"event_name":"Living Wall","player_choice":"Forget","floor":12.0,"gold_loss":0.0,"damage_taken":0.0},{"damage_healed":0.0,"max_hp_gain":0.0,"max_hp_loss":0.0,"gold_gain":0.0,"event_name":"Upgrade Shrine","player_choice":"Upgraded","floor":20.0,"gold_loss":0.0,"damage_taken":0.0,"cards_upgraded":["Burst"]},{"cards_removed":["Strike_G"],"damage_healed":0.0,"max_hp_gain":0.0,"max_hp_loss":0.0,"gold_gain":0.0,"event_name":"Beggar","player_choice":"Gave Gold","floor":29.0,"gold_loss":75.0,"damage_taken":0.0},{"damage_healed":0.0,"max_hp_gain":0.0,"max_hp_loss":0.0,"gold_gain":0.0,"event_name":"Forgotten Altar","player_choice":"Gave Idol","floor":30.0,"relics_lost":["Golden Idol"],"gold_loss":0.0,"damage_taken":0.0,"relics_obtained":["Bloody Idol"]},{"damage_healed":0.0,"max_hp_gain":0.0,"max_hp_loss":0.0,"gold_gain":0.0,"event_name":"The Woman in Blue","player_choice":"Bought 3 Potions","floor":37.0,"gold_loss":0.0,"damage_taken":0.0},{"damage_healed":0.0,"max_hp_gain":0.0,"max_hp_loss":0.0,"gold_gain":300.0,"event_name":"Wheel of Change","player_choice":"Gold","floor":46.0,"gold_loss":0.0,"damage_taken":0.0}],"is_beta":false,"boss_relics":[{"not_picked":["Busted Crown","Runic Pyramid"],"picked":"Ring of the Serpent"},{"not_picked":["Snecko Eye","Calling Bell"],"picked":"Lizard Tail"}],"items_purged_floors":[10,14,21,39],"is_endless":false,"potions_floor_spawned":[2,7,13,16,18,19,23,40,47,48],"ascension_level":0}