{"gold_per_floor":[111,125,141,160,177,212,212,212,237,262,262,277,277,148,148,148],"floor_reached":16,"playtime":1546,"items_purged":[],"score":118,"play_id":"9048a224-3c1c-4128-8f04-ce38f790f1b6","local_time":"20190503223734","is_ascension_mode":true,"campfire_choices":[{"floor":8,"key":"RECALL"},{"floor":15,"key":"REST"}],"neow_cost":"NONE","seed_source_timestamp":9520627114500,"circlet_count":0,"master_deck":["Defend_G","Defend_G","Defend_G","Defend_G","Defend_G","Strike_G","Strike_G","Strike_G","Strike_G","Strike_G","Survivor","Neutralize","Sucker Punch","Footwork","Dodge and Roll","Burst+1","Flying Knee","Backflip+1","Predator","Skewer","Quick Slash"],"relics":["Ring of the Snake","NeowsBlessing","Strawberry","Omamori"],"potions_floor_usage":[4,6,10],"damage_taken":[{"damage":0,"enemies":"Small Slimes","floor":1,"turns":1},{"damage":0,"enemies":"Jaw Worm","floor":2,"turns":1},{"damage":0,"enemies":"2 Louse","floor":3,"turns":1},{"damage":0,"enemies":"Large Slime","floor":4,"turns":6},{"damage":0,"enemies":"Looter","floor":5,"turns":4},{"damage":30,"enemies":"3 Sentries","floor":6,"turns":22},{"damage":8,"enemies":"Gremlin Nob","floor":10,"turns":6},{"damage":2,"enemies":"Blue Slaver","floor":12,"turns":5},{"damage":52,"enemies":"Hexaghost","floor":16,"turns":15}],"seed_played":"9046499889243685129","potions_obtained":[{"floor":3,"key":"SneckoOil"},{"floor":4,"key":"Energy Potion"},{"floor":5,"key":"Dexterity Potion"}],"is_trial":false,"path_per_floor":["M","M","M","M","M","E","?","R","T","E","?","M","?","$","R","B"],"character_chosen":"THE_SILENT","items_purchased":["Skewer","Quick Slash"],"campfire_rested":1,"item_purchase_floors":[14,14],"current_hp_per_floor":[70,70,70,70,70,47,47,47,47,39,24,22,27,27,51,0],"gold":148,"neow_bonus":"THREE_ENEMY_KILL","is_prod":false,"is_daily":false,"chose_seed":false,"campfire_upgraded":0,"win_rate":0,"timestamp":1556915854,"path_taken":["M","M","M","M","M","E","?","R","T","E","?","M","?","$","R","BOSS"],"build_version":"2019-01-23","purchased_purges":0,"victory":false,"max_hp_per_floor":[70,70,70,70,70,77,77,77,77,77,77,77,82,82,82,82],"card_choices":[{"not_picked":["Acrobatics","Underhanded Strike","Eviscerate"],"picked":"SKIP","floor":1},{"not_picked":["Prepared","Terror"],"picked":"Sucker Punch","floor":2},{"not_picked":["Deflect","Poisoned Stab"],"picked":"Footwork","floor":3},{"not_picked":["Underhanded Strike","Escape Plan"],"picked":"Dodge and Roll","floor":4},{"not_picked":["Expertise","Sucker Punch"],"picked":"Burst","floor":5},{"not_picked":["Poisoned Stab","Blade Dance"],"picked":"Flying Knee","floor":6},{"not_picked":["Finisher","Deflect"],"picked":"Backflip","floor":10},{"not_picked":["Finisher","PiercingWail"],"picked":"Predator","floor":12}],"player_experience":231655,"relics_obtained":[{"floor":6,"key":"Strawberry"},{"floor":10,"key":"Omamori"}],"event_choices":[{"damage_healed":0,"gold_gain":0,"player_choice":"Ignored","damage_taken":0,"max_hp_gain":0,"max_hp_loss":0,"event_name":"Liars Game","floor":7,"gold_loss":0},{"damage_healed":0,"gold_gain":0,"player_choice":"Entered Light","damage_taken":15,"max_hp_gain":0,"max_hp_loss":0,"event_name":"Shining Light","floor":11,"gold_loss":0,"cards_upgraded":["Burst","Backflip"]},{"damage_healed":0,"gold_gain":0,"player_choice":"Donut","damage_taken":0,"max_hp_gain":5,"max_hp_loss":0,"event_name":"Big Fish","floor":13,"gold_loss":0}],"is_beta":false,"boss_relics":[],"items_purged_floors":[],"is_endless":false,"potions_floor_spawned":[3,4,5],"killed_by":"Hexaghost","ascension_level":1}