{"gold_per_floor":[111,127,181,196,271,271,43,78,78,43,56,70,104,116,116,195,195,207,218,47,62,62,62,62],"floor_reached":24,"playtime":590,"items_purged":[],"score":416,"play_id":"49a2a55f-30d2-4818-9f67-bcee081bc033","local_time":"20190409143803","is_ascension_mode":true,"campfire_choices":[{"data":"Neutralize","floor":6,"key":"SMITH"},{"floor":15,"key":"REST"},{"floor":23,"key":"REST"}],"neow_cost":"NONE","seed_source_timestamp":334220321298885,"circlet_count":0,"master_deck":["AscendersBane","Defend_G","Defend_G","Defend_G","Defend_G","Defend_G","Strike_G","Strike_G","Strike_G","Strike_G","Strike_G","Survivor","Neutralize+1","All Out Attack","Slice","Glass Knife","Noxious Fumes","Slice+1","Underhanded Strike+1","Slice+1","PiercingWail","Sucker Punch+1","Venomology","Well Laid Plans+1","Dagger Spray+1","Footwork"],"relics":["Ring of the Serpent","NeowsBlessing","Molten Egg 2","Potion Belt","Bag of Marbles","Bag of Preparation"],"potions_floor_usage":[8,12,16,19,21,21,21,21,24],"damage_taken":[{"damage":0,"enemies":"Cultist","floor":1,"turns":1},{"damage":0,"enemies":"Small Slimes","floor":2,"turns":1},{"damage":0,"enemies":"Jaw Worm","floor":4,"turns":1},{"damage":22,"enemies":"Lagavulin","floor":8,"turns":5},{"damage":0,"enemies":"Looter","floor":11,"turns":2},{"damage":0,"enemies":"Exordium Wildlife","floor":12,"turns":3},{"damage":30,"enemies":"Gremlin Nob","floor":13,"turns":4},{"damage":0,"enemies":"3 Louse","floor":14,"turns":1},{"damage":13,"enemies":"Hexaghost","floor":16,"turns":11},{"damage":22,"enemies":"2 Thieves","floor":18,"turns":4},{"damage":5,"enemies":"3 Byrds","floor":19,"turns":3},{"damage":0,"enemies":"Centurion and Healer","floor":21,"turns":4},{"damage":6,"enemies":"Cultist and Chosen","floor":24,"turns":5}],"seed_played":"-7169976255483797953","potions_obtained":[{"floor":2,"key":"GhostInAJar"},{"floor":4,"key":"Strength Potion"},{"floor":13,"key":"AttackPotion"},{"floor":19,"key":"EntropicBrew"}],"is_trial":false,"path_per_floor":["M","M","?","M","?","R","$","E","T","?","M","M","E","M","R","B",null,"M","M","$","M","$","R","M"],"character_chosen":"THE_SILENT","items_purchased":["Glass Knife","Noxious Fumes","Bag of Preparation"],"campfire_rested":2,"item_purchase_floors":[7,7,20],"current_hp_per_floor":[59,59,59,59,48,48,48,26,26,42,42,42,12,12,31,18,54,32,27,27,27,27,46,40],"gold":62,"neow_bonus":"THREE_ENEMY_KILL","is_prod":false,"is_daily":false,"chose_seed":false,"campfire_upgraded":1,"win_rate":0,"timestamp":1554835083,"path_taken":["M","?","?","M","?","R","$","E","T","?","?","M","E","M","R","BOSS","M","M","$","M","$","R","M"],"build_version":"2019-01-23","purchased_purges":0,"victory":false,"max_hp_per_floor":[66,66,66,66,66,66,66,66,66,66,66,66,66,66,66,66,66,66,66,66,66,66,66,66],"card_choices":[{"not_picked":["Acrobatics","Deflect"],"picked":"All Out Attack","floor":1},{"not_picked":["Escape Plan","Catalyst"],"picked":"Slice","floor":2},{"not_picked":["Prepared","Dagger Throw","Calculated Gamble"],"picked":"SKIP","floor":4},{"not_picked":["Flying Knee","Escape Plan"],"picked":"Slice","floor":8},{"not_picked":["Flechettes+1","Crippling Poison"],"picked":"Underhanded Strike+1","floor":11},{"not_picked":["Acrobatics","Outmaneuver"],"picked":"Slice+1","floor":12},{"not_picked":["Flying Knee+1","Bouncing Flask"],"picked":"PiercingWail","floor":13},{"not_picked":["Deflect","Flechettes+1"],"picked":"Sucker Punch+1","floor":14},{"not_picked":["Doppelganger","After Image"],"picked":"Venomology","floor":16},{"not_picked":["Underhanded Strike+1","Choke+1"],"picked":"Well Laid Plans+1","floor":18},{"not_picked":["Slice+1","Eviscerate+1"],"picked":"Dagger Spray+1","floor":19},{"not_picked":["Dodge and Roll","Setup+1"],"picked":"Footwork","floor":21}],"player_experience":888202,"relics_obtained":[{"floor":8,"key":"Molten Egg 2"},{"floor":9,"key":"Potion Belt"},{"floor":13,"key":"Bag of Marbles"}],"event_choices":[{"damage_healed":0,"gold_gain":54,"player_choice":"Gained Gold","damage_taken":0,"max_hp_gain":0,"max_hp_loss":0,"event_name":"Golden Wing","floor":3,"gold_loss":0},{"damage_healed":0,"gold_gain":75,"player_choice":"Gather Gold","damage_taken":11,"max_hp_gain":0,"max_hp_loss":0,"event_name":"World of Goop","floor":5,"gold_loss":0},{"damage_healed":16,"gold_gain":0,"player_choice":"Healed","damage_taken":0,"max_hp_gain":0,"max_hp_loss":0,"event_name":"The Cleric","floor":10,"gold_loss":35}],"is_beta":false,"boss_relics":[{"not_picked":["Velvet Choker","Runic Pyramid"],"picked":"Ring of the Serpent"}],"items_purged_floors":[],"is_endless":false,"potions_floor_spawned":[2,4,13,19],"killed_by":"Cultist and Chosen","ascension_level":20}