{"path_per_floor":["M","M","M","M","M","E","M","R","T","?","$","?","M","M","R","B",null,"M","?","M","M","$"],"character_chosen":"IRONCLAD","items_purchased":["Seeing Red","Searing Blow","Shrug It Off","Poison Potion"],"gold_per_floor":[118,133,143,161,174,199,216,216,216,216,22,22,34,49,49,145,145,113,113,127,137,39],"floor_reached":23,"campfire_rested":1,"playtime":2281,"current_hp_per_floor":[72,71,63,51,42,20,21,21,21,14,14,14,15,11,32,24,72,53,37,28,10,10],"items_purged":["Strike_R"],"gold":39,"play_id":"f848608c-8f1e-4322-912c-5a82fcf02ec6","is_prod":false,"is_daily":false,"campfire_rituals":0,"campfire_upgraded":1,"is_hardmode":false,"path_taken":["M","M","M","M","M","E","M","R","T","?","$","?","M","M","R","BOSS","M","?","M","M","?","E"],"build_version":"2018-01-11-PROD2","purchased_purges":1,"victory":false,"master_deck":["Strike_R","Strike_R","Strike_R","Strike_R","Defend_R","Defend_R","Defend_R","Bash","Barricade","Metallicize","Armaments","Metallicize","Battle Trance","True Grit","Warcry","Seeing Red","Searing Blow","Fiend Fire","Decay","Decay","Decay","Body Slam","Shrug It Off"],"max_hp_per_floor":[72,72,72,72,72,72,72,72,72,72,72,72,72,72,72,72,72,72,72,72,72,72],"relics":["Burning Blood","Shuriken","Bird Faced Urn","Calling Bell","Orichalcum","Anchor","Darkstone Periapt","Enchiridion"],"campfire_meditates":0,"card_choices":[{"not_picked":["Brutality","Offering"],"picked":"Barricade"},{"not_picked":["Burning Pact","Twin Strike"],"picked":"Metallicize"},{"not_picked":["Blood for Blood","Sword Boomerang"],"picked":"Armaments"},{"not_picked":["Perfected Strike","Reckless Charge"],"picked":"Metallicize"},{"not_picked":["Iron Wave","Pommel Strike"],"picked":"Battle Trance"},{"not_picked":["Perfected Strike","Thunderclap"],"picked":"True Grit"},{"not_picked":["Fiend Fire","Headbutt"],"picked":"Warcry"},{"not_picked":["Juggernaut","Limit Break"],"picked":"Fiend Fire"},{"not_picked":["Clothesline","Pummel"],"picked":"Body Slam"}],"player_experience":16954,"potions_floor_usage":[6,7,7,16,23,23,23],"damage_taken":[{"damage":1,"enemies":"Cultist","floor":1,"turns":3},{"damage":7,"enemies":"Small Slimes","floor":2,"turns":4},{"damage":14,"enemies":"2 Louse","floor":3,"turns":3},{"damage":18,"enemies":"Exordium Wildlife","floor":4,"turns":6},{"damage":15,"enemies":"Looter","floor":5,"turns":3},{"damage":28,"enemies":"3 Sentries","floor":6,"turns":14},{"damage":5,"enemies":"Exordium Thugs","floor":7,"turns":8},{"damage":11,"enemies":"2 Fungi Beasts","floor":13,"turns":5},{"damage":12,"enemies":"Looter","floor":14,"turns":4},{"damage":20,"enemies":"The Guardian","floor":16,"turns":15},{"damage":29,"enemies":"2 Thieves","floor":18,"turns":5},{"damage":23,"enemies":"Shell Parasite","floor":20,"turns":8},{"damage":32,"enemies":"Chosen and Byrds","floor":21,"turns":14},{"damage":15,"enemies":"Gremlin Leader","floor":23,"turns":2}],"event_choices":[{"event_name":"Golden Wing","player_choice":"Card Removal","floor":10,"damage_taken":0},{"event_name":"Liars Game","player_choice":"disagreed","floor":12,"damage_taken":0},{"event_name":"Cursed Tome","player_choice":"Obtained Book","floor":19,"damage_taken":0}],"boss_relics":[{"not_picked":["Philosopher\u0027s Stone","Snecko Eye"],"picked":"Calling Bell"}],"potions_floor_spawned":[1,4,6,14,18,21],"seed_played":"-5526613507962852359","killed_by":"Gremlin Leader","is_trial":false}