{"gold_per_floor":[113,123,123,123,140,169,235,72,72,72,72,4,39,39],"floor_reached":14,"playtime":429,"items_purged":[],"score":96,"play_id":"1387d858-4ec3-42f4-9f6e-4ddeec52ee48","local_time":"20190402213301","is_ascension_mode":false,"campfire_choices":[{"floor":10,"key":"REST"}],"neow_cost":"NONE","seed_source_timestamp":16345298111898,"circlet_count":0,"master_deck":["Strike_B","Strike_B","Strike_B","Strike_B","Defend_B","Defend_B","Defend_B","Defend_B","Zap","Dualcast","Blizzard","Sunder","Turbo","Capacitor","Defragment","Regret","Storm","Aggregate"],"relics":["Cracked Core","NeowsBlessing","Ice Cream","Mummified Hand","Tiny Chest","Pen Nib","Dream Catcher"],"potions_floor_usage":[6],"damage_taken":[{"damage":0,"enemies":"Jaw Worm","floor":1,"turns":1},{"damage":0,"enemies":"Small Slimes","floor":2,"turns":1},{"damage":0,"enemies":"Cultist","floor":5,"turns":1},{"damage":27,"enemies":"Gremlin Nob","floor":6,"turns":4},{"damage":59,"enemies":"3 Sentries","floor":13,"turns":10},{"damage":16,"enemies":"Large Slime","floor":14,"turns":1}],"seed_played":"5186678684474884371","potions_obtained":[{"floor":2,"key":"SkillPotion"},{"floor":5,"key":"FocusPotion"},{"floor":6,"key":"FearPotion"}],"is_trial":false,"path_per_floor":["M","M","?","?","M","E","?","$","T","R","?","$","E","M"],"character_chosen":"DEFECT","items_purchased":["Tiny Chest","Defragment","Storm"],"campfire_rested":1,"item_purchase_floors":[8,8,12],"current_hp_per_floor":[75,75,75,75,75,48,48,48,48,70,70,70,11,0],"gold":39,"neow_bonus":"THREE_ENEMY_KILL","is_prod":false,"is_daily":false,"chose_seed":false,"campfire_upgraded":0,"win_rate":0,"timestamp":1554265981,"path_taken":["M","M","?","?","?","E","?","?","T","R","?","$","E","M"],"build_version":"2019-01-23","purchased_purges":0,"victory":false,"max_hp_per_floor":[75,75,75,75,75,75,75,75,75,75,75,75,75,75],"card_choices":[{"not_picked":["Steam","Heatsinks"],"picked":"Blizzard","floor":1},{"not_picked":["Scrape","Lockon"],"picked":"Sunder","floor":2},{"not_picked":["Hologram","Reprogram"],"picked":"Turbo","floor":5},{"not_picked":["Compile Driver","Rebound"],"picked":"Capacitor","floor":6},{"not_picked":["Chill","Redo"],"picked":"Aggregate","floor":13}],"player_experience":481724,"relics_obtained":[{"floor":6,"key":"Mummified Hand"},{"floor":13,"key":"Dream Catcher"}],"event_choices":[{"damage_healed":0,"gold_gain":0,"player_choice":"Leave","damage_taken":0,"max_hp_gain":0,"max_hp_loss":0,"event_name":"The Cleric","floor":3,"gold_loss":0},{"damage_healed":0,"gold_gain":0,"player_choice":"Gave Potion","damage_taken":0,"relics_obtained":["Ice Cream"],"max_hp_gain":0,"max_hp_loss":0,"event_name":"WeMeetAgain","floor":4,"gold_loss":0},{"damage_healed":0,"gold_gain":66,"player_choice":"Gained Gold","damage_taken":0,"max_hp_gain":0,"max_hp_loss":0,"event_name":"Golden Wing","floor":7,"gold_loss":0},{"damage_healed":0,"gold_gain":0,"player_choice":"Box","damage_taken":0,"relics_obtained":["Pen Nib"],"max_hp_gain":0,"max_hp_loss":0,"event_name":"Big Fish","floor":11,"gold_loss":0,"cards_obtained":["Regret"]}],"is_beta":false,"boss_relics":[],"items_purged_floors":[],"is_endless":false,"potions_floor_spawned":[2,5,6],"killed_by":"Large Slime","ascension_level":0}