{"gold_per_floor":[217,233,308,325,52,80,80,90,90,90,105,127,127,137,137,233,233,244,73,91,91,13,43,18,18,43,55,166,178,190,234,246,359,371,402,414,446,471,483,495,382,382],"floor_reached":42,"playtime":2472,"items_purged":[],"score":497,"play_id":"bb73297d-63ff-4e08-9a1e-38df1745b89c","local_time":"20190105155515","is_ascension_mode":true,"campfire_choices":[{"floor":7,"key":"REST"},{"data":"Flame Barrier","floor":10,"key":"SMITH"},{"floor":15,"key":"REST"},{"floor":25,"key":"REST"},{"floor":29,"key":"REST"},{"data":"Rage","floor":32,"key":"SMITH"},{"floor":40,"key":"REST"}],"neow_cost":"NONE","seed_source_timestamp":142601632867915,"circlet_count":0,"master_deck":["Strike_R","Strike_R","Strike_R","Strike_R","Defend_R","Defend_R","Defend_R","Bash","Metallicize","Inflame","Dropkick","Flame Barrier+1","Clothesline","Demon Form","Reaper","Ghostly Armor","Fire Breathing","Rampage","Flame Barrier+1","Rage+1","Shrug It Off+1","Flash of Steel","Body Slam+1","Heavy Blade+1"],"relics":["Burning Blood","Membership Card","Pen Nib","Bronze Scales","Self Forming Clay","Odd Mushroom","Empty Cage","Nunchaku","Lantern","Incense Burner","MawBank","Bottled Lightning","Lizard Tail","Bag of Preparation"],"potions_floor_usage":[4,16,20,20,23,31,33,35,42,42,42],"damage_taken":[{"damage":6,"enemies":"2 Louse","floor":1,"turns":4},{"damage":5,"enemies":"Small Slimes","floor":2,"turns":3},{"damage":3,"enemies":"Cultist","floor":4,"turns":3},{"damage":41,"enemies":"Lagavulin","floor":6,"turns":7},{"damage":1,"enemies":"Blue Slaver","floor":8,"turns":5},{"damage":7,"enemies":"2 Fungi Beasts","floor":11,"turns":4},{"damage":24,"enemies":"The Mushroom Lair","floor":12,"turns":4},{"damage":4,"enemies":"Large Slime","floor":14,"turns":3},{"damage":29,"enemies":"Hexaghost","floor":16,"turns":5},{"damage":6,"enemies":"3 Byrds","floor":18,"turns":4},{"damage":16,"enemies":"Shell Parasite","floor":20,"turns":8},{"damage":59,"enemies":"Book of Stabbing","floor":23,"turns":7},{"damage":35,"enemies":"Slavers","floor":31,"turns":7},{"damage":71,"enemies":"Champ","floor":33,"turns":13},{"damage":22,"enemies":"Orb Walker","floor":35,"turns":7},{"damage":21,"enemies":"3 Darklings","floor":37,"turns":6},{"damage":73,"enemies":"Transient","floor":38,"turns":5},{"damage":108,"enemies":"Reptomancer","floor":42,"turns":9}],"seed_played":"3239407726212494243","potions_obtained":[{"floor":1,"key":"SkillPotion"},{"floor":2,"key":"Swift Potion"},{"floor":6,"key":"BloodPotion"},{"floor":12,"key":"AttackPotion"},{"floor":16,"key":"Weak Potion"},{"floor":18,"key":"Strength Potion"},{"floor":20,"key":"Regen Potion"},{"floor":33,"key":"Poison Potion"},{"floor":38,"key":"Dexterity Potion"}],"is_trial":false,"path_per_floor":["M","M","?","M","$","E","R","M","T","R","M","?","?","M","R","B",null,"M","$","M","?","$","E","$","R","T","$","?","R","?","E","R","B",null,"M","?","M","M","?","R","$","E"],"character_chosen":"IRONCLAD","items_purchased":["Membership Card","Pen Nib","Nunchaku","Fire Breathing","Lantern","Fire Potion","Weak Potion","FearPotion","Bag of Preparation"],"campfire_rested":5,"item_purchase_floors":[5,5,19,19,22,24,41,41,41],"current_hp_per_floor":[80,80,69,72,72,37,61,66,66,66,65,47,47,49,73,50,80,80,80,70,70,70,32,32,56,56,56,56,80,80,65,65,24,80,64,64,80,13,13,37,37,0],"gold":382,"neow_bonus":"HUNDRED_GOLD","is_prod":false,"is_daily":false,"chose_seed":false,"campfire_upgraded":2,"win_rate":0,"timestamp":1546700115,"path_taken":["M","M","?","M","$","E","R","M","T","R","M","?","?","M","R","BOSS","M","$","M","?","$","E","$","R","T","?","?","R","?","E","R","BOSS","M","?","M","M","?","R","?","E"],"build_version":"2019-01-03v4","purchased_purges":0,"victory":false,"max_hp_per_floor":[80,80,80,80,80,80,80,80,80,80,80,80,80,80,80,80,80,80,80,80,80,80,80,80,80,80,80,80,80,80,80,80,80,80,80,80,80,80,80,80,80,80],"card_choices":[{"not_picked":["Sever Soul","Heavy Blade"],"picked":"Metallicize","floor":1},{"not_picked":["Flame Barrier","Cleave"],"picked":"Inflame","floor":2},{"not_picked":["Havoc","Hemokinesis"],"picked":"Dropkick","floor":4},{"not_picked":["Pommel Strike","Headbutt"],"picked":"Flame Barrier","floor":6},{"not_picked":["Bloodletting","Body Slam","Seeing Red"],"picked":"SKIP","floor":8},{"not_picked":["Wild Strike","Rupture"],"picked":"Clothesline","floor":11},{"not_picked":["Entrench","Twin Strike"],"picked":"Demon Form","floor":12},{"not_picked":["Body Slam","Hemokinesis","Anger"],"picked":"SKIP","floor":14},{"not_picked":["Brutality","Juggernaut"],"picked":"Reaper","floor":16},{"not_picked":["Combust","Iron Wave"],"picked":"Ghostly Armor","floor":18},{"not_picked":["Flex","Headbutt"],"picked":"Rampage","floor":20},{"not_picked":["Metallicize","Feel No Pain"],"picked":"Rage","floor":23},{"not_picked":["Anger+1","Bloodletting","Searing Blow"],"picked":"SKIP","floor":31},{"not_picked":["Blood for Blood+1","Thunderclap"],"picked":"Shrug It Off+1","floor":35},{"not_picked":["Impatience","Jack Of All Trades"],"picked":"Flash of Steel","floor":36},{"not_picked":["Armaments","Warcry+1"],"picked":"Body Slam+1","floor":37},{"not_picked":["Cleave","Perfected Strike+1"],"picked":"Heavy Blade+1","floor":38}],"player_experience":296492,"relics_obtained":[{"floor":6,"key":"Bronze Scales"},{"floor":9,"key":"Self Forming Clay"},{"floor":12,"key":"Odd Mushroom"},{"floor":23,"key":"Incense Burner"},{"floor":26,"key":"MawBank"},{"floor":31,"key":"Bottled Lightning"}],"event_choices":[{"damage_healed":0,"gold_gain":75,"player_choice":"Gather Gold","damage_taken":11,"max_hp_gain":0,"max_hp_loss":0,"event_name":"World of Goop","floor":3,"gold_loss":0},{"damage_healed":0,"gold_gain":0,"player_choice":"Fought Mushrooms","damage_taken":0,"max_hp_gain":0,"max_hp_loss":0,"event_name":"Mushrooms","floor":12,"gold_loss":0},{"damage_healed":0,"gold_gain":0,"player_choice":"Ignored","damage_taken":0,"max_hp_gain":0,"max_hp_loss":0,"event_name":"Shining Light","floor":13,"gold_loss":0},{"damage_healed":0,"gold_gain":0,"player_choice":"Copied","damage_taken":0,"max_hp_gain":0,"max_hp_loss":0,"event_name":"Duplicator","floor":21,"gold_loss":0,"cards_obtained":["Flame Barrier"]},{"damage_healed":0,"gold_gain":99,"player_choice":"Stole From Cult","damage_taken":0,"max_hp_gain":0,"max_hp_loss":0,"event_name":"Nest","floor":28,"gold_loss":0},{"damage_healed":0,"gold_gain":0,"player_choice":"Ignored","damage_taken":0,"max_hp_gain":0,"max_hp_loss":0,"event_name":"Vampires","floor":30,"gold_loss":0},{"damage_healed":0,"gold_gain":0,"player_choice":"Memory 1","damage_taken":0,"max_hp_gain":0,"max_hp_loss":0,"event_name":"SensoryStone","floor":36,"gold_loss":0},{"damage_healed":0,"gold_gain":0,"player_choice":"Ignored","damage_taken":0,"max_hp_gain":0,"max_hp_loss":0,"event_name":"Mysterious Sphere","floor":39,"gold_loss":0}],"is_beta":false,"boss_relics":[{"not_picked":["Mark of Pain","Sozu"],"picked":"Empty Cage"},{"not_picked":["Calling Bell","Black Star"],"picked":"Lizard Tail"}],"items_purged_floors":[],"is_endless":false,"potions_floor_spawned":[1,2,6,12,16,18,20,33,38],"killed_by":"Reptomancer","ascension_level":3}