{"gold_per_floor":[119,119,137,157,58,58,90,90,90,105,105,123,123,123,123,123],"floor_reached":16,"playtime":487,"items_purged":["Decay"],"score":140,"play_id":"b0b00215-c7a0-4b4e-972a-4d9426aaf494","local_time":"20190416203320","is_ascension_mode":true,"campfire_choices":[{"data":"Armaments","floor":6,"key":"SMITH"},{"floor":8,"key":"REST"},{"data":"Flex","floor":11,"key":"SMITH"},{"data":"Flex","floor":13,"key":"SMITH"},{"data":"Metallicize","floor":15,"key":"SMITH"}],"neow_cost":"NONE","seed_source_timestamp":475867645298200,"circlet_count":0,"master_deck":["Strike_R","Strike_R","Strike_R","Strike_R","Defend_R","Defend_R","Defend_R","Defend_R","Clash","Armaments+1","Flex+1","Flex+1","Thunderclap","Metallicize+1","Armaments"],"relics":["Burning Blood","Thread and Needle","Magic Flower"],"potions_floor_usage":[16],"damage_taken":[{"damage":8,"enemies":"Jaw Worm","floor":1,"turns":6},{"damage":12,"enemies":"Cultist","floor":3,"turns":5},{"damage":7,"enemies":"Small Slimes","floor":4,"turns":4},{"damage":53,"enemies":"Gremlin Nob","floor":7,"turns":5},{"damage":2,"enemies":"3 Louse","floor":10,"turns":4},{"damage":5,"enemies":"Exordium Thugs","floor":12,"turns":4},{"damage":52,"enemies":"Hexaghost","floor":16,"turns":14}],"seed_played":"-890862778624674809","potions_obtained":[{"floor":3,"key":"BloodPotion"},{"floor":10,"key":"Weak Potion"}],"is_trial":false,"path_per_floor":["M","?","M","M","$","R","E","R","T","M","R","M","R","?","R","B"],"character_chosen":"IRONCLAD","items_purchased":["Flex"],"campfire_rested":1,"item_purchase_floors":[5],"current_hp_per_floor":[70,70,64,63,63,63,16,40,40,47,47,51,51,51,51,0],"gold":123,"neow_bonus":"REMOVE_CARD","is_prod":false,"is_daily":false,"chose_seed":false,"campfire_upgraded":4,"win_rate":0,"timestamp":1555418000,"path_taken":["M","?","M","?","$","R","E","R","T","M","R","M","R","?","R","BOSS"],"build_version":"2019-01-23","purchased_purges":1,"victory":false,"max_hp_per_floor":[80,80,80,80,80,80,80,80,80,80,80,80,80,80,80,80],"card_choices":[{"not_picked":["Heavy Blade","Havoc"],"picked":"Clash","floor":1},{"not_picked":["Warcry","Shockwave"],"picked":"Armaments","floor":3},{"not_picked":["Cleave","Heavy Blade"],"picked":"Flex","floor":4},{"not_picked":["Double Tap","Anger"],"picked":"Thunderclap","floor":7},{"not_picked":["Uppercut","Havoc","Hemokinesis"],"picked":"SKIP","floor":10},{"not_picked":["Disarm","Dual Wield"],"picked":"Metallicize","floor":12}],"player_experience":497013,"relics_obtained":[{"floor":7,"key":"Thread and Needle"},{"floor":9,"key":"Magic Flower"}],"event_choices":[{"damage_healed":0,"gold_gain":0,"player_choice":"Cursed","damage_taken":0,"max_hp_gain":0,"max_hp_loss":0,"event_name":"Wheel of Change","floor":2,"gold_loss":0,"cards_obtained":["Decay"]},{"damage_healed":0,"gold_gain":0,"cards_transformed":["Strike_R"],"player_choice":"Transformed","damage_taken":0,"max_hp_gain":0,"max_hp_loss":0,"event_name":"Transmorgrifier","floor":14,"gold_loss":0,"cards_obtained":["Armaments"]}],"is_beta":false,"boss_relics":[],"items_purged_floors":[5],"is_endless":false,"potions_floor_spawned":[3,10],"killed_by":"Hexaghost","ascension_level":8}