{"gold_per_floor":[211,211,133,16,35,35,65,65,65,94,94,128,128,138,138,209,209,227,237,237,49,49,49,62,62,62,95,95,108,125,40,40,117,117,131,131,148,23,23,53,65,91,91,110,110,110,136,22,22,22,22,22,22,22,50,50],"floor_reached":57,"playtime":3016,"items_purged":["Strike_B","Strike_B","Strike_B"],"score":3448,"play_id":"8b1d8de7-6b16-4599-87c7-f1800e663c1d","local_time":"20190505224752","is_ascension_mode":true,"campfire_choices":[{"data":"Zap","floor":6.0,"key":"SMITH"},{"data":"Dualcast","floor":8.0,"key":"SMITH"},{"floor":11.0,"key":"REST"},{"data":"Rip and Tear","floor":15.0,"key":"SMITH"},{"data":"Darkness","floor":23.0,"key":"SMITH"},{"data":"Recycle","floor":25.0,"key":"SMITH"},{"data":"Skim","floor":28.0,"key":"SMITH"},{"data":"Redo","floor":32.0,"key":"SMITH"},{"floor":46,"key":"RECALL"},{"data":"Blizzard","floor":49,"key":"SMITH"},{"floor":53,"key":"REST"}],"neow_cost":"NONE","seed_source_timestamp":946111997386772,"circlet_count":0,"master_deck":["AscendersBane","Strike_B+1","Defend_B+1","Defend_B+1","Defend_B+1","Defend_B+1","Zap+1","Dualcast+1","Heatsinks+1","Skim+1","Rip and Tear+1","Conserve Battery+1","Cold Snap+1","Recycle+1","Echo Form+1","Gash+1","White Noise+1","Ghostly+1","Ghostly+1","Ghostly+1","Darkness+1","Hologram+1","Redo+1","Heatsinks+1","Biased Cognition+1","Chaos+1","Capacitor+1","Ghostly+1","Coolheaded+1","Fusion+1","Recycle+1","Hologram+1","Seek+1","Hologram+1","Turbo+1","Blizzard+1","Hologram+1"],"special_seed":0,"relics":["Cracked Core","Anchor","Strawberry","Pocketwatch","Boot","Emotion Chip","Cables","Runic Pyramid","Mummified Hand","War Paint","Prayer Wheel","Nuclear Battery","Toxic Egg 2","Frozen Egg 2","Meat on the Bone","Mark of the Bloom","Regal Pillow","Nunchaku"],"potions_floor_usage":[41,50,50,50,56],"damage_taken":[{"damage":10.0,"enemies":"Small Slimes","floor":1.0,"turns":3.0},{"damage":1.0,"enemies":"Cultist","floor":5.0,"turns":4.0},{"damage":30.0,"enemies":"Lagavulin","floor":7.0,"turns":7.0},{"damage":22.0,"enemies":"Gremlin Nob","floor":10.0,"turns":3.0},{"damage":17.0,"enemies":"3 Sentries","floor":12.0,"turns":9.0},{"damage":0.0,"enemies":"Jaw Worm","floor":14.0,"turns":2.0},{"damage":19.0,"enemies":"Slime Boss","floor":16.0,"turns":7.0},{"damage":13.0,"enemies":"3 Byrds","floor":18.0,"turns":4.0},{"damage":1.0,"enemies":"Chosen","floor":19.0,"turns":5.0},{"damage":9.0,"enemies":"Colosseum Slavers","floor":22.0,"turns":5.0},{"damage":0.0,"enemies":"Centurion and Healer","floor":24.0,"turns":5.0},{"damage":0.0,"enemies":"Book of Stabbing","floor":27.0,"turns":5.0},{"damage":0.0,"enemies":"Snake Plant","floor":29.0,"turns":3.0},{"damage":7.0,"enemies":"Chosen and Byrds","floor":30.0,"turns":3.0},{"damage":0.0,"enemies":"Collector","floor":33.0,"turns":7.0},{"damage":0,"enemies":"3 Shapes","floor":35,"turns":4},{"damage":0,"enemies":"Orb Walker","floor":37,"turns":3},{"damage":0,"enemies":"Nemesis","floor":40,"turns":7},{"damage":2,"enemies":"Transient","floor":41,"turns":6},{"damage":0,"enemies":"Giant Head","floor":42,"turns":9},{"damage":0,"enemies":"Maw","floor":44,"turns":5},{"damage":0,"enemies":"Reptomancer","floor":47,"turns":4},{"damage":0,"enemies":"Awakened One","floor":50,"turns":8},{"damage":0,"enemies":"Time Eater","floor":51,"turns":7},{"damage":0,"enemies":"Shield and Spear","floor":55,"turns":6},{"damage":23,"enemies":"The Heart","floor":56,"turns":9}],"seed_played":"5245612265399032547","potions_obtained":[{"floor":7.0,"key":"Regen Potion"},{"floor":10.0,"key":"Dexterity Potion"},{"floor":12.0,"key":"FearPotion"},{"floor":24.0,"key":"LiquidBronze"},{"floor":29.0,"key":"FocusPotion"},{"floor":33.0,"key":"Block Potion"},{"floor":41,"key":"EntropicBrew"}],"is_trial":false,"path_per_floor":["M","?","$","$","M","R","E","R","T","E","R","E","T","M","R","B",null,"M","M","?","$","?","R","M","R","T","E","R","M","M","?","R","B",null,"M","?","M","$","T","E","M","E","T","M","?","R","E","$","R","B","B",null,"R","$","E","B",null],"character_chosen":"DEFECT","items_purchased":["Heatsinks","Skim","Darkness","Turbo+1","Blizzard"],"campfire_rested":2,"item_purchase_floors":[3,4,21,48,48],"current_hp_per_floor":[54,54,54,54,53,53,30,30,30,17,40,23,23,23,23,4,60,47,46,39,39,30,30,30,30,30,30,30,30,23,23,23,23,35,35,35,35,35,35,35,33,33,33,33,33,33,33,33,33,33,33,33,33,33,33,10],"gold":50,"neow_bonus":"HUNDRED_GOLD","is_prod":false,"is_daily":false,"chose_seed":false,"campfire_upgraded":8,"win_rate":0,"timestamp":1557067672,"path_taken":["M","?","?","$","M","R","E","R","T","E","R","E","?","M","R","BOSS","M","M","?","?","?","R","M","R","T","E","R","?","M","?","R","BOSS","M","?","M","$","?","E","M","E","T","M","?","R","E","?","R","BOSS","BOSS","R","$","E","BOSS"],"build_version":"2019-01-23","purchased_purges":3,"victory":true,"max_hp_per_floor":[71,71,71,71,71,71,78,78,78,78,78,78,78,78,78,78,78,78,78,39,39,39,39,39,39,39,39,39,39,39,39,39,39,39,39,39,39,39,39,39,39,39,39,39,39,39,39,39,39,39,39,39,39,39,39,39],"card_choices":[{"not_picked":["Gash","Hologram"],"picked":"Coolheaded","floor":1.0},{"not_picked":["Redo","Hologram"],"picked":"Rip and Tear","floor":5.0},{"not_picked":["Hello World","Sweeping Beam","Reprogram"],"picked":"SKIP","floor":7.0},{"not_picked":["Seek","Capacitor"],"picked":"Conserve Battery","floor":10.0},{"not_picked":["Go for the Eyes","Leap"],"picked":"Cold Snap","floor":12.0},{"not_picked":["Beam Cell","Redo"],"picked":"Recycle","floor":14.0},{"not_picked":["All For One","Machine Learning"],"picked":"Echo Form","floor":16.0},{"not_picked":["Reinforced Body","Undo"],"picked":"Gash","floor":18.0},{"not_picked":["Reinforced Body","Lockon"],"picked":"White Noise","floor":19.0},{"not_picked":["Beam Cell","Gash+1","Rebound"],"picked":"SKIP","floor":24.0},{"not_picked":["Leap","Core Surge"],"picked":"Hologram+1","floor":27.0},{"not_picked":["Steam","Scrape"],"picked":"Redo","floor":29.0},{"not_picked":["Barrage","Double Energy"],"picked":"Heatsinks","floor":30.0},{"not_picked":["Seek","Electrodynamics"],"picked":"Biased Cognition","floor":33.0},{"not_picked":["Barrage+1","Redo"],"picked":"Chaos+1","floor":35},{"not_picked":["Redo","Scrape"],"picked":"Capacitor+1","floor":35},{"not_picked":["Creative AI","Lockon"],"picked":"Coolheaded","floor":37},{"not_picked":["Steam","Sweeping Beam","Cold Snap"],"picked":"SKIP","floor":37},{"not_picked":["Leap","Gash","Steam"],"picked":"SKIP","floor":40},{"not_picked":["Hello World+1","Steam+1"],"picked":"Fusion+1","floor":41},{"not_picked":["Beam Cell","Cold Snap+1"],"picked":"Recycle+1","floor":41},{"not_picked":["Heatsinks","Barrage"],"picked":"Hologram+1","floor":42},{"not_picked":["Ball Lightning","Lockon+1"],"picked":"Seek+1","floor":44},{"not_picked":["Lockon+1","Beam Cell+1","Leap+1"],"picked":"SKIP","floor":44},{"not_picked":["Heatsinks+1","Melter"],"picked":"Hologram+1","floor":47},{"not_picked":["Stack+1","Doom and Gloom"],"picked":"Hologram+1","floor":55}],"player_experience":1554783,"relics_obtained":[{"floor":7.0,"key":"Strawberry"},{"floor":9.0,"key":"Pocketwatch"},{"floor":10.0,"key":"Boot"},{"floor":12.0,"key":"Emotion Chip"},{"floor":13.0,"key":"Cables"},{"floor":26.0,"key":"Mummified Hand"},{"floor":27.0,"key":"War Paint"},{"floor":40,"key":"Toxic Egg 2"},{"floor":42,"key":"Frozen Egg 2"},{"floor":43,"key":"Meat on the Bone"},{"floor":47,"key":"Regal Pillow"},{"floor":55,"key":"Nunchaku"}],"event_choices":[{"cards_removed":["Coolheaded"],"damage_healed":0.0,"max_hp_gain":0.0,"max_hp_loss":0.0,"gold_gain":0.0,"event_name":"WeMeetAgain","player_choice":"Gave Card","floor":2.0,"gold_loss":0.0,"damage_taken":0.0,"relics_obtained":["Anchor"]},{"damage_healed":0.0,"max_hp_gain":0.0,"max_hp_loss":39.0,"gold_gain":0.0,"event_name":"Ghosts","player_choice":"Became a Ghost","floor":20.0,"gold_loss":0.0,"damage_taken":0.0,"cards_obtained":["Ghostly","Ghostly","Ghostly"]},{"damage_healed":0.0,"max_hp_gain":0.0,"max_hp_loss":0.0,"gold_gain":0.0,"event_name":"Colosseum","player_choice":"Fight","floor":22.0,"gold_loss":0.0,"damage_taken":0.0},{"damage_healed":0.0,"max_hp_gain":0.0,"max_hp_loss":0.0,"gold_gain":0.0,"event_name":"Colosseum","player_choice":"Fled From Nobs","floor":22.0,"gold_loss":0.0,"damage_taken":0.0},{"damage_healed":0.0,"max_hp_gain":0.0,"max_hp_loss":0.0,"gold_gain":0.0,"event_name":"Addict","player_choice":"Obtained Relic","floor":31.0,"gold_loss":85.0,"damage_taken":0.0,"relics_obtained":["Prayer Wheel"]},{"damage_healed":0,"gold_gain":0,"player_choice":"Copied","damage_taken":0,"max_hp_gain":0,"max_hp_loss":0,"event_name":"Duplicator","floor":36,"gold_loss":0,"cards_obtained":["Ghostly"]},{"damage_healed":0,"gold_gain":0,"player_choice":"Upgrade","damage_taken":0,"relics_obtained":["Mark of the Bloom"],"max_hp_gain":0,"max_hp_loss":0,"event_name":"MindBloom","floor":45,"gold_loss":0,"cards_upgraded":["Strike_B","Defend_B","Defend_B","Defend_B","Defend_B","Heatsinks","Cold Snap","Echo Form","Gash","White Noise","Ghostly","Ghostly","Heatsinks","Biased Cognition","Coolheaded"]}],"is_beta":false,"boss_relics":[{"not_picked":["Sozu","White Beast Statue"],"picked":"Runic Pyramid"},{"not_picked":["FrozenCore","Orrery"],"picked":"Nuclear Battery"}],"items_purged_floors":[4,21,38],"is_endless":false,"potions_floor_spawned":[7,10,12,24,29,33,41,44,47],"ascension_level":20}