{"gold_per_floor":[111,286,302,322,245,245,205,224,224,224,253,265,284,559,559,559],"floor_reached":16,"playtime":672,"items_purged":[],"score":102,"play_id":"b1258859-7627-44fa-95ee-6de34ddeb5a5","local_time":"20190405154922","is_ascension_mode":false,"campfire_choices":[{"floor":6,"key":"RECALL"},{"floor":10,"key":"REST"},{"data":"Lockon","floor":15,"key":"SMITH"}],"neow_cost":"NONE","seed_source_timestamp":167729914898578,"circlet_count":0,"master_deck":["Strike_B","Strike_B","Strike_B","Strike_B","Defend_B","Defend_B","Defend_B","Defend_B","Zap","Dualcast","Ball Lightning","Doubt","FTL","Beam Cell","Storm","BootSequence","Lockon+1","Stack","Self Repair","Regret"],"relics":["Cracked Core","Shuriken","Question Card"],"potions_floor_usage":[11,11,11],"damage_taken":[{"damage":5,"enemies":"Small Slimes","floor":1,"turns":3},{"damage":1,"enemies":"Cultist","floor":3,"turns":3},{"damage":0,"enemies":"2 Louse","floor":4,"turns":2},{"damage":6,"enemies":"Lots of Slimes","floor":8,"turns":4},{"damage":7,"enemies":"Lagavulin","floor":11,"turns":5},{"damage":0,"enemies":"3 Louse","floor":12,"turns":3},{"damage":3,"enemies":"Red Slaver","floor":13,"turns":3},{"damage":72,"enemies":"Hexaghost","floor":16,"turns":9}],"seed_played":"8725641703719194827","potions_obtained":[{"floor":7,"key":"Weak Potion"},{"floor":7,"key":"EssenceOfSteel"},{"floor":7,"key":"EssenceOfSteel"},{"floor":8,"key":"EssenceOfSteel"},{"floor":11,"key":"Regen Potion"}],"is_trial":false,"path_per_floor":["M","?","M","M","$","R","?","M","T","R","E","M","M","?","R","B"],"character_chosen":"DEFECT","items_purchased":["Storm"],"campfire_rested":1,"item_purchase_floors":[5],"current_hp_per_floor":[77,77,76,76,76,76,76,70,70,82,75,75,72,72,72,0],"gold":559,"neow_bonus":"TEN_PERCENT_HP_BONUS","is_prod":false,"is_daily":false,"chose_seed":false,"campfire_upgraded":1,"win_rate":0,"timestamp":1554504562,"path_taken":["M","?","M","M","$","R","?","M","T","R","E","?","?","?","R","BOSS"],"build_version":"2019-01-23","purchased_purges":0,"victory":false,"max_hp_per_floor":[82,82,82,82,82,82,82,82,82,82,82,82,82,82,82,82],"card_choices":[{"not_picked":["Hologram","Leap"],"picked":"Ball Lightning","floor":1},{"not_picked":["Compile Driver","Stack"],"picked":"FTL","floor":3},{"not_picked":["Redo","Compile Driver"],"picked":"Beam Cell","floor":4},{"not_picked":["Sweeping Beam","Gash"],"picked":"BootSequence","floor":8},{"not_picked":["Chill","Go for the Eyes"],"picked":"Lockon","floor":11},{"not_picked":["Barrage","Compile Driver","Gash"],"picked":"Stack","floor":12},{"not_picked":["Core Surge","Blizzard","Compile Driver"],"picked":"Self Repair","floor":13}],"player_experience":488746,"relics_obtained":[{"floor":9,"key":"Shuriken"},{"floor":11,"key":"Question Card"}],"event_choices":[{"damage_healed":0,"gold_gain":175,"player_choice":"AGREE","damage_taken":0,"max_hp_gain":0,"max_hp_loss":0,"event_name":"Liars Game","floor":2,"gold_loss":0,"cards_obtained":["Doubt"]},{"damage_healed":0,"gold_gain":0,"player_choice":"Bought 3 Potions","damage_taken":0,"max_hp_gain":0,"max_hp_loss":0,"event_name":"The Woman in Blue","floor":7,"gold_loss":0},{"damage_healed":0,"gold_gain":275,"player_choice":"Desecrate","damage_taken":0,"max_hp_gain":0,"max_hp_loss":0,"event_name":"Golden Shrine","floor":14,"gold_loss":0,"cards_obtained":["Regret"]}],"is_beta":false,"boss_relics":[],"items_purged_floors":[],"is_endless":false,"potions_floor_spawned":[8,11],"killed_by":"Hexaghost","ascension_level":0}