{"gold_per_floor":[110,129,209,223,193,222,222,253,253,263,263,242,254,265,265,367,367,386,91,191,203,222,222,137,156,156,156,176,23,55,67,67,165,165],"floor_reached":34,"playtime":2301,"items_purged":[],"score":480,"play_id":"a454a046-092d-4ec6-ba71-3f23585d7393","local_time":"20190320223709","is_ascension_mode":true,"campfire_choices":[{"floor":7,"key":"REST"},{"floor":15,"key":"REST"},{"floor":23,"key":"REST"},{"floor":27,"key":"REST"},{"floor":32,"key":"REST"}],"neow_cost":"NONE","seed_source_timestamp":652971395721993,"circlet_count":0,"master_deck":["Defend_G","Defend_G+1","Defend_G","Defend_G","Strike_G","Strike_G","Strike_G","Survivor","Neutralize","Blind","Dodge and Roll","Underhanded Strike+1","Quick Slash+1","Deflect","Bouncing Flask","Noxious Fumes","Die Die Die+1","Flying Knee+1","Poisoned Stab+1","Bullet Time","Footwork+1","Storm of Steel+1","All Out Attack+1","Backflip","Mind Blast+1","Prepared","Backstab+1","Skewer+1","Slice+1","Adrenaline","Crippling Poison","Flying Knee+1","Corpse Explosion"],"relics":["Ring of the Serpent","Molten Egg 2","Blue Candle","Incense Burner","Astrolabe","ClockworkSouvenir","FossilizedHelix","Gremlin Horn","Letter Opener","Bottled Tornado","Centennial Puzzle","Dodecahedron"],"potions_floor_usage":[8,16,16,22,30,31,33],"damage_taken":[{"damage":0,"enemies":"Cultist","floor":1,"turns":4},{"damage":6,"enemies":"Small Slimes","floor":2,"turns":5},{"damage":0,"enemies":"2 Louse","floor":4,"turns":3},{"damage":1,"enemies":"Looter","floor":5,"turns":4},{"damage":41,"enemies":"Gremlin Nob","floor":6,"turns":6},{"damage":20,"enemies":"Lagavulin","floor":8,"turns":7},{"damage":0,"enemies":"Large Slime","floor":10,"turns":6},{"damage":1,"enemies":"Blue Slaver","floor":13,"turns":4},{"damage":4,"enemies":"Exordium Thugs","floor":14,"turns":3},{"damage":3,"enemies":"Slime Boss","floor":16,"turns":8},{"damage":3,"enemies":"Chosen","floor":18,"turns":3},{"damage":21,"enemies":"Colosseum Slavers","floor":20,"turns":5},{"damage":23,"enemies":"Colosseum Nobs","floor":20,"turns":6},{"damage":0,"enemies":"Spheric Guardian","floor":21,"turns":4},{"damage":7,"enemies":"Centurion and Healer","floor":22,"turns":4},{"damage":0,"enemies":"3 Cultists","floor":25,"turns":4},{"damage":0,"enemies":"Snake Plant","floor":28,"turns":4},{"damage":7,"enemies":"Slavers","floor":30,"turns":3},{"damage":0,"enemies":"Snecko","floor":31,"turns":4},{"damage":21,"enemies":"Champ","floor":33,"turns":11}],"seed_played":"1835846543274691825","potions_obtained":[{"floor":6,"key":"EssenceOfSteel"},{"floor":8,"key":"GamblersBrew"},{"floor":13,"key":"PowerPotion"},{"floor":14,"key":"LiquidBronze"},{"floor":16,"key":"Ancient Potion"},{"floor":22,"key":"Ancient Potion"},{"floor":25,"key":"SteroidPotion"},{"floor":30,"key":"Fire Potion"}],"is_trial":false,"path_per_floor":["M","M","T","M","M","E","R","E","T","M","?","?","M","M","R","B",null,"M","$","?","M","M","R","?","M","T","R","M","$","E","M","R","B",null],"character_chosen":"THE_SILENT","items_purchased":["ClockworkSouvenir","Mind Blast+1","Centennial Puzzle"],"campfire_rested":5,"item_purchase_floors":[19,19,29],"current_hp_per_floor":[70,64,64,64,63,22,43,23,23,23,9,9,8,4,25,22,58,55,55,11,11,4,25,25,25,25,46,46,46,39,39,60,39,62],"gold":165,"neow_bonus":"RANDOM_COLORLESS","is_prod":false,"is_daily":false,"chose_seed":false,"campfire_upgraded":0,"win_rate":0,"timestamp":1553146629,"path_taken":["M","?","?","M","M","E","R","E","T","M","?","?","M","M","R","BOSS","M","$","?","M","M","R","?","M","T","R","M","$","E","M","R","BOSS"],"build_version":"2019-01-23","purchased_purges":0,"victory":false,"max_hp_per_floor":[70,70,70,70,70,70,70,70,70,70,70,70,70,70,70,70,70,70,70,70,70,70,70,70,70,70,70,70,70,70,70,70,70,70],"card_choices":[{"not_picked":["PiercingWail","Eviscerate"],"picked":"Dodge and Roll","floor":1},{"not_picked":["Dodge and Roll","Reflex"],"picked":"Underhanded Strike","floor":2},{"not_picked":["Escape Plan","Bane+1"],"picked":"Quick Slash+1","floor":4},{"not_picked":["Backflip","Dodge and Roll"],"picked":"Deflect","floor":5},{"not_picked":["Blur","Leg Sweep"],"picked":"Bouncing Flask","floor":6},{"not_picked":["Escape Plan","Caltrops"],"picked":"Noxious Fumes","floor":8},{"not_picked":["Poisoned Stab+1","Dagger Spray+1"],"picked":"Die Die Die+1","floor":10},{"not_picked":["Eviscerate+1","Deflect"],"picked":"Flying Knee+1","floor":13},{"not_picked":["Outmaneuver","Underhanded Strike+1"],"picked":"Poisoned Stab+1","floor":14},{"not_picked":["Grand Finale+1","Storm of Steel"],"picked":"Bullet Time","floor":16},{"not_picked":["Cloak And Dagger","Underhanded Strike+1"],"picked":"Backflip","floor":18},{"not_picked":["Accuracy","Acrobatics+1"],"picked":"Prepared","floor":20},{"not_picked":["Cloak And Dagger","Dagger Spray+1"],"picked":"Backstab+1","floor":21},{"not_picked":["Cloak And Dagger","Infinite Blades"],"picked":"Skewer+1","floor":22},{"not_picked":["Deflect","Blade Dance"],"picked":"Slice+1","floor":25},{"not_picked":["Backflip","Sucker Punch+1"],"picked":"Adrenaline","floor":28},{"not_picked":["Accuracy+1","Outmaneuver"],"picked":"Crippling Poison","floor":30},{"not_picked":["Dagger Throw+1","PiercingWail"],"picked":"Flying Knee+1","floor":31},{"not_picked":["Adrenaline","Tools of the Trade"],"picked":"Corpse Explosion","floor":33}],"player_experience":357764,"relics_obtained":[{"floor":3,"key":"Molten Egg 2"},{"floor":6,"key":"Blue Candle"},{"floor":8,"key":"Incense Burner"},{"floor":20,"key":"FossilizedHelix"},{"floor":20,"key":"Gremlin Horn"},{"floor":26,"key":"Bottled Tornado"},{"floor":30,"key":"Dodecahedron"}],"event_choices":[{"damage_healed":0,"gold_gain":0,"player_choice":"Entered Light","damage_taken":14,"max_hp_gain":0,"max_hp_loss":0,"event_name":"Shining Light","floor":11,"gold_loss":0,"cards_upgraded":["Underhanded Strike","Defend_G"]},{"damage_healed":0,"gold_gain":0,"player_choice":"Left Gold","damage_taken":0,"max_hp_gain":0,"max_hp_loss":0,"event_name":"World of Goop","floor":12,"gold_loss":21},{"damage_healed":0,"gold_gain":0,"player_choice":"Fight","damage_taken":0,"max_hp_gain":0,"max_hp_loss":0,"event_name":"Colosseum","floor":20,"gold_loss":0},{"damage_healed":0,"gold_gain":0,"player_choice":"Fought Nobs","damage_taken":0,"max_hp_gain":0,"max_hp_loss":0,"event_name":"Colosseum","floor":20,"gold_loss":0},{"damage_healed":0,"gold_gain":0,"player_choice":"Obtained Relic","damage_taken":0,"relics_obtained":["Letter Opener"],"max_hp_gain":0,"max_hp_loss":0,"event_name":"Addict","floor":24,"gold_loss":85}],"is_beta":false,"boss_relics":[{"not_picked":["Lizard Tail","Coffee Dripper"],"picked":"Astrolabe"},{"not_picked":["HoveringKite","Black Star"],"picked":"Ring of the Serpent"}],"items_purged_floors":[],"is_endless":false,"potions_floor_spawned":[6,8,13,14,16,22,25,28,30],"ascension_level":5}