{"gold_per_floor":[119,7,20,34,50,50,50,62,86,106,123,73,86,113,113,212,262,281,381,392,2,2,2,19,38,38,58,58,74,74,86,86,190,190,202,215,215,225,3,3],"floor_reached":40,"playtime":973,"items_purged":["Strike_R","Strike_R","Defend_R"],"score":386,"play_id":"5ba3b06a-e2ac-4616-8ff0-861f7ace4a9b","local_time":"20180726181147","is_ascension_mode":false,"campfire_choices":[{"data":"Limit Break","floor":6,"key":"SMITH"},{"data":"Sword Boomerang","floor":15,"key":"SMITH"},{"data":"Battle Trance","floor":23,"key":"SMITH"},{"data":"Flex","floor":28,"key":"SMITH"},{"floor":32,"key":"REST"}],"neow_cost":"TEN_PERCENT_HP_LOSS","seed_source_timestamp":12308967446920,"circlet_count":0,"master_deck":["Strike_R","Strike_R","Defend_R","Defend_R","Defend_R","Limit Break+1","Seeing Red","Inflame","Thunderclap","Sword Boomerang+1","Dropkick","Flex","Sword Boomerang+1","Battle Trance+1","Flex+1","Feed","Cleave","Brutality","Flash of Steel"],"relics":["Burning Blood","Potion Belt","Odd Mushroom","Tiny House","Bottled Lightning","Paper Frog","White Beast Statue"],"potions_floor_usage":[5,8,8,8,10,11,16,18,20,29,29,40,40],"damage_taken":[{"damage":1,"enemies":"Cultist","floor":1,"turns":3},{"damage":13,"enemies":"Jaw Worm","floor":3,"turns":3},{"damage":12,"enemies":"2 Louse","floor":4,"turns":2},{"damage":10,"enemies":"Looter","floor":5,"turns":2},{"damage":6,"enemies":"Exordium Wildlife","floor":8,"turns":3},{"damage":9,"enemies":"Blue Slaver","floor":10,"turns":3},{"damage":0,"enemies":"Looter","floor":11,"turns":1},{"damage":11,"enemies":"Exordium Thugs","floor":13,"turns":3},{"damage":19,"floor":14,"turns":3},{"damage":14,"enemies":"The Guardian","floor":16,"turns":8},{"damage":5,"enemies":"3 Byrds","floor":18,"turns":3},{"damage":20,"enemies":"Shell Parasite","floor":20,"turns":3},{"damage":13,"enemies":"3 Cultists","floor":24,"turns":3},{"damage":26,"enemies":"Centurion and Healer","floor":25,"turns":5},{"damage":10,"enemies":"Chosen and Byrds","floor":27,"turns":3},{"damage":24,"enemies":"Slaver and Parasite","floor":29,"turns":4},{"damage":8,"enemies":"Centurion and Healer","floor":31,"turns":2},{"damage":42,"enemies":"Champ","floor":33,"turns":6},{"damage":25,"enemies":"3 Darklings","floor":35,"turns":4},{"damage":1,"enemies":"Flame Bruiser 1 Orb","floor":36,"turns":3},{"damage":31,"enemies":"3 Darklings","floor":38,"turns":3},{"damage":55,"enemies":"2 Orb Walkers","floor":40,"turns":3}],"seed_played":"-9026301617684812053","potions_obtained":[{"floor":1,"key":"AttackPotion"},{"floor":4,"key":"EntropicBrew"},{"floor":5,"key":"PowerPotion"},{"floor":13,"key":"Block Potion"},{"floor":16,"key":"Swift Potion"},{"floor":17,"key":"Regen Potion"},{"floor":18,"key":"EssenceOfSteel"},{"floor":25,"key":"Fire Potion"},{"floor":27,"key":"FearPotion"},{"floor":31,"key":"Fire Potion"},{"floor":35,"key":"GamblersBrew"},{"floor":36,"key":"Regen Potion"},{"floor":38,"key":"Swift Potion"}],"is_trial":false,"path_per_floor":["M","$","M","M","M","R","$","M","T","M","M","?","M","?","R","B",null,"M","?","M","$","?","R","M","M","T","M","R","M","?","M","R","B",null,"M","M","?","M","$"],"character_chosen":"IRONCLAD","items_purchased":["Inflame","Flex","Bottled Lightning","Flash of Steel"],"campfire_rested":1,"item_purchase_floors":[2,21,21,39],"current_hp_per_floor":[72,72,65,59,55,55,55,55,55,52,58,58,53,40,40,32,77,77,77,63,63,63,63,56,36,36,32,32,22,22,20,44,8,80,61,66,80,55,55,0],"gold":3,"neow_bonus":"THREE_RARE_CARDS","is_prod":false,"is_daily":false,"chose_seed":false,"campfire_upgraded":4,"win_rate":0,"timestamp":1532599907,"path_taken":["M","?","M","M","M","R","?","M","T","?","M","?","M","?","R","BOSS","M","?","M","$","?","R","M","M","T","M","R","?","?","M","R","BOSS","M","M","?","M","$","E"],"build_version":"2018-07-19v2","purchased_purges":3,"victory":false,"max_hp_per_floor":[72,72,72,72,72,72,72,72,72,72,72,72,72,72,72,72,77,77,77,77,77,77,77,77,77,77,77,77,80,80,80,80,80,80,80,80,80,80,80,80],"card_choices":[{"not_picked":["Immolate","Berserk"],"picked":"Limit Break","floor":0},{"not_picked":["Burning Pact","Headbutt"],"picked":"Seeing Red","floor":1},{"not_picked":["Armaments","Rage"],"picked":"Thunderclap","floor":3},{"not_picked":["Headbutt","Thunderclap"],"picked":"Sword Boomerang","floor":4},{"not_picked":["Anger","Heavy Blade","True Grit"],"picked":"SKIP","floor":5},{"not_picked":["Reckless Charge","Combust"],"picked":"Dropkick","floor":8},{"not_picked":["Second Wind","Clash"],"picked":"Flex","floor":10},{"not_picked":["True Grit","Wild Strike"],"picked":"Sword Boomerang","floor":11},{"not_picked":["Headbutt","Iron Wave"],"picked":"Battle Trance","floor":13},{"not_picked":["Inflame","Rampage","Heavy Blade+1"],"picked":"SKIP","floor":18},{"not_picked":["Thunderclap","Warcry","Armaments"],"picked":"SKIP","floor":20},{"not_picked":["Burning Pact","Thunderclap","Clash"],"picked":"SKIP","floor":24},{"not_picked":["Uppercut","Ghostly Armor+1","Sever Soul"],"picked":"SKIP","floor":25},{"not_picked":["Uppercut","Thunderclap+1"],"picked":"Feed","floor":27},{"not_picked":["True Grit","Shrug It Off+1","Headbutt+1"],"picked":"SKIP","floor":29},{"not_picked":["Body Slam","Headbutt","Havoc"],"picked":"SKIP","floor":31},{"not_picked":["Immolate","Fiend Fire"],"picked":"Brutality","floor":33},{"not_picked":["Searing Blow+1","Wild Strike","Carnage+1"],"picked":"SKIP","floor":35},{"not_picked":["Perfected Strike+1","Rage+1","True Grit+1"],"picked":"SKIP","floor":36},{"not_picked":["Twin Strike+1","Clash+1","True Grit"],"picked":"SKIP","floor":38}],"player_experience":323512,"relics_obtained":[{"floor":9,"key":"Potion Belt"},{"floor":14,"key":"Odd Mushroom"},{"floor":26,"key":"Paper Frog"}],"event_choices":[{"event_name":"The Cleric","player_choice":"Card Removal","floor":12,"damage_taken":0},{"event_name":"Mushrooms","player_choice":"Fought Mushrooms","floor":14,"damage_taken":0},{"event_name":"Golden Shrine","player_choice":"Pray","floor":19,"damage_taken":0},{"event_name":"Drug Dealer","player_choice":"Ignored","floor":22,"damage_taken":0},{"event_name":"Transmorgrifier","player_choice":"Transform","floor":30,"damage_taken":0},{"event_name":"Wheel of Change","player_choice":"Full Heal","floor":37,"damage_taken":0}],"is_beta":false,"boss_relics":[{"not_picked":["Black Star","Pandora\u0027s Box"],"picked":"Tiny House"},{"not_picked":["Mark of Pain","Eternal Feather"],"picked":"White Beast Statue"}],"items_purged_floors":[2,21,39],"is_endless":false,"potions_floor_spawned":[1,4,5,13,16,18,25,27,31,35,36,38],"killed_by":"2 Orb Walkers","ascension_level":0}