{"gold_per_floor":[119,18,38,58,75,75,85,85,112,112,129,146,146,160,160,238,238,248,104,124,124,136,136,136],"floor_reached":24,"playtime":876,"items_purged":[],"score":384,"play_id":"b8fa82da-e505-48ab-8f8e-ffb0d29b6585","local_time":"20181122114858","is_ascension_mode":true,"campfire_choices":[{"data":"Whirlwind","floor":6.0,"key":"SMITH"},{"data":"Flex","floor":8.0,"key":"SMITH"},{"data":"Armaments","floor":10.0,"key":"SMITH"},{"data":"Limit Break","floor":13.0,"key":"SMITH"},{"data":"Hemokinesis","floor":15.0,"key":"SMITH"},{"floor":23,"key":"REST"}],"neow_cost":"CURSE","seed_source_timestamp":0,"circlet_count":0,"master_deck":["AscendersBane","Strike_R","Strike_R","Strike_R","Strike_R","Defend_R","Defend_R","Defend_R","Bash","Writhe","Combust","Hemokinesis+1","Armaments+1","Flash of Steel","Cleave","Whirlwind+1","Pommel Strike","Flex+1","Limit Break+1","Infernal Blade","Double Tap","Heavy Blade","Flame Barrier","Twin Strike"],"special_seed":0,"relics":["Burning Blood","Anchor","Snecko Eye"],"potions_floor_usage":[22],"damage_taken":[{"damage":11.0,"enemies":"Cultist","floor":1.0,"turns":3.0},{"damage":10.0,"enemies":"Jaw Worm","floor":3.0,"turns":2.0},{"damage":3.0,"enemies":"2 Louse","floor":4.0,"turns":2.0},{"damage":20.0,"enemies":"Exordium Thugs","floor":5.0,"turns":3.0},{"damage":3.0,"enemies":"Large Slime","floor":7.0,"turns":4.0},{"damage":3.0,"enemies":"Exordium Wildlife","floor":11.0,"turns":2.0},{"damage":0.0,"enemies":"2 Fungi Beasts","floor":12.0,"turns":2.0},{"damage":3.0,"enemies":"Blue Slaver","floor":14.0,"turns":2.0},{"damage":30.0,"enemies":"Slime Boss","floor":16.0,"turns":7.0},{"damage":14.0,"enemies":"Shell Parasite","floor":18.0,"turns":3.0},{"damage":6.0,"enemies":"2 Thieves","floor":20.0,"turns":3.0},{"damage":37,"enemies":"Snecko","floor":22,"turns":5},{"damage":49,"enemies":"Gremlin Leader","floor":24,"turns":4}],"seed_played":"1393050131254237494","potions_obtained":[{"floor":4.0,"key":"Energy Potion"},{"floor":11.0,"key":"Explosive Potion"},{"floor":14.0,"key":"GamblersBrew"},{"floor":18.0,"key":"SpeedPotion"}],"is_trial":false,"path_per_floor":["M","$","M","M","M","R","M","R","T","R","M","M","R","M","R","B",null,"M","$","M","$","M","R","E"],"character_chosen":"IRONCLAD","items_purchased":["Flash of Steel","Heavy Blade","Flame Barrier"],"campfire_rested":1,"item_purchase_floors":[2,19,19],"current_hp_per_floor":[63,63,59,62,48,48,51,51,51,51,54,60,60,63,63,39,66,58,58,58,58,27,49,0],"gold":136,"neow_bonus":"TRANSFORM_TWO_CARDS","is_prod":false,"is_daily":false,"chose_seed":false,"campfire_upgraded":5,"win_rate":0,"timestamp":1542905338,"path_taken":["M","$","M","?","M","R","M","R","T","R","M","M","R","M","R","BOSS","M","$","M","$","M","R","E"],"build_version":"2018-11-15","purchased_purges":0,"victory":false,"max_hp_per_floor":[75,75,75,75,75,75,75,75,75,75,75,75,75,75,75,75,75,75,75,75,75,75,75,75],"card_choices":[{"not_picked":["Power Through","Searing Blow"],"picked":"Armaments","floor":1.0},{"not_picked":["Shrug It Off","Sword Boomerang"],"picked":"Cleave","floor":3.0},{"not_picked":["Intimidate","Cleave"],"picked":"Whirlwind","floor":4.0},{"not_picked":["Thunderclap","Warcry"],"picked":"Pommel Strike","floor":5.0},{"not_picked":["Sword Boomerang","Dual Wield"],"picked":"Flex","floor":7.0},{"not_picked":["True Grit","Reckless Charge"],"picked":"Limit Break","floor":11.0},{"not_picked":["Entrench","Cleave","Sword Boomerang"],"picked":"SKIP","floor":12.0},{"not_picked":["Thunderclap","Sword Boomerang"],"picked":"Infernal Blade","floor":14.0},{"not_picked":["Feed","Bludgeon"],"picked":"Double Tap","floor":16.0},{"not_picked":["Anger","Power Through","Clothesline"],"picked":"SKIP","floor":18.0},{"not_picked":["Perfected Strike","Rupture","Armaments"],"picked":"SKIP","floor":20.0},{"not_picked":["Clash","Wild Strike"],"picked":"Twin Strike","floor":22}],"player_experience":766203,"relics_obtained":[{"floor":9.0,"key":"Anchor"}],"event_choices":[],"is_beta":false,"boss_relics":[{"not_picked":["Orrery","Coffee Dripper"],"picked":"Snecko Eye"}],"items_purged_floors":[],"is_endless":false,"potions_floor_spawned":[4,11,14,18],"killed_by":"Gremlin Leader","ascension_level":20}