{"path_per_floor":["M","?","M","?","M","E","M","E","T","$","M","R","M","?","R","B",null,"M","$","M","?","?","R","E","R","T","R","M","R","?","M","R","B",null,"M","M","?","M","?","E","R"],"character_chosen":"THE_SILENT","items_purchased":["Reflex","Accuracy"],"gold_per_floor":[116,116,131,131,149,184,199,225,225,78,95,95,112,112,112,212,212,230,97,107,107,32,32,59,59,83,83,96,96,96,115,115,215,215,233,246,599,613,613,640,640],"floor_reached":42,"campfire_rested":1,"playtime":3997,"current_hp_per_floor":[61,49,49,49,49,47,47,32,32,32,22,22,22,22,22,6,63,61,61,43,43,43,43,34,34,34,34,34,34,55,55,55,9,63,62,50,36,38,38,5,23],"items_purged":["Strike_G","Strike_G"],"gold":640,"play_id":"352858a3-4138-47e6-b258-e52aef5d7144","is_prod":false,"is_daily":false,"is_ascension_mode":false,"campfire_upgraded":4,"path_taken":["M","?","M","?","M","E","M","E","T","$","M","R","M","?","R","BOSS","M","$","M","?","?","R","E","R","T","R","M","R","?","M","R","BOSS","M","M","?","?","?","E","R","E"],"build_version":"2018-02-01-PROD3","purchased_purges":2,"victory":false,"master_deck":["Defend_G+1","Defend_G","Defend_G+1","Defend_G","Strike_G","Strike_G","Strike_G","Survivor","Neutralize","Storm of Steel","Cloak And Dagger","Predator","Underhanded Strike","PiercingWail","Heel Hook","Reflex+1","Prepared+1","Infinite Blades","Tactician","Acrobatics+1","Accuracy+1","Reflex+1","Choke","Acrobatics+1","Storm of Steel","Accuracy","Prepared","Blade Dance","Cloak And Dagger"],"max_hp_per_floor":[63,63,63,63,63,63,63,63,63,63,63,63,63,63,63,63,63,63,63,63,63,63,63,63,63,63,63,63,63,63,63,63,63,63,63,63,63,63,63,63,63],"relics":["Ring of the Snake","Torii","Ancient Tea Set","Mercury Hourglass","Girya","Black Star","Ice Cream","Happy Flower","Vajra","Anchor","White Beast Statue","Old Coin","Bronze Scales","Dream Catcher"],"card_choices":[{"not_picked":["Finisher","Reflex"],"picked":"Storm of Steel"},{"not_picked":["Flying Knee","Bane"],"picked":"Cloak And Dagger"},{"not_picked":["Masterful Stab","Eviscerate"],"picked":"Predator"},{"not_picked":["Poisoned Stab","Skewer"],"picked":"Underhanded Strike"},{"not_picked":["Underhanded Strike","Tactician"],"picked":"PiercingWail"},{"not_picked":["Outmaneuver","Poisoned Stab"],"picked":"Heel Hook"},{"not_picked":["Dagger Spray","Cloak And Dagger"],"picked":"Prepared"},{"not_picked":["Dagger Throw","Heel Hook"],"picked":"Infinite Blades"},{"not_picked":["Burst","Tools of the Trade"],"picked":"Tactician"},{"not_picked":["Dodge and Roll","Underhanded Strike"],"picked":"Acrobatics"},{"not_picked":["Slice","Dodge and Roll"],"picked":"Reflex"},{"not_picked":["PiercingWail","Poisoned Stab"],"picked":"Choke"},{"not_picked":["Underhanded Strike","Dagger Throw"],"picked":"Acrobatics"},{"not_picked":["Die Die Die","Tools of the Trade"],"picked":"Storm of Steel"},{"not_picked":["Skewer","Quick Slash"],"picked":"Accuracy"},{"not_picked":["Backflip","Poisoned Stab"],"picked":"Prepared"},{"not_picked":["Crippling Poison","Bane"],"picked":"Cloak And Dagger"}],"player_experience":119193,"potions_floor_usage":[6,8,24,33,38,40,40,40],"damage_taken":[{"damage":2,"enemies":"Jaw Worm","floor":1,"turns":5},{"damage":0,"enemies":"Cultist","floor":3,"turns":4},{"damage":0,"enemies":"Blue Slaver","floor":5,"turns":6},{"damage":2,"enemies":"3 Sentries","floor":6,"turns":8},{"damage":0,"enemies":"2 Fungi Beasts","floor":7,"turns":5},{"damage":15,"enemies":"Gremlin Nob","floor":8,"turns":4},{"damage":10,"enemies":"Large Slime","floor":11,"turns":6},{"damage":0,"enemies":"Red Slaver","floor":13,"turns":3},{"damage":16,"enemies":"Hexaghost","floor":16,"turns":9},{"damage":2,"enemies":"Shell Parasite","floor":18,"turns":5},{"damage":18,"enemies":"2 Thieves","floor":20,"turns":5},{"damage":9,"enemies":"Book of Stabbing","floor":24,"turns":5},{"damage":0,"enemies":"Centurion and Healer","floor":28,"turns":3},{"damage":0,"enemies":"Snecko","floor":31,"turns":2},{"damage":46,"enemies":"Automaton","floor":33,"turns":7},{"damage":1,"enemies":"3 Darklings","floor":35,"turns":4},{"damage":12,"enemies":"3 Shapes","floor":36,"turns":3},{"damage":14,"enemies":"Mysterious Sphere","floor":37,"turns":4},{"damage":10,"enemies":"Maw","floor":38,"turns":5},{"damage":45,"enemies":"2 Orb Walkers","floor":40,"turns":5},{"damage":34,"enemies":"Nemesis","floor":42,"turns":3}],"event_choices":[{"event_name":"Shining Light","player_choice":"Entered Light","floor":2,"damage_taken":0},{"event_name":"Liars Game","player_choice":"disagreed","floor":4,"damage_taken":0},{"event_name":"Dead Adventurer","player_choice":"Searched \u00270\u0027 times","floor":14,"damage_taken":0},{"event_name":"The Mausoleum","player_choice":"Yes","floor":21,"damage_taken":0},{"event_name":"Beggar","player_choice":"Gave Gold","floor":22,"damage_taken":0},{"event_name":"The Library","player_choice":"Heal","floor":30,"damage_taken":0},{"event_name":"Mysterious Sphere","player_choice":"Fight","floor":37,"damage_taken":0},{"event_name":"Match and Keep!","player_choice":"1 cards matched","floor":39,"damage_taken":0}],"boss_relics":[{"not_picked":["Velvet Choker","Calling Bell"],"picked":"Black Star"},{"not_picked":["Runic Dome","Runic Pyramid"],"picked":"White Beast Statue"}],"potions_floor_spawned":[1,3,18,24,35,36,37,38,40],"seed_played":"1618013658105158626","killed_by":"Nemesis","ascension_level":0,"is_trial":false}