{"gold_per_floor":[110,110,285,285,303,303,319,319,319,319,335,390,203,215,215,316,316,329,329,53,67,86,86],"floor_reached":23,"playtime":790,"items_purged":["Doubt"],"score":217,"play_id":"c667c0b8-b78c-4d12-8c1e-321915355a50","local_time":"20180828115023","is_ascension_mode":true,"campfire_choices":[{"data":"Barrage","floor":6,"key":"SMITH"},{"data":"Sweeping Beam","floor":8,"key":"SMITH"},{"data":"Sweeping Beam","floor":10,"key":"SMITH"},{"floor":15,"key":"REST"}],"neow_cost":"NONE","seed_source_timestamp":620842125154275,"circlet_count":0,"master_deck":["Strike_B","Strike_B","Strike_B","Defend_B","Defend_B","Defend_B","Defend_B","Zap","Dualcast","Ball Lightning","Sweeping Beam+1","Rebound","Rainbow+1","Barrage+1","Sweeping Beam+1","BootSequence","Auto Shields","Double Energy","Seek","Rainbow+1","Defragment","Barrage+1"],"relics":["Orrery","Kunai","Singing Bowl","Empty Cage","DollysMirror"],"potions_floor_usage":[12,14,16,16,16,21,22,23],"damage_taken":[{"damage":1,"enemies":"Cultist","floor":1,"turns":3},{"damage":11,"enemies":"Jaw Worm","floor":5,"turns":3},{"damage":0,"enemies":"2 Louse","floor":7,"turns":2},{"damage":9,"enemies":"Large Slime","floor":11,"turns":6},{"damage":32,"enemies":"Gremlin Nob","floor":12,"turns":4},{"damage":4,"enemies":"Gremlin Gang","floor":14,"turns":4},{"damage":31,"enemies":"Hexaghost","floor":16,"turns":9},{"damage":0,"enemies":"Chosen","floor":18,"turns":5},{"damage":0,"enemies":"3 Byrds","floor":21,"turns":4},{"damage":12,"enemies":"Snake Plant","floor":22,"turns":4},{"damage":62,"enemies":"Book of Stabbing","floor":23,"turns":5}],"seed_played":"6297374587116508508","potions_obtained":[{"floor":7,"key":"Explosive Potion"},{"floor":12,"key":"FocusPotion"},{"floor":14,"key":"EntropicBrew"},{"floor":18,"key":"Block Potion"},{"floor":22,"key":"Fire Potion"}],"is_trial":false,"path_per_floor":["M","?","?","?","M","R","M","R","T","R","M","?","$","M","R","B",null,"M","?","$","M","M"],"character_chosen":"DEFECT","items_purchased":["Double Energy","Regen Potion","DollysMirror","Defragment"],"campfire_rested":1,"item_purchase_floors":[13,13,20,20],"current_hp_per_floor":[74,74,74,74,63,63,63,63,63,63,54,24,24,34,57,26,79,81,66,66,68,56,0],"gold":86,"neow_bonus":"BOSS_RELIC","is_prod":false,"is_daily":false,"chose_seed":false,"campfire_upgraded":3,"win_rate":0,"timestamp":1535471423,"path_taken":["M","?","?","?","?","R","M","R","T","R","M","?","$","M","R","BOSS","M","?","$","?","M","E"],"build_version":"2018-08-23v2","purchased_purges":1,"victory":false,"max_hp_per_floor":[75,75,75,75,75,75,75,75,75,75,75,77,77,79,79,79,79,81,86,86,88,88,88],"card_choices":[{"not_picked":["Streamline","Gash"],"picked":"Ball Lightning","floor":0},{"not_picked":["Tempest","Streamline"],"picked":"Sweeping Beam","floor":0},{"not_picked":["Force Field","Stack"],"picked":"Rebound","floor":0},{"not_picked":["Gash","White Noise"],"picked":"Rainbow","floor":0},{"not_picked":["Rebound","Scrape"],"picked":"Barrage","floor":0},{"not_picked":["Steam","Go for the Eyes"],"picked":"Sweeping Beam","floor":1},{"not_picked":["Hologram","Creative AI"],"picked":"BootSequence","floor":5},{"not_picked":["Gash","Fusion"],"picked":"Auto Shields","floor":7},{"not_picked":["Conserve Battery","Go for the Eyes","Recycle"],"picked":"SKIP","floor":11},{"not_picked":["Consume","Skim","Gash"],"picked":"Singing Bowl","floor":12},{"not_picked":["Stack","Sunder","Streamline"],"picked":"Singing Bowl","floor":14},{"not_picked":["Core Surge","Machine Learning"],"picked":"Seek","floor":16},{"not_picked":["Beam Cell","Coolheaded","Tempest"],"picked":"Singing Bowl","floor":18},{"not_picked":["Skim","Reprogram","Coolheaded"],"picked":"Singing Bowl","floor":21},{"not_picked":["Coolheaded+1","Ball Lightning+1"],"picked":"Barrage+1","floor":22}],"player_experience":473593,"relics_obtained":[{"floor":9,"key":"Kunai"},{"floor":12,"key":"Singing Bowl"}],"event_choices":[{"event_name":"Living Wall","player_choice":"Grow","floor":2,"damage_taken":0},{"event_name":"Liars Game","player_choice":"agreed","floor":3,"damage_taken":0},{"event_name":"Wheel of Change","player_choice":"Curse","floor":4,"damage_taken":0},{"event_name":"Dead Adventurer","player_choice":"Searched \u00271\u0027 times","floor":12,"damage_taken":0},{"event_name":"Forgotten Altar","player_choice":"Shed Blood","floor":19,"damage_taken":0}],"is_beta":false,"boss_relics":[{"not_picked":["Eternal Feather","Calling Bell"],"picked":"Empty Cage"}],"items_purged_floors":[13],"is_endless":false,"potions_floor_spawned":[7,12,14,18,22],"killed_by":"Book of Stabbing","ascension_level":4}