{"gold_per_floor":[113,127,5,16,27,27,127,153,177,210,175,175,210,58,58,155,155,170,185,199,209,222,252,252,287,360,360,360,392,410,410,410,509,509,527,543,220,220,132,132,160,179,252,271,1,35,46,65,65,65,65,65,13,45,45],"floor_reached":55,"playtime":7610,"items_purged":["Shame","Strike_R+1","Strike_R+1"],"score":1007,"play_id":"ff8d74bb-46d4-4eda-8431-6c52e4ea3b2e","local_time":"20190505173631","is_ascension_mode":true,"campfire_choices":[{"floor":6.0,"key":"RECALL"},{"data":"Rampage","floor":12.0,"key":"SMITH"},{"data":"Shockwave","floor":15.0,"key":"SMITH"},{"data":"Rage","floor":24.0,"key":"SMITH"},{"floor":27.0,"key":"REST"},{"data":"Demon Form","floor":32.0,"key":"SMITH"},{"data":"Inflame","floor":40.0,"key":"SMITH"},{"data":"Carnage","floor":49,"key":"SMITH"},{"data":"Infernal Blade","floor":52,"key":"SMITH"}],"neow_cost":"CURSE","seed_source_timestamp":0,"circlet_count":0,"master_deck":["Strike_R+1","Strike_R+1","Defend_R+1","Defend_R+1","Defend_R+1","Defend_R+1","Bash","Spot Weakness","Clothesline","Pommel Strike","Rampage+1","Headbutt","Impervious","Anger","Shockwave+1","Demon Form+1","Headbutt+1","Shrug It Off+1","Carnage+1","Infernal Blade+1","Pommel Strike+1","Rage+1","Spot Weakness","Heavy Blade+1","Cleave+1","Offering","Seeing Red+1","Dropkick+1","Inflame+1","Anger+1","Rampage+1","Anger+1","Wild Strike+1","Spot Weakness","Rage+1"],"special_seed":0,"relics":["Burning Blood","Bag of Marbles","Centennial Puzzle","Incense Burner","Vajra","Philosopher\u0027s Stone","Magic Flower","Mummified Hand","Molten Egg 2","Thread and Needle","Busted Crown","Happy Flower","Anchor","Meat on the Bone","Kunai","Blue Candle"],"potions_floor_usage":[42,50,55,55],"damage_taken":[{"damage":11.0,"enemies":"Jaw Worm","floor":1.0,"turns":4.0},{"damage":13.0,"enemies":"Cultist","floor":2.0,"turns":4.0},{"damage":6.0,"enemies":"2 Louse","floor":4.0,"turns":3.0},{"damage":0.0,"enemies":"Large Slime","floor":5.0,"turns":5.0},{"damage":12.0,"enemies":"Gremlin Nob","floor":8.0,"turns":3.0},{"damage":47.0,"enemies":"3 Sentries","floor":10.0,"turns":7.0},{"damage":20.0,"enemies":"Lagavulin","floor":13.0,"turns":5.0},{"damage":18.0,"enemies":"Hexaghost","floor":16.0,"turns":7.0},{"damage":5.0,"enemies":"Chosen","floor":18.0,"turns":3.0},{"damage":1.0,"enemies":"Spheric Guardian","floor":19.0,"turns":4.0},{"damage":0.0,"enemies":"Snake Plant","floor":20.0,"turns":3.0},{"damage":16.0,"enemies":"Cultist and Chosen","floor":21.0,"turns":5.0},{"damage":3.0,"enemies":"Centurion and Healer","floor":22.0,"turns":5.0},{"damage":20.0,"enemies":"Gremlin Leader","floor":23.0,"turns":4.0},{"damage":43.0,"enemies":"Book of Stabbing","floor":25.0,"turns":4.0},{"damage":28.0,"enemies":"Gremlin Leader","floor":29.0,"turns":5.0},{"damage":3.0,"enemies":"Snake Plant","floor":30.0,"turns":2.0},{"damage":16.0,"enemies":"Champ","floor":33.0,"turns":6.0},{"damage":4.0,"enemies":"3 Shapes","floor":35.0,"turns":3.0},{"damage":5.0,"enemies":"3 Darklings","floor":36.0,"turns":3.0},{"damage":8.0,"enemies":"Nemesis","floor":41.0,"turns":5.0},{"damage":1,"enemies":"Transient","floor":42,"turns":5},{"damage":17,"enemies":"Spire Growth","floor":44,"turns":4},{"damage":2,"enemies":"Giant Head","floor":46,"turns":4},{"damage":15,"enemies":"Sphere and 2 Shapes","floor":47,"turns":4},{"damage":0,"enemies":"Writhing Mass","floor":48,"turns":3},{"damage":41,"enemies":"Awakened One","floor":50,"turns":9},{"damage":1,"enemies":"Shield and Spear","floor":54,"turns":4},{"damage":116,"enemies":"The Heart","floor":55,"turns":6}],"seed_played":"4184573299260166064","potions_obtained":[{"floor":4.0,"key":"Energy Potion"},{"floor":5.0,"key":"SteroidPotion"},{"floor":10.0,"key":"Swift Potion"},{"floor":13.0,"key":"Fire Potion"},{"floor":18.0,"key":"Regen Potion"},{"floor":20.0,"key":"PowerPotion"},{"floor":23.0,"key":"Swift Potion"},{"floor":29.0,"key":"Fire Potion"},{"floor":30.0,"key":"Weak Potion"},{"floor":33.0,"key":"Ancient Potion"},{"floor":36.0,"key":"FairyPotion"},{"floor":41,"key":"SneckoOil"},{"floor":46,"key":"LiquidBronze"}],"is_trial":false,"path_per_floor":["M","M","$","M","M","R","?","E","T","E","?","R","E","$","R","B",null,"M","M","M","M","M","E","R","E","T","R","?","E","M","?","R","B",null,"M","M","$","?","$","R","E","M","T","M","$","E","M","M","R","B",null,"R","$","E","B"],"character_chosen":"IRONCLAD","items_purchased":["Pommel Strike","Vajra","Happy Flower","EssenceOfSteel","Inflame","Anger+1","Anger+1","Wild Strike+1","Spot Weakness","FearPotion"],"campfire_rested":1,"item_purchase_floors":[3,14,37,37,39,39,45,45,45,53],"current_hp_per_floor":[91,84,84,84,90,90,90,84,84,43,67,67,53,53,53,41,96,96,96,96,86,89,80,80,46,46,74,74,55,61,61,61,54,96,96,96,96,96,96,96,96,96,96,88,88,95,89,96,96,64,96,96,96,96,0],"gold":45,"neow_bonus":"TWENTY_PERCENT_HP_BONUS","is_prod":false,"is_daily":false,"chose_seed":false,"campfire_upgraded":7,"win_rate":0,"timestamp":1557070591,"path_taken":["M","M","$","M","M","R","?","E","T","E","?","R","E","$","R","BOSS","M","M","M","M","M","E","R","E","T","R","?","E","M","?","R","BOSS","M","M","$","?","?","R","E","M","T","M","$","E","M","M","R","BOSS","R","$","E","BOSS"],"build_version":"2019-01-23","purchased_purges":3,"victory":false,"max_hp_per_floor":[96,96,96,96,96,96,96,96,96,96,96,96,96,96,96,96,96,96,96,96,96,96,96,96,96,96,96,96,96,96,96,96,96,96,96,96,96,96,96,96,96,96,96,96,96,96,96,96,96,96,96,96,96,96,96],"card_choices":[{"not_picked":["Pommel Strike","Headbutt"],"picked":"Spot Weakness","floor":1.0},{"not_picked":["Iron Wave","Sword Boomerang"],"picked":"Clothesline","floor":2.0},{"not_picked":["Flex","Clash"],"picked":"Rampage","floor":4.0},{"not_picked":["Pummel","Iron Wave"],"picked":"Headbutt","floor":5.0},{"not_picked":["Whirlwind","Flex"],"picked":"Impervious","floor":8.0},{"not_picked":["Thunderclap","Immolate"],"picked":"Anger","floor":10.0},{"not_picked":["Feel No Pain","Corruption"],"picked":"Shockwave","floor":13.0},{"not_picked":["Offering","Brutality"],"picked":"Demon Form","floor":16.0},{"not_picked":["Pommel Strike+1","Reckless Charge+1"],"picked":"Headbutt+1","floor":18.0},{"not_picked":["Cleave","Hemokinesis"],"picked":"Shrug It Off+1","floor":19.0},{"not_picked":["Havoc","Warcry"],"picked":"Carnage","floor":20.0},{"not_picked":["Iron Wave","Demon Form"],"picked":"Infernal Blade","floor":21.0},{"not_picked":["Rampage+1","Anger"],"picked":"Pommel Strike+1","floor":22.0},{"not_picked":["Cleave","Sever Soul+1"],"picked":"Rage","floor":23.0},{"not_picked":["Hemokinesis","Clothesline+1"],"picked":"Spot Weakness","floor":25.0},{"not_picked":["Burning Pact","True Grit+1"],"picked":"Heavy Blade+1","floor":29.0},{"not_picked":["Heavy Blade+1","Pommel Strike+1"],"picked":"Cleave+1","floor":30.0},{"not_picked":["Exhume","Dark Embrace"],"picked":"Offering","floor":33.0},{"not_picked":[],"picked":"Seeing Red+1","floor":35.0},{"not_picked":[],"picked":"Dropkick+1","floor":36.0},{"not_picked":[],"picked":"Rampage+1","floor":41},{"not_picked":["True Grit"],"picked":"SKIP","floor":42},{"not_picked":["Clothesline+1"],"picked":"SKIP","floor":44},{"not_picked":["Heavy Blade+1"],"picked":"SKIP","floor":46},{"not_picked":["Sentinel+1"],"picked":"SKIP","floor":47},{"not_picked":["Rage"],"picked":"SKIP","floor":48},{"not_picked":[],"picked":"Rage+1","floor":54}],"player_experience":243378,"relics_obtained":[{"floor":8.0,"key":"Bag of Marbles"},{"floor":10.0,"key":"Centennial Puzzle"},{"floor":13.0,"key":"Incense Burner"},{"floor":23.0,"key":"Magic Flower"},{"floor":25.0,"key":"Mummified Hand"},{"floor":26.0,"key":"Molten Egg 2"},{"floor":29.0,"key":"Thread and Needle"},{"floor":41,"key":"Anchor"},{"floor":43,"key":"Meat on the Bone"},{"floor":46,"key":"Kunai"},{"floor":54,"key":"Blue Candle"}],"event_choices":[{"damage_healed":0.0,"max_hp_gain":0.0,"max_hp_loss":0.0,"gold_gain":100.0,"event_name":"Golden Shrine","player_choice":"Pray","floor":7.0,"gold_loss":0.0,"damage_taken":0.0},{"damage_healed":24.0,"max_hp_gain":0.0,"max_hp_loss":0.0,"gold_gain":0.0,"event_name":"The Cleric","player_choice":"Healed","floor":11.0,"gold_loss":35.0,"damage_taken":0.0},{"damage_healed":0.0,"max_hp_gain":0.0,"max_hp_loss":0.0,"gold_gain":0.0,"event_name":"Ghosts","player_choice":"Ignored","floor":28.0,"gold_loss":0.0,"damage_taken":0.0},{"damage_healed":0.0,"max_hp_gain":0.0,"max_hp_loss":0.0,"gold_gain":0.0,"event_name":"Back to Basics","player_choice":"Simplicity","floor":31.0,"gold_loss":0.0,"damage_taken":0.0,"cards_upgraded":["Strike_R","Strike_R","Strike_R","Strike_R","Strike_R","Defend_R","Defend_R","Defend_R","Defend_R"]},{"cards_removed":["Strike_R"],"damage_healed":0.0,"max_hp_gain":0.0,"max_hp_loss":0.0,"gold_gain":0.0,"event_name":"Falling","player_choice":"Removed Attack","floor":38.0,"gold_loss":0.0,"damage_taken":0.0}],"is_beta":false,"boss_relics":[{"not_picked":["Fusion Hammer","Coffee Dripper"],"picked":"Philosopher\u0027s Stone"},{"not_picked":["Pandora\u0027s Box","Eternal Feather"],"picked":"Busted Crown"}],"items_purged_floors":[3,37,45],"is_endless":false,"potions_floor_spawned":[4,5,10,13,18,20,23,29,30,33,36,41,46,54],"killed_by":"The Heart","ascension_level":3}