{"gold_per_floor":[112,122,297,307,56,56,87,87,87,114,114,124,49,101,101,206,206,220,220,231,231,92,92,92,92,92,112,129,148,148,71,71,172,172,189,206,29,29],"floor_reached":38,"playtime":1650,"items_purged":["Doubt"],"score":407,"play_id":"8f3a008a-e0ac-4325-a389-9b7556cdc71a","local_time":"20190505120208","is_ascension_mode":false,"campfire_choices":[{"data":"Havoc","floor":8.0,"key":"SMITH"},{"floor":11.0,"key":"REST"},{"data":"Blood for Blood","floor":15.0,"key":"SMITH"},{"data":"Limit Break","floor":23.0,"key":"SMITH"},{"floor":30.0,"key":"REST"},{"floor":32.0,"key":"RECALL"}],"neow_cost":"NONE","seed_source_timestamp":3182670210274,"circlet_count":0,"master_deck":["Defend_R","Defend_R","Defend_R","Defend_R","Bash","Havoc+1","Infernal Blade","Blood for Blood+1","Inflame","Pummel","Demon Form","Iron Wave","Shrug It Off+1","Bite","Bite","Bite","Bite","Bite","Limit Break+1","Ghostly Armor","Shrug It Off","Spot Weakness","Feed","Heavy Blade+1","Mayhem"],"special_seed":0,"relics":["Burning Blood","Kunai","Darkstone Periapt","Pear","Bronze Scales","Sozu","Eternal Feather"],"potions_floor_usage":[],"damage_taken":[{"damage":5.0,"enemies":"2 Louse","floor":1.0,"turns":3.0},{"damage":3.0,"enemies":"Small Slimes","floor":2.0,"turns":3.0},{"damage":6.0,"enemies":"Jaw Worm","floor":4.0,"turns":4.0},{"damage":60.0,"enemies":"Lagavulin","floor":7.0,"turns":8.0},{"damage":44.0,"enemies":"Gremlin Nob","floor":10.0,"turns":5.0},{"damage":14.0,"enemies":"Blue Slaver","floor":12.0,"turns":4.0},{"damage":32.0,"enemies":"Slime Boss","floor":16.0,"turns":9.0},{"damage":6.0,"enemies":"3 Byrds","floor":18.0,"turns":3.0},{"damage":25.0,"enemies":"2 Thieves","floor":20.0,"turns":3.0},{"damage":5.0,"enemies":"Chosen and Byrds","floor":27.0,"turns":4.0},{"damage":5.0,"enemies":"Snecko","floor":28.0,"turns":3.0},{"damage":47.0,"enemies":"Shelled Parasite and Fungi","floor":29.0,"turns":5.0},{"damage":44.0,"enemies":"Collector","floor":33.0,"turns":9.0},{"damage":8.0,"enemies":"3 Shapes","floor":35.0,"turns":6.0},{"damage":58.0,"enemies":"3 Darklings","floor":36.0,"turns":5.0},{"damage":44,"enemies":"Jaw Worm Horde","floor":38,"turns":4}],"seed_played":"3376863377977573766","potions_obtained":[{"floor":1.0,"key":"FearPotion"},{"floor":10.0,"key":"SpeedPotion"},{"floor":16.0,"key":"SteroidPotion"}],"is_trial":false,"path_per_floor":["M","M","?","M","$","?","E","R","T","E","R","M","$","?","R","B",null,"M","?","M","?","$","R","$","?","T","M","M","M","R","$","R","B",null,"M","M","$","M"],"character_chosen":"IRONCLAD","items_purchased":["Kunai","Limit Break","Spot Weakness","Mayhem"],"campfire_rested":2,"item_purchase_floors":[5,22,31,37],"current_hp_per_floor":[88,88,88,88,88,93,39,39,49,11,41,33,33,33,33,7,103,103,82,63,63,63,63,63,63,63,74,75,36,58,58,58,34,75,78,36,36,0],"gold":29,"neow_bonus":"TEN_PERCENT_HP_BONUS","is_prod":false,"is_daily":false,"chose_seed":false,"campfire_upgraded":3,"win_rate":0,"timestamp":1557075728,"path_taken":["M","M","?","M","$","?","E","R","T","E","R","M","$","?","R","BOSS","M","?","M","?","?","R","?","?","T","?","?","M","R","$","R","BOSS","M","M","$","M"],"build_version":"2019-01-23","purchased_purges":1,"victory":false,"max_hp_per_floor":[88,88,88,88,88,93,93,93,103,103,103,103,103,103,103,103,103,103,108,108,75,75,75,75,75,75,75,75,75,75,75,75,75,75,78,78,78,78],"card_choices":[{"not_picked":["Second Wind","Anger"],"picked":"Havoc","floor":1.0},{"not_picked":["Wild Strike","Havoc","Searing Blow"],"picked":"SKIP","floor":2.0},{"not_picked":["Heavy Blade","Cleave"],"picked":"Infernal Blade","floor":4.0},{"not_picked":["Offering","Uppercut"],"picked":"Blood for Blood","floor":7.0},{"not_picked":["Twin Strike","Clothesline"],"picked":"Inflame","floor":10.0},{"not_picked":["True Grit","Combust"],"picked":"Pummel","floor":12.0},{"not_picked":["Double Tap","Dark Embrace"],"picked":"Demon Form","floor":16.0},{"not_picked":["Reckless Charge","Clothesline"],"picked":"Iron Wave","floor":18.0},{"not_picked":["Sword Boomerang","Thunderclap+1"],"picked":"Shrug It Off+1","floor":20.0},{"not_picked":["Dark Embrace","Twin Strike+1","Sever Soul"],"picked":"SKIP","floor":27.0},{"not_picked":["Combust","Heavy Blade"],"picked":"Ghostly Armor","floor":28.0},{"not_picked":["Entrench+1","Warcry+1"],"picked":"Shrug It Off","floor":29.0},{"not_picked":["Reaper","Double Tap"],"picked":"Feed","floor":33.0},{"not_picked":["Warcry","Perfected Strike+1"],"picked":"Heavy Blade+1","floor":35.0},{"not_picked":["Wild Strike+1","Anger","Carnage"],"picked":"SKIP","floor":36.0}],"player_experience":264924,"relics_obtained":[{"floor":7.0,"key":"Darkstone Periapt"},{"floor":9.0,"key":"Pear"},{"floor":10.0,"key":"Bronze Scales"}],"event_choices":[{"damage_healed":0.0,"max_hp_gain":0.0,"max_hp_loss":0.0,"gold_gain":175.0,"event_name":"Liars Game","player_choice":"AGREE","floor":3.0,"gold_loss":0.0,"damage_taken":0.0,"cards_obtained":["Doubt"]},{"damage_healed":0.0,"max_hp_gain":5.0,"max_hp_loss":0.0,"gold_gain":0.0,"event_name":"Big Fish","player_choice":"Donut","floor":6.0,"gold_loss":0.0,"damage_taken":0.0},{"damage_healed":0.0,"max_hp_gain":0.0,"max_hp_loss":0.0,"gold_gain":52.0,"event_name":"Golden Wing","player_choice":"Gained Gold","floor":14.0,"gold_loss":0.0,"damage_taken":0.0},{"damage_healed":0.0,"max_hp_gain":5.0,"max_hp_loss":0.0,"gold_gain":0.0,"event_name":"Forgotten Altar","player_choice":"Shed Blood","floor":19.0,"gold_loss":0.0,"damage_taken":26.0},{"damage_healed":0.0,"max_hp_gain":0.0,"max_hp_loss":33.0,"gold_gain":0.0,"event_name":"Vampires","player_choice":"Became a vampire","floor":21.0,"gold_loss":0.0,"damage_taken":0.0,"cards_obtained":["Bite","Bite","Bite","Bite","Bite"]},{"damage_healed":0.0,"max_hp_gain":0.0,"max_hp_loss":0.0,"gold_gain":0.0,"event_name":"Lab","player_choice":"Got Potions","floor":25.0,"gold_loss":0.0,"damage_taken":0.0}],"is_beta":false,"boss_relics":[{"not_picked":["Tiny House","Coffee Dripper"],"picked":"Sozu"},{"not_picked":["Runic Cube","Philosopher\u0027s Stone"],"picked":"Eternal Feather"}],"items_purged_floors":[13],"is_endless":false,"potions_floor_spawned":[1,10,16,20,33,35],"killed_by":"Jaw Worm Horde","ascension_level":0}