{"gold_per_floor":[12,32,32,42,42,42,70,16,16,16,16,36,36,59,59,148,148,167,191,71,89,89,89,124,124,147,163,163],"floor_reached":28,"playtime":696,"items_purged":["Strike_R"],"score":417,"play_id":"cd9beef1-1ac6-475b-9c16-453056a50412","local_time":"20190307145238","is_ascension_mode":true,"campfire_choices":[{"data":"Rampage","floor":6,"key":"SMITH"},{"data":"Body Slam","floor":15,"key":"SMITH"},{"floor":23,"key":"REST"}],"neow_cost":"NO_GOLD","seed_source_timestamp":417595347728552,"circlet_count":0,"master_deck":["AscendersBane","Defend_R","Defend_R","Defend_R","Defend_R","Bash","Rampage+1","Second Wind","Body Slam+1","Carnage","Offering","True Grit+1","Shrug It Off","Clothesline","Perfected Strike","Power Through"],"relics":["Burning Blood","Mango","Kunai","Red Skull","Golden Idol","Philosopher\u0027s Stone","Shuriken","Blood Vial"],"potions_floor_usage":[12,21,24],"damage_taken":[{"damage":0,"enemies":"Small Slimes","floor":1,"turns":3},{"damage":7,"enemies":"Jaw Worm","floor":2,"turns":3},{"damage":14,"enemies":"2 Louse","floor":4,"turns":3},{"damage":25,"enemies":"Lagavulin","floor":7,"turns":6},{"damage":13,"enemies":"Red Slaver","floor":12,"turns":3},{"damage":9,"enemies":"3 Louse","floor":14,"turns":4},{"damage":38,"enemies":"Slime Boss","floor":16,"turns":11},{"damage":33,"enemies":"3 Byrds","floor":18,"turns":5},{"damage":10,"enemies":"Shell Parasite","floor":19,"turns":2},{"damage":18,"enemies":"Chosen and Byrds","floor":21,"turns":6},{"damage":31,"enemies":"Slavers","floor":24,"turns":7},{"damage":22,"enemies":"3 Cultists","floor":27,"turns":6},{"damage":17,"enemies":"Centurion and Healer","floor":28,"turns":1}],"seed_played":"633626469613533485","potions_obtained":[{"floor":2,"key":"Swift Potion"},{"floor":4,"key":"Explosive Potion"},{"floor":12,"key":"EssenceOfSteel"}],"is_trial":false,"path_per_floor":["M","M","?","M","?","R","E","$","T","$","?","M","?","M","R","B",null,"M","M","$","M","?","R","E","?","T","M","M"],"character_chosen":"IRONCLAD","items_purchased":["Body Slam","True Grit"],"campfire_rested":1,"item_purchase_floors":[8,20],"current_hp_per_floor":[88,87,87,79,79,79,60,60,60,60,60,53,53,50,50,18,65,38,34,34,22,22,46,21,21,21,7,0],"gold":163,"neow_bonus":"ONE_RARE_RELIC","is_prod":false,"is_daily":false,"chose_seed":false,"campfire_upgraded":2,"win_rate":0,"timestamp":1551941558,"path_taken":["M","M","?","M","?","R","E","$","T","?","?","?","?","M","R","BOSS","M","M","$","M","?","R","E","?","T","?","?"],"build_version":"2019-01-23","purchased_purges":1,"victory":false,"max_hp_per_floor":[89,89,89,89,89,89,89,89,89,89,89,89,81,81,81,81,81,81,81,81,81,81,81,81,81,81,81,81],"card_choices":[{"not_picked":["Twin Strike","Thunderclap"],"picked":"Rampage","floor":1},{"not_picked":["Havoc","Intimidate","Sentinel"],"picked":"SKIP","floor":2},{"not_picked":["Thunderclap","Wild Strike"],"picked":"Second Wind","floor":4},{"not_picked":["Dark Embrace","Armaments","Reckless Charge"],"picked":"SKIP","floor":7},{"not_picked":["Sentinel","Sword Boomerang","Ghostly Armor"],"picked":"SKIP","floor":12},{"not_picked":["Sword Boomerang","Havoc","Uppercut"],"picked":"SKIP","floor":14},{"not_picked":["Fiend Fire","Bludgeon"],"picked":"Offering","floor":16},{"not_picked":["Body Slam","Corruption","Cleave"],"picked":"SKIP","floor":18},{"not_picked":["Entrench","Havoc","Iron Wave"],"picked":"SKIP","floor":19},{"not_picked":["Uppercut+1","Anger"],"picked":"Shrug It Off","floor":21},{"not_picked":["Dual Wield","Ghostly Armor","Spot Weakness"],"picked":"SKIP","floor":24},{"not_picked":["Disarm","Body Slam"],"picked":"Power Through","floor":27}],"player_experience":1145039,"relics_obtained":[{"floor":7,"key":"Kunai"},{"floor":9,"key":"Red Skull"},{"floor":24,"key":"Shuriken"},{"floor":26,"key":"Blood Vial"}],"event_choices":[{"damage_healed":0,"gold_gain":0,"player_choice":"Leave","damage_taken":0,"max_hp_gain":0,"max_hp_loss":0,"event_name":"The Cleric","floor":3,"gold_loss":0},{"cards_removed":["Strike_R"],"damage_healed":0,"gold_gain":0,"player_choice":"Forget","damage_taken":0,"max_hp_gain":0,"max_hp_loss":0,"event_name":"Living Wall","floor":5,"gold_loss":0},{"damage_healed":0,"gold_gain":0,"cards_transformed":["Strike_R"],"player_choice":"Transformed","damage_taken":0,"max_hp_gain":0,"max_hp_loss":0,"event_name":"Transmorgrifier","floor":11,"gold_loss":0,"cards_obtained":["Carnage"]},{"damage_healed":0,"gold_gain":0,"player_choice":"Lose Max HP","damage_taken":0,"relics_obtained":["Golden Idol"],"max_hp_gain":0,"max_hp_loss":8,"event_name":"Golden Idol","floor":13,"gold_loss":0},{"damage_healed":0,"gold_gain":0,"cards_transformed":["Strike_R","Strike_R"],"player_choice":"Became Test Subject","damage_taken":0,"max_hp_gain":0,"max_hp_loss":0,"event_name":"Drug Dealer","floor":22,"gold_loss":0,"cards_obtained":["Clothesline","Perfected Strike"]},{"damage_healed":0,"gold_gain":0,"player_choice":"Upgraded","damage_taken":0,"max_hp_gain":0,"max_hp_loss":0,"event_name":"Upgrade Shrine","floor":25,"gold_loss":0,"cards_upgraded":["True Grit"]}],"is_beta":false,"boss_relics":[{"not_picked":["White Beast Statue","Fusion Hammer"],"picked":"Philosopher\u0027s Stone"}],"items_purged_floors":[20],"is_endless":false,"potions_floor_spawned":[2,4,12,18],"killed_by":"Centurion and Healer","ascension_level":15}