{"path_per_floor":["M","M","$","?","M","R","M","E","T","M","E","R","M","M","R","B",null,"M","$","?","?","$","R","M","R","T","E","M","R","T","M","R","B",null,"M","?","$","M","?","R","M","R","T","R","$","M","M","M","R","B"],"character_chosen":"IRONCLAD","items_purchased":["Sword Boomerang","Singing Bowl","Letter Opener"],"gold_per_floor":[112,130,4,4,24,24,38,65,65,76,102,102,115,130,130,208,208,222,65,65,25,25,25,39,39,117,144,155,155,237,251,251,328,328,345,345,2,13,13,13,28,28,110,110,60,79,90,106,106,106],"floor_reached":51,"campfire_rested":4,"playtime":1793,"current_hp_per_floor":[76,67,67,67,67,67,64,30,30,29,20,43,37,42,42,21,65,58,58,58,58,58,58,62,62,62,38,29,53,53,55,55,23,68,66,66,66,78,78,78,61,87,87,87,87,73,75,87,95,13],"items_purged":["Parasite","Defend_R","Strike_R"],"gold":106,"score":913,"play_id":"e59f29c0-af9e-489e-a9e3-3a7922cf89fe","local_time":"20180307210322","is_prod":false,"is_daily":false,"is_ascension_mode":true,"campfire_upgraded":4,"timestamp":1520474602,"path_taken":["M","M","$","?","M","R","M","E","T","?","E","R","M","M","R","BOSS","M","$","?","?","?","R","M","R","T","E","?","R","?","M","R","BOSS","M","?","$","M","?","R","M","R","T","R","$","M","M","M","R","BOSS"],"build_version":"2018-03-01-PROD1","purchased_purges":4,"victory":true,"master_deck":["Strike_R","Strike_R","Strike_R","Strike_R","Defend_R","Defend_R","Defend_R","Bash","Headbutt+1","Spot Weakness","Sword Boomerang+1","Shrug It Off","Twin Strike","Heavy Blade+1","Offering+1","Thunderclap","Perfected Strike+1","Whirlwind+1","Flex+1","Flex+1","Offering+1"],"max_hp_per_floor":[82,82,79,79,79,79,79,79,79,79,79,79,79,79,79,79,79,79,79,79,79,79,79,81,81,81,81,81,81,81,83,83,83,83,85,85,85,87,87,87,89,89,89,89,89,91,93,95,95,95],"relics":["Black Blood","Happy Flower","Du-Vu Doll","Girya","Singing Bowl","Toxic Egg 2","Omamori","Pantograph","Sozu","Letter Opener","Smiling Mask"],"card_choices":[{"not_picked":["Sword Boomerang","Havoc"],"picked":"Headbutt"},{"not_picked":["Armaments","Body Slam"],"picked":"Spot Weakness"},{"not_picked":["Anger","Pommel Strike"],"picked":"Shrug It Off"},{"not_picked":["Power Through","Body Slam"],"picked":"Twin Strike"},{"not_picked":["Dual Wield","Immolate"],"picked":"Heavy Blade"},{"not_picked":["Flex","Wild Strike"],"picked":"Offering"},{"not_picked":["Anger","Clothesline"],"picked":"Thunderclap"},{"not_picked":["Warcry","True Grit"],"picked":"Perfected Strike"},{"not_picked":["Twin Strike","Cleave"],"picked":"Flex"},{"not_picked":["Rage","Iron Wave"],"picked":"Flex"},{"not_picked":["Immolate","Impervious"],"picked":"Offering"}],"player_experience":425159,"potions_floor_usage":[],"damage_taken":[{"damage":5.0,"enemies":"2 Louse","floor":1.0,"turns":3.0},{"damage":15.0,"enemies":"Small Slimes","floor":2.0,"turns":3.0},{"damage":6.0,"enemies":"Cultist","floor":5.0,"turns":3.0},{"damage":9.0,"enemies":"Looter","floor":7.0,"turns":3.0},{"damage":40.0,"enemies":"Lagavulin","floor":8.0,"turns":4.0},{"damage":7.0,"enemies":"2 Fungi Beasts","floor":10.0,"turns":3.0},{"damage":15.0,"enemies":"3 Sentries","floor":11.0,"turns":5.0},{"damage":12.0,"enemies":"Large Slime","floor":13.0,"turns":3.0},{"damage":1.0,"enemies":"Red Slaver","floor":14.0,"turns":2.0},{"damage":27.0,"enemies":"Hexaghost","floor":16.0,"turns":7.0},{"damage":17.0,"enemies":"3 Byrds","floor":18.0,"turns":4.0},{"damage":8.0,"enemies":"Shell Parasite","floor":24.0,"turns":2.0},{"damage":34.0,"enemies":"Gremlin Leader","floor":27.0,"turns":4.0},{"damage":19.0,"enemies":"Centurion and Healer","floor":28.0,"turns":3.0},{"damage":10.0,"enemies":"Snake Plant","floor":31.0,"turns":3.0},{"damage":67.0,"enemies":"Collector","floor":33.0,"turns":6.0},{"damage":14.0,"enemies":"3 Shapes","floor":35.0,"turns":2.0},{"damage":0.0,"enemies":"Orb Walker","floor":38.0,"turns":1.0},{"damage":29.0,"enemies":"3 Darklings","floor":41.0,"turns":2.0},{"damage":26.0,"enemies":"4 Shapes","floor":46.0,"turns":2.0},{"damage":10.0,"enemies":"Maw","floor":47.0,"turns":3.0},{"damage":0.0,"enemies":"3 Darklings","floor":48.0,"turns":1.0},{"damage":92,"enemies":"Awakened One","floor":50,"turns":6}],"event_choices":[{"event_name":"The Cleric","player_choice":"Leave","floor":4.0,"damage_taken":0.0},{"event_name":"The Library","player_choice":"Read","floor":20.0,"damage_taken":0.0},{"event_name":"The Woman in Blue","player_choice":"Bought 3 Potions","floor":21.0,"damage_taken":0.0},{"event_name":"Tomb of Lord Red Mask","player_choice":"Ignored","floor":36.0,"damage_taken":0.0},{"event_name":"Upgrade Shrine","player_choice":"Upgraded","floor":39.0,"damage_taken":0.0}],"boss_relics":[],"potions_floor_spawned":[5,7,10,27,38,41,46],"seed_played":"4994339224992441092","ascension_level":15,"is_trial":false}