{"gold_per_floor":[359,377,7,7,21,21,21,55,55,71,71,71,71,94,94,218,218,241,265,265,306,319,319,88,88,88,187,228,128,148,72,72,202,202,225,241,265,283,283,283],"floor_reached":40,"playtime":1477,"items_purged":["Strike_B","Strike_B"],"score":679,"play_id":"cd3e7b81-d224-469d-8118-dbd03a7dbf1c","local_time":"20180916231704","is_ascension_mode":true,"campfire_choices":[{"data":"Zap","floor":7,"key":"SMITH"},{"floor":13,"key":"REST"},{"data":"Coolheaded","floor":15,"key":"SMITH"},{"data":"Scrape","floor":23,"key":"SMITH"},{"floor":25,"key":"REST"},{"data":"Dualcast","floor":32,"key":"SMITH"}],"neow_cost":"PERCENT_DAMAGE","seed_source_timestamp":161421543753698,"circlet_count":0,"master_deck":["Strike_B","Defend_B","Defend_B","Defend_B","Defend_B","Zap+1","Dualcast+1","AscendersBane","Coolheaded+1","Gash","Self Repair+1","Loop+1","Self Repair+1","Gash","Self Repair+1","Creative AI+1","Scrape+1","Conserve Battery+1","Capacitor+1","Storm+1","Self Repair+1","Defragment+1","Storm+1","Capacitor+1","Echo Form+1","Tempest"],"relics":["Cracked Core","Frozen Egg 2","Golden Idol","Shuriken","Mummified Hand","Bag of Preparation","Nuclear Battery","Red Mask","DollysMirror","Darkstone Periapt","Ornamental Fan","Busted Crown"],"potions_floor_usage":[16,33,38],"damage_taken":[{"damage":1,"enemies":"Cultist","floor":1,"turns":3},{"damage":7,"enemies":"Jaw Worm","floor":2,"turns":5},{"damage":3,"enemies":"Small Slimes","floor":5,"turns":3},{"damage":36,"enemies":"Lagavulin","floor":8,"turns":7},{"damage":7,"enemies":"Looter","floor":10,"turns":3},{"damage":3,"enemies":"Blue Slaver","floor":14,"turns":3},{"damage":62,"enemies":"Hexaghost","floor":16,"turns":11},{"damage":6,"enemies":"Chosen","floor":18,"turns":6},{"damage":42,"enemies":"3 Byrds","floor":19,"turns":6},{"damage":60,"enemies":"Masked Bandits","floor":21,"turns":5},{"damage":17,"enemies":"Snake Plant","floor":22,"turns":3},{"damage":29,"enemies":"Slavers","floor":28,"turns":4},{"damage":4,"enemies":"Shelled Parasite and Fungi","floor":30,"turns":3},{"damage":31,"enemies":"Champ","floor":33,"turns":5},{"damage":31,"enemies":"3 Darklings","floor":35,"turns":3},{"damage":1,"enemies":"3 Shapes","floor":36,"turns":2},{"damage":39,"enemies":"3 Darklings","floor":37,"turns":3},{"damage":13,"enemies":"Spire Growth","floor":38,"turns":4},{"damage":90,"enemies":"Donu and Deca","floor":40,"turns":4}],"seed_played":"7371541621542153906","potions_obtained":[{"floor":8,"key":"SmokeBomb"},{"floor":10,"key":"Explosive Potion"},{"floor":16,"key":"Ancient Potion"},{"floor":28,"key":"PowerPotion"},{"floor":37,"key":"Poison Potion"},{"floor":38,"key":"FearPotion"}],"is_trial":false,"path_per_floor":["M","M","$","?","M","?","R","E","T","M","?","?","R","M","R","B",null,"M","M","?","?","M","R","$","R","T","?","E","$","M","$","R","B",null,"M","M","M","M","?"],"character_chosen":"DEFECT","items_purchased":["Frozen Egg 2","Self Repair+1","Defragment+1","DollysMirror","Capacitor+1"],"campfire_rested":2,"item_purchase_floors":[3,3,24,24,31],"current_hp_per_floor":[49,42,42,67,74,56,56,30,30,43,36,24,46,63,63,31,64,75,63,63,33,36,36,36,58,58,58,59,59,75,75,75,75,75,74,75,66,73,73,0],"gold":283,"neow_bonus":"TWO_FIFTY_GOLD","is_prod":false,"is_daily":false,"chose_seed":false,"campfire_upgraded":4,"win_rate":0,"timestamp":1537132624,"path_taken":["M","?","$","?","M","?","R","E","T","?","?","?","R","?","R","BOSS","M","M","?","?","?","R","$","R","T","?","E","$","?","?","R","BOSS","M","?","M","?","?","BOSS"],"build_version":"2018-09-06","purchased_purges":2,"victory":false,"max_hp_per_floor":[75,75,75,75,75,75,75,75,75,75,75,75,75,75,75,75,75,75,75,75,75,75,75,75,75,75,75,75,75,75,75,75,75,75,75,75,75,75,75,75],"card_choices":[{"not_picked":["Cold Snap","Barrage"],"picked":"Coolheaded","floor":1},{"not_picked":["Steam Power","Turbo"],"picked":"Gash","floor":2},{"not_picked":["Redo","Barrage"],"picked":"Loop+1","floor":5},{"not_picked":["Leap","Hello World+1"],"picked":"Self Repair+1","floor":8},{"not_picked":["Biased Cognition+1","Skim"],"picked":"Gash","floor":10},{"not_picked":["Doom and Gloom","Leap"],"picked":"Self Repair+1","floor":14},{"not_picked":["Thunder Strike","Hyperbeam"],"picked":"Creative AI+1","floor":16},{"not_picked":["Hologram","Redo"],"picked":"Scrape","floor":18},{"not_picked":["Rebound","Cold Snap"],"picked":"Conserve Battery+1","floor":19},{"not_picked":["Blizzard","Scrape"],"picked":"Storm+1","floor":21},{"not_picked":["Darkness+1","Gash+1"],"picked":"Self Repair+1","floor":22},{"not_picked":["Conserve Battery","Melter","Undo"],"picked":"SKIP","floor":28},{"not_picked":["Steam","Streamline","Turbo"],"picked":"SKIP","floor":30},{"not_picked":["Creative AI+1","Meteor Strike"],"picked":"Echo Form+1","floor":33},{"not_picked":[],"picked":"Tempest","floor":35},{"not_picked":["Hologram"],"picked":"SKIP","floor":36},{"not_picked":["Turbo+1"],"picked":"SKIP","floor":37},{"not_picked":["Steam+1"],"picked":"SKIP","floor":38}],"player_experience":616803,"relics_obtained":[{"floor":8,"key":"Shuriken"},{"floor":9,"key":"Mummified Hand"},{"floor":21,"key":"Red Mask"},{"floor":26,"key":"Darkstone Periapt"},{"floor":28,"key":"Ornamental Fan"}],"event_choices":[{"event_name":"Big Fish","player_choice":"Banana","floor":4,"damage_taken":0},{"event_name":"Golden Idol","player_choice":"Take Damage","floor":6,"damage_taken":0},{"event_name":"Golden Wing","player_choice":"Card Removal","floor":11,"damage_taken":0},{"event_name":"Scrap Ooze","player_choice":"success","floor":12,"damage_taken":12},{"event_name":"The Library","player_choice":"Read","floor":20,"damage_taken":0},{"event_name":"Masked Bandits","player_choice":"Fought Bandits","floor":21,"damage_taken":0},{"event_name":"Nest","player_choice":"Stole From Cult","floor":27,"damage_taken":0},{"event_name":"SecretPortal","player_choice":"Took Portal.","floor":39,"damage_taken":0}],"is_beta":false,"boss_relics":[{"not_picked":["Philosopher\u0027s Stone","Fusion Hammer"],"picked":"Nuclear Battery"},{"not_picked":["Cursed Key","Tiny House"],"picked":"Busted Crown"}],"items_purged_floors":[3,29],"is_endless":false,"potions_floor_spawned":[8,10,16,19,22,28,37,38],"killed_by":"Donu and Deca","ascension_level":11}