{"gold_per_floor":[18,18,18,36,52,52,77,77,100,100,111,32,51,70,70,70],"floor_reached":16,"playtime":365,"items_purged":[],"score":204,"play_id":"97ae4d80-1ed7-476b-be26-eb455d18bbee","local_time":"20190326152506","is_ascension_mode":true,"campfire_choices":[{"data":"Loop","floor":6,"key":"SMITH"},{"floor":8,"key":"REST"},{"data":"Dualcast","floor":10,"key":"SMITH"},{"data":"Static Discharge","floor":15,"key":"SMITH"}],"neow_cost":"NO_GOLD","seed_source_timestamp":93621145253573,"circlet_count":0,"master_deck":["AscendersBane","Strike_B","Strike_B","Strike_B","Defend_B","Defend_B","Defend_B","Zap","Dualcast+1","Doom and Gloom","Barrage","Defragment+1","BootSequence","Loop+1","Steam","Static Discharge+1","Static Discharge","Hologram"],"relics":["Cracked Core","Centennial Puzzle","Orichalcum"],"potions_floor_usage":[7,13],"damage_taken":[{"damage":9,"enemies":"Jaw Worm","floor":1,"turns":4},{"damage":1,"enemies":"Cultist","floor":4,"turns":3},{"damage":7,"enemies":"Small Slimes","floor":5,"turns":3},{"damage":25,"enemies":"Lagavulin","floor":7,"turns":5},{"damage":8,"enemies":"Blue Slaver","floor":11,"turns":3},{"damage":10,"enemies":"Exordium Thugs","floor":13,"turns":4},{"damage":16,"enemies":"2 Fungi Beasts","floor":14,"turns":2},{"damage":32,"enemies":"Slime Boss","floor":16,"turns":3}],"seed_played":"7566878158777477267","potions_obtained":[{"floor":1,"key":"SpeedPotion"},{"floor":11,"key":"Regen Potion"}],"is_trial":false,"path_per_floor":["M","?","$","M","M","R","E","R","T","R","M","$","M","M","R","B"],"character_chosen":"DEFECT","items_purchased":["Static Discharge"],"campfire_rested":1,"item_purchase_floors":[12],"current_hp_per_floor":[55,55,55,54,47,47,22,43,43,43,35,35,37,21,21,0],"gold":70,"neow_bonus":"TRANSFORM_TWO_CARDS","is_prod":false,"is_daily":false,"chose_seed":false,"campfire_upgraded":3,"win_rate":0,"timestamp":1553628306,"path_taken":["M","?","$","?","?","R","E","R","T","R","M","?","M","M","R","BOSS"],"build_version":"2019-01-23","purchased_purges":0,"victory":false,"max_hp_per_floor":[71,71,71,71,71,71,71,71,71,71,71,71,71,71,71,71],"card_choices":[{"not_picked":["Lockon","Turbo"],"picked":"Defragment","floor":1},{"not_picked":["Stack","Barrage"],"picked":"BootSequence","floor":4},{"not_picked":["Stack","Rebound"],"picked":"Loop","floor":5},{"not_picked":["Doom and Gloom","Aggregate"],"picked":"Steam","floor":7},{"not_picked":["Lockon","Gash","Stack"],"picked":"SKIP","floor":11},{"not_picked":["Rebound","Conserve Battery"],"picked":"Static Discharge","floor":13},{"not_picked":["Scrape","Lockon"],"picked":"Hologram","floor":14}],"player_experience":880209,"relics_obtained":[{"floor":7,"key":"Centennial Puzzle"},{"floor":9,"key":"Orichalcum"}],"event_choices":[{"damage_healed":0,"gold_gain":0,"player_choice":"Forge","damage_taken":0,"max_hp_gain":0,"max_hp_loss":0,"event_name":"Accursed Blacksmith","floor":2,"gold_loss":0,"cards_upgraded":["Defragment"]}],"is_beta":false,"boss_relics":[],"items_purged_floors":[],"is_endless":false,"potions_floor_spawned":[1,11],"killed_by":"Slime Boss","ascension_level":20}