{"gold_per_floor":[119,194,214,230,241,241,241,273,354,354,375,388,388,176,176,274,274,298,146,187,59,77,77,143,143,221,221,221,262,262,282,282,376,376,394,669,217,217,241,241,257,295,295,77,410,410,426,456,456,456],"floor_reached":51,"playtime":3174,"items_purged":["Injury","Regret","Shame"],"score":1284,"play_id":"03ff278c-064b-4c44-b5ec-3e6e3485c223","local_time":"20180926091630","is_ascension_mode":true,"campfire_choices":[{"floor":6.0,"key":"REST"},{"floor":15.0,"key":"REST"},{"floor":23.0,"key":"REST"},{"floor":25.0,"key":"REST"},{"data":"Creative AI","floor":28.0,"key":"SMITH"},{"data":"Sunder","floor":32.0,"key":"SMITH"},{"data":"Amplify","floor":40.0,"key":"SMITH"},{"data":"Mind Blast","floor":46.0,"key":"SMITH"},{"floor":49.0,"key":"REST"}],"neow_cost":"","seed_source_timestamp":0,"circlet_count":0,"master_deck":["Defend_B","Defend_B","Defend_B","Zap","Dualcast","AscendersBane","White Noise+1","Glacier","Self Repair","Defragment+1","Creative AI+1","Multi-Cast","Barrage+1","Defragment","Glacier","Turbo+1","Clumsy","Bite","Bite","Bite","Bite","Leap","Machine Learning","Discovery","Sunder+1","Amplify+1","Coolheaded+1","Mind Blast+1","BootSequence"],"special_seed":0,"relics":["Cracked Core","GremlinMask","Turnip","Kunai","Cursed Key","Whetstone","Red Mask","Tiny Chest","Darkstone Periapt","Dead Branch","Snecko Eye","MealTicket","Bag of Preparation","Cables","Omamori","War Paint"],"potions_floor_usage":[50,50],"damage_taken":[{"damage":4.0,"enemies":"Jaw Worm","floor":1.0,"turns":4.0},{"damage":8.0,"enemies":"Small Slimes","floor":3.0,"turns":3.0},{"damage":14.0,"enemies":"2 Louse","floor":4.0,"turns":2.0},{"damage":18.0,"enemies":"Lots of Slimes","floor":5.0,"turns":6.0},{"damage":11.0,"enemies":"3 Sentries","floor":8.0,"turns":5.0},{"damage":15.0,"enemies":"Exordium Wildlife","floor":11.0,"turns":5.0},{"damage":3.0,"enemies":"Large Slime","floor":12.0,"turns":6.0},{"damage":33.0,"enemies":"The Guardian","floor":16.0,"turns":14.0},{"damage":3.0,"enemies":"Chosen","floor":18.0,"turns":7.0},{"damage":55.0,"enemies":"Masked Bandits","floor":20.0,"turns":6.0},{"damage":6.0,"enemies":"Shell Parasite","floor":22.0,"turns":7.0},{"damage":37.0,"enemies":"Gremlin Leader","floor":24.0,"turns":6.0},{"damage":19.0,"enemies":"Slavers","floor":29.0,"turns":9.0},{"damage":0.0,"enemies":"Cultist and Chosen","floor":31.0,"turns":5.0},{"damage":12.0,"enemies":"Automaton","floor":33.0,"turns":7.0},{"damage":0.0,"enemies":"3 Shapes","floor":35.0,"turns":3.0},{"damage":13.0,"enemies":"3 Darklings","floor":39.0,"turns":8.0},{"damage":15.0,"enemies":"Transient","floor":41.0,"turns":5.0},{"damage":4.0,"enemies":"Giant Head","floor":42.0,"turns":8.0},{"damage":13.0,"enemies":"Spire Growth","floor":47.0,"turns":7.0},{"damage":52.0,"enemies":"2 Orb Walkers","floor":48.0,"turns":6.0},{"damage":19,"enemies":"Awakened One","floor":50,"turns":13}],"seed_played":"-2015659554472921593","potions_obtained":[{"floor":1.0,"key":"Regen Potion"},{"floor":3.0,"key":"Ancient Potion"},{"floor":8.0,"key":"GamblersBrew"},{"floor":11.0,"key":"SkillPotion"},{"floor":18.0,"key":"GamblersBrew"},{"floor":20.0,"key":"SkillPotion"},{"floor":29.0,"key":"Weak Potion"},{"floor":39.0,"key":"FearPotion"},{"floor":41.0,"key":"SkillPotion"},{"floor":42.0,"key":"Dexterity Potion"},{"floor":48.0,"key":"EssenceOfSteel"}],"is_trial":false,"path_per_floor":["M","?","M","M","M","R","?","E","T","?","M","M","?","$","R","B",null,"M","$","?","$","M","R","E","R","T","?","R","E","?","M","R","B",null,"M","?","$","?","M","R","M","E","T","$","?","R","M","E","R","B"],"character_chosen":"DEFECT","items_purchased":["Creative AI","Whetstone","Glacier","PowerPotion","MealTicket","Bag of Preparation","Mind Blast"],"campfire_rested":5,"item_purchase_floors":[14,19,21,21,37,37,44],"current_hp_per_floor":[60,49,41,27,24,45,45,34,34,34,33,37,37,37,58,39,63,67,67,19,19,27,48,11,32,32,32,32,30,30,41,41,49,49,49,55,55,55,55,55,55,55,61,61,61,61,61,22,40,56],"gold":456,"neow_bonus":"","is_prod":false,"is_daily":false,"chose_seed":false,"campfire_upgraded":4,"win_rate":0,"timestamp":1537967790,"path_taken":["M","?","M","M","M","R","?","E","T","?","M","?","?","$","R","BOSS","M","$","?","$","M","R","E","R","T","?","R","E","?","M","R","BOSS","M","?","$","?","M","R","M","E","T","$","?","R","M","E","R","BOSS"],"build_version":"2018-09-20","purchased_purges":3,"victory":true,"max_hp_per_floor":[71,71,71,71,71,71,71,71,71,71,71,71,71,71,71,71,71,71,71,71,71,71,71,71,71,71,49,49,49,49,49,49,49,49,49,55,55,55,55,55,55,55,61,61,61,61,61,61,61,61],"card_choices":[{"not_picked":["Hologram","Aggregate"],"picked":"Capacitor","floor":1.0},{"not_picked":["Barrage","Leap"],"picked":"White Noise","floor":3.0},{"not_picked":["Barrage","Tempest"],"picked":"Glacier","floor":4.0},{"not_picked":["Blizzard","Scrape","Compile Driver"],"picked":"SKIP","floor":5.0},{"not_picked":["Beam Cell","Force Field"],"picked":"Self Repair","floor":8.0},{"not_picked":["Gash","Redo"],"picked":"Beam Cell","floor":11.0},{"not_picked":["Force Field","Heatsinks"],"picked":"Defragment","floor":12.0},{"not_picked":["Seek","Buffer"],"picked":"Multi-Cast","floor":16.0},{"not_picked":["Tempest","Self Repair+1"],"picked":"Barrage","floor":18.0},{"not_picked":["Loop","Coolheaded"],"picked":"Defragment","floor":20.0},{"not_picked":["Self Repair+1","Defragment"],"picked":"Turbo","floor":22.0},{"not_picked":["Turbo","Tempest","Coolheaded"],"picked":"SKIP","floor":24.0},{"not_picked":["Barrage","Hologram"],"picked":"Leap","floor":29.0},{"not_picked":["Darkness","Defragment","Rip and Tear"],"picked":"SKIP","floor":31.0},{"not_picked":["Rainbow","All For One"],"picked":"Amplify","floor":33.0},{"not_picked":["FTL","Turbo+1","Capacitor+1"],"picked":"SKIP","floor":35.0},{"not_picked":["Double Energy","Turbo","Go for the Eyes"],"picked":"SKIP","floor":39.0},{"not_picked":["Recycle","Compile Driver+1"],"picked":"Coolheaded+1","floor":41.0},{"not_picked":["Steam Power","Static Discharge","Compile Driver+1"],"picked":"SKIP","floor":42.0},{"not_picked":["Streamline","Compile Driver+1","Sweeping Beam"],"picked":"SKIP","floor":47.0},{"not_picked":["Lockon","Cold Snap"],"picked":"BootSequence","floor":48.0}],"player_experience":584915,"relics_obtained":[{"floor":8.0,"key":"Turnip"},{"floor":9.0,"key":"Kunai"},{"floor":20.0,"key":"Red Mask"},{"floor":24.0,"key":"Tiny Chest"},{"floor":26.0,"key":"Darkstone Periapt"},{"floor":29.0,"key":"Dead Branch"},{"floor":42.0,"key":"Cables"},{"floor":43.0,"key":"Omamori"},{"floor":48.0,"key":"War Paint"}],"event_choices":[{"event_name":"World of Goop","player_choice":"Gather Gold","floor":2.0,"damage_taken":0.0},{"event_name":"FaceTrader","player_choice":"Trade","floor":7.0,"damage_taken":0.0},{"event_name":"Golden Idol","player_choice":"Take Wound","floor":10.0,"damage_taken":0.0},{"event_name":"Living Wall","player_choice":"Grow","floor":13.0,"damage_taken":0.0},{"event_name":"Masked Bandits","player_choice":"Fought Bandits","floor":20.0,"damage_taken":0.0},{"event_name":"Vampires","player_choice":"Became a vampire","floor":27.0,"damage_taken":0.0},{"event_name":"Drug Dealer","player_choice":"Became Test Subject","floor":30.0,"damage_taken":0.0},{"event_name":"Golden Shrine","player_choice":"Desecrate","floor":36.0,"damage_taken":0.0},{"event_name":"Falling","player_choice":"Removed Skill","floor":38.0,"damage_taken":0.0},{"event_name":"The Moai Head","player_choice":"Gave Idol","floor":45.0,"damage_taken":0.0}],"is_beta":false,"boss_relics":[{"not_picked":["Runic Pyramid","Astrolabe"],"picked":"Cursed Key"},{"not_picked":["Fusion Hammer","Inserter"],"picked":"Snecko Eye"}],"items_purged_floors":[14,37,44],"is_endless":false,"potions_floor_spawned":[1,3,8,11,18,20,29,39,41,42,48],"ascension_level":15}