{"path_per_floor":["M","M","$","?","M","R","E","R","T","M","M","$","M","M","R","B",null,"M","?","M","M","?","R","?","M","T","R","E","R","E","M","R","B",null,"M","$","?","$","?","R","E"],"character_chosen":"DEFECT","items_purchased":["FTL"],"gold_per_floor":[118,137,25,25,36,36,61,61,61,81,101,1,12,22,22,117,117,128,128,142,152,77,77,77,90,90,90,125,125,150,162,162,262,262,278,153,153,3,55,55,81,81],"floor_reached":42,"campfire_rested":4,"playtime":1500,"item_purchase_floors":[3],"current_hp_per_floor":[67,67,67,67,67,67,37,37,37,37,29,29,22,22,44,29,75,61,61,53,16,16,38,38,33,33,33,16,38,41,42,42,25,75,75,75,75,75,50,72,16,0],"items_purged":["Strike_B","Defend_B","Strike_B","Strike_B"],"gold":81,"score":559,"play_id":"21dd4d60-93f4-48be-ac8f-cf077e674dc5","local_time":"20180616233725","is_prod":false,"is_daily":false,"chose_seed":false,"is_ascension_mode":true,"campfire_upgraded":4,"win_rate":0,"timestamp":1529163445,"campfire_choices":[{"data":"Defragment","floor":6,"key":"SMITH"},{"data":"Storm","floor":8,"key":"SMITH"},{"floor":15,"key":"REST"},{"floor":23,"key":"REST"},{"data":"Creative AI","floor":27,"key":"SMITH"},{"floor":29,"key":"REST"},{"data":"Chaos","floor":32,"key":"SMITH"},{"floor":40,"key":"REST"}],"path_taken":["M","M","$","?","M","R","E","R","T","?","M","?","M","M","R","BOSS","M","?","?","M","?","R","?","M","T","R","E","R","E","M","R","BOSS","M","$","?","?","?","R","E","M"],"build_version":"2018-06-14v2","seed_source_timestamp":28851212426840,"purchased_purges":4,"victory":false,"master_deck":["Defend_B","Defend_B","Defend_B","Zap","Dualcast","BootSequence","Defragment+1","FTL","Storm+1","Tempest","Chaos+1","White Noise","Creative AI+1","Self Repair","Core Surge","Electrodynamics","Loop+1","Undo+1"],"max_hp_per_floor":[75,75,75,75,75,75,75,75,75,75,75,75,75,75,75,75,75,75,75,75,75,75,75,75,75,75,75,75,75,75,75,75,75,75,75,75,75,75,75,75,75,75],"relics":["Cracked Core","Mercury Hourglass","Art of War","Velvet Choker","Turnip","Oddly Smooth Stone","Gambling Chip","Runic Dome","Emotion Chip","Dead Branch","Boot"],"card_choices":[{"not_picked":["Barrage","Ball Lightning"],"picked":"BootSequence","floor":1},{"not_picked":["Rip and Tear","Compile Driver"],"picked":"Defragment","floor":2},{"not_picked":["Ball Lightning","Recycle","Turbo"],"picked":"SKIP","floor":5},{"not_picked":["Stack","Scrape"],"picked":"Storm","floor":7},{"not_picked":["Conserve Battery","Fusion"],"picked":"Tempest","floor":10},{"not_picked":["Capacitor","Go for the Eyes"],"picked":"Chaos","floor":11},{"not_picked":["Coolheaded","Ball Lightning","Reinforced Body"],"picked":"SKIP","floor":13},{"not_picked":["Redo","Chill"],"picked":"White Noise","floor":14},{"not_picked":["Buffer","Echo Form"],"picked":"Creative AI","floor":16},{"not_picked":["Go for the Eyes","Redo+1","Hologram"],"picked":"SKIP","floor":18},{"not_picked":["Redo","Streamline+1","Tempest+1"],"picked":"SKIP","floor":20},{"not_picked":["Recycle","Ball Lightning","Coolheaded"],"picked":"SKIP","floor":21},{"not_picked":["Coolheaded","Go for the Eyes","Streamline"],"picked":"SKIP","floor":25},{"not_picked":["Hologram","Stack","Fusion+1"],"picked":"SKIP","floor":28},{"not_picked":["Reinforced Body","Go for the Eyes"],"picked":"Core Surge","floor":30},{"not_picked":["Barrage","Stack","Fusion"],"picked":"SKIP","floor":31},{"not_picked":["Reboot","Seek"],"picked":"Electrodynamics","floor":33},{"not_picked":["Recycle","Turbo+1"],"picked":"Loop+1","floor":35},{"not_picked":["Beam Cell","Conserve Battery+1"],"picked":"Undo+1","floor":39},{"not_picked":["Conserve Battery+1","Turbo+1","Self Repair+1"],"picked":"SKIP","floor":41}],"player_experience":260142,"potions_floor_usage":[16,16,28,28,33,41],"damage_taken":[{"damage":8,"enemies":"Jaw Worm","floor":1,"turns":4},{"damage":0,"enemies":"Cultist","floor":2,"turns":4},{"damage":0,"enemies":"Small Slimes","floor":5,"turns":3},{"damage":30,"enemies":"Lagavulin","floor":7,"turns":5},{"damage":0,"enemies":"3 Louse","floor":10,"turns":2},{"damage":8,"enemies":"Blue Slaver","floor":11,"turns":3},{"damage":7,"enemies":"Exordium Wildlife","floor":13,"turns":3},{"damage":0,"enemies":"2 Fungi Beasts","floor":14,"turns":2},{"damage":15,"enemies":"Hexaghost","floor":16,"turns":7},{"damage":14,"enemies":"Shell Parasite","floor":18,"turns":3},{"damage":15,"enemies":"Chosen","floor":20,"turns":4},{"damage":37,"enemies":"Snecko","floor":21,"turns":4},{"damage":12,"enemies":"Centurion and Healer","floor":25,"turns":3},{"damage":24,"enemies":"Slavers","floor":28,"turns":3},{"damage":4,"enemies":"Gremlin Leader","floor":30,"turns":6},{"damage":6,"enemies":"Cultist and Chosen","floor":31,"turns":4},{"damage":24,"enemies":"Collector","floor":33,"turns":6},{"damage":0,"enemies":"3 Shapes","floor":35,"turns":1},{"damage":0,"floor":37,"turns":3},{"damage":25,"floor":39,"turns":2},{"damage":63,"enemies":"Nemesis","floor":41,"turns":5},{"damage":20,"enemies":"3 Darklings","floor":42,"turns":1}],"relics_obtained":[{"floor":7,"key":"Mercury Hourglass"},{"floor":9,"key":"Art of War"},{"floor":26,"key":"Turnip"},{"floor":28,"key":"Oddly Smooth Stone"},{"floor":30,"key":"Gambling Chip"},{"floor":37,"key":"Emotion Chip"},{"floor":39,"key":"Dead Branch"},{"floor":41,"key":"Boot"}],"event_choices":[{"event_name":"The Cleric","player_choice":"Leave","floor":4,"damage_taken":0},{"event_name":"Match and Keep!","player_choice":"1 cards matched","floor":19,"damage_taken":0},{"event_name":"Beggar","player_choice":"Gave Gold","floor":22,"damage_taken":0},{"event_name":"Ghosts","player_choice":"Ignored","floor":24,"damage_taken":0},{"event_name":"MindBloom","player_choice":"Fight","floor":37,"damage_taken":0},{"event_name":"Mysterious Sphere","player_choice":"Fight","floor":39,"damage_taken":0}],"boss_relics":[{"not_picked":["Empty Cage","Tiny House"],"picked":"Velvet Choker"},{"not_picked":["Nuclear Battery","Calling Bell"],"picked":"Runic Dome"}],"items_purged_floors":[3,12,36,38],"is_endless":false,"potions_floor_spawned":[7,13,14,20,28,30,33,35,37],"seed_played":"-5053762280172279181","killed_by":"3 Darklings","ascension_level":4,"potions_obtained":[{"floor":7,"key":"FearPotion"},{"floor":13,"key":"AttackPotion"},{"floor":14,"key":"Explosive Potion"},{"floor":20,"key":"PowerPotion"},{"floor":28,"key":"LiquidBronze"},{"floor":30,"key":"EssenceOfSteel"},{"floor":33,"key":"SteroidPotion"},{"floor":35,"key":"FearPotion"},{"floor":37,"key":"Fire Potion"}],"is_trial":false}