{"gold_per_floor":[111,111,111,61,77,106,118,68,68,86,86,86,36,60,60,60],"floor_reached":16,"playtime":357,"items_purged":["Strike_B","Defend_B"],"score":100,"play_id":"0575a712-992a-480c-8144-e64414908e36","local_time":"20180808183859","is_ascension_mode":false,"campfire_choices":[{"floor":11,"key":"REST"},{"floor":15,"key":"REST"}],"neow_cost":"NONE","seed_source_timestamp":150927050519794,"circlet_count":0,"master_deck":["Strike_B","Strike_B","Strike_B","Defend_B","Defend_B","Zap","Dualcast","Injury","Clumsy","Darkness","Hologram","FTL","Beam Cell","Injury","Go for the Eyes"],"relics":["Calling Bell","DataDisk","Smiling Mask","Du-Vu Doll","Mercury Hourglass","Meat on the Bone","Golden Idol"],"potions_floor_usage":[],"damage_taken":[{"damage":2,"enemies":"2 Louse","floor":1,"turns":3},{"damage":6,"enemies":"Cultist","floor":5,"turns":3},{"damage":38,"enemies":"3 Sentries","floor":6,"turns":7},{"damage":8,"enemies":"Jaw Worm","floor":7,"turns":2},{"damage":4,"enemies":"Blue Slaver","floor":10,"turns":4},{"damage":5,"enemies":"Looter","floor":14,"turns":2},{"damage":0,"enemies":"Slime Boss","floor":16,"turns":1}],"seed_played":"4829167797480408325","potions_obtained":[{"floor":10,"key":"Block Potion"},{"floor":14,"key":"SpeedPotion"}],"is_trial":false,"path_per_floor":["M","?","?","?","M","E","M","$","T","M","R","?","$","M","R"],"character_chosen":"DEFECT","items_purchased":[],"campfire_rested":2,"item_purchase_floors":[],"current_hp_per_floor":[73,73,66,66,60,22,14,14,14,22,44,44,44,39,61,61],"gold":60,"neow_bonus":"BOSS_RELIC","is_prod":false,"is_daily":false,"chose_seed":false,"campfire_upgraded":0,"win_rate":0,"timestamp":1533724739,"path_taken":["M","?","?","?","M","E","M","$","T","M","R","?","$","M","R","BOSS"],"build_version":"2018-08-02","purchased_purges":2,"victory":false,"max_hp_per_floor":[75,75,75,75,75,75,75,75,75,75,75,75,75,75,75,75],"card_choices":[{"not_picked":["Doom and Gloom","Defragment"],"picked":"Darkness","floor":1},{"not_picked":["Coolheaded","Steam","Steam Power"],"picked":"SKIP","floor":5},{"not_picked":["Heatsinks","Force Field"],"picked":"Hologram","floor":6},{"not_picked":["Buffer","Leap"],"picked":"FTL","floor":7},{"not_picked":["Doom and Gloom","FTL"],"picked":"Beam Cell","floor":10},{"not_picked":["Consume","Sweeping Beam"],"picked":"Go for the Eyes","floor":14}],"player_experience":331959,"relics_obtained":[{"floor":0,"key":"DataDisk"},{"floor":0,"key":"Smiling Mask"},{"floor":0,"key":"Du-Vu Doll"},{"floor":6,"key":"Mercury Hourglass"},{"floor":9,"key":"Meat on the Bone"}],"event_choices":[{"event_name":"Transmorgrifier","player_choice":"Transform","floor":2,"damage_taken":0},{"event_name":"Golden Wing","player_choice":"Card Removal","floor":3,"damage_taken":0},{"event_name":"The Cleric","player_choice":"Card Removal","floor":4,"damage_taken":0},{"event_name":"Golden Idol","player_choice":"Take Wound","floor":12,"damage_taken":0}],"is_beta":false,"boss_relics":[],"items_purged_floors":[8,13],"is_endless":false,"potions_floor_spawned":[10,14],"killed_by":"Slime Boss","ascension_level":0}