{"gold_per_floor":[110,110,110,122,297,332,282,314,371,371,381,106,124,159,159,159],"floor_reached":16,"playtime":1163,"items_purged":[],"score":150,"play_id":"4528f467-4daf-4d58-837d-53d9bb05122d","local_time":"20190410204224","is_ascension_mode":true,"campfire_choices":[{"data":"Feed","floor":10.0,"key":"SMITH"},{"data":"Cleave","floor":15,"key":"SMITH"}],"neow_cost":"NONE","seed_source_timestamp":0,"circlet_count":0,"master_deck":["Strike_R","Strike_R","Strike_R","Strike_R","Strike_R","Defend_R","Defend_R","Defend_R","Defend_R","Bash","Reckless Charge","Heavy Blade","Disarm","Cleave+1","Pommel Strike","Feed+1","Headbutt","Shrug It Off+1","Power Through+1","Limit Break+1"],"special_seed":0,"relics":["Burning Blood","NeowsBlessing","Mummified Hand","Bag of Marbles","Dream Catcher","Tiny Chest","Toxic Egg 2","Omamori"],"potions_floor_usage":[16],"damage_taken":[{"damage":0.0,"enemies":"Cultist","floor":1.0,"turns":1.0},{"damage":0.0,"enemies":"2 Louse","floor":4.0,"turns":1.0},{"damage":0.0,"enemies":"3 Sentries","floor":6.0,"turns":2.0},{"damage":33.0,"enemies":"Lagavulin","floor":8.0,"turns":6.0},{"damage":10.0,"enemies":"Small Slimes","floor":11.0,"turns":3.0},{"damage":3.0,"enemies":"Looter","floor":13.0,"turns":3.0},{"damage":16.0,"enemies":"Gremlin Nob","floor":14.0,"turns":4.0},{"damage":63,"enemies":"Slime Boss","floor":16,"turns":15}],"seed_played":"-2287680819834082725","potions_obtained":[{"floor":4.0,"key":"BloodPotion"},{"floor":6.0,"key":"Block Potion"},{"floor":14.0,"key":"SpeedPotion"}],"is_trial":false,"path_per_floor":["M","T","?","M","?","E","?","E","T","R","M","$","M","E","R","B"],"character_chosen":"IRONCLAD","items_purchased":["Toxic Egg 2","Shrug It Off+1"],"campfire_rested":0,"item_purchase_floors":[12,12],"current_hp_per_floor":[80,80,80,80,80,80,80,61,61,61,61,61,68,58,58,0],"gold":159,"neow_bonus":"THREE_ENEMY_KILL","is_prod":false,"is_daily":false,"chose_seed":false,"campfire_upgraded":2,"win_rate":0,"timestamp":1554954144,"path_taken":["M","?","?","?","?","E","?","E","T","R","M","$","M","E","R","BOSS"],"build_version":"2019-01-23","purchased_purges":0,"victory":false,"max_hp_per_floor":[80,80,80,80,80,80,80,80,80,80,84,84,88,88,88,88],"card_choices":[{"not_picked":["Warcry","Flex"],"picked":"Reckless Charge","floor":1.0},{"not_picked":["Anger","Perfected Strike"],"picked":"Cleave","floor":4.0},{"not_picked":["Clothesline","Havoc"],"picked":"Pommel Strike","floor":6.0},{"not_picked":["Shrug It Off","Headbutt"],"picked":"Feed","floor":8.0},{"not_picked":["Reckless Charge","True Grit"],"picked":"Headbutt","floor":11.0},{"not_picked":["Sword Boomerang","Iron Wave"],"picked":"Power Through+1","floor":13.0},{"not_picked":["Pommel Strike","Warcry+1"],"picked":"Limit Break+1","floor":14.0}],"player_experience":547690,"relics_obtained":[{"floor":2.0,"key":"Mummified Hand"},{"floor":6.0,"key":"Bag of Marbles"},{"floor":8.0,"key":"Dream Catcher"},{"floor":9.0,"key":"Tiny Chest"},{"floor":14.0,"key":"Omamori"}],"event_choices":[{"damage_healed":0.0,"max_hp_gain":0.0,"max_hp_loss":0.0,"gold_gain":0.0,"event_name":"Match and Keep!","player_choice":"2 cards matched","floor":3.0,"gold_loss":0.0,"damage_taken":0.0,"cards_obtained":["Heavy Blade","Disarm"]},{"damage_healed":0.0,"max_hp_gain":0.0,"max_hp_loss":0.0,"gold_gain":175.0,"event_name":"Liars Game","player_choice":"AGREE","floor":5.0,"gold_loss":0.0,"damage_taken":0.0,"cards_obtained":["Doubt"]},{"cards_removed":["Doubt"],"damage_healed":0.0,"max_hp_gain":0.0,"max_hp_loss":0.0,"gold_gain":0.0,"event_name":"The Cleric","player_choice":"Card Removal","floor":7.0,"gold_loss":50.0,"damage_taken":0.0}],"is_beta":false,"boss_relics":[],"items_purged_floors":[],"is_endless":false,"potions_floor_spawned":[4,6,14],"killed_by":"Slime Boss","ascension_level":1}