{"gold_per_floor":[109,109,109,122,133,133,208,208,208,223,253,82,82,100,100,174,174,191,0,0,12,12],"floor_reached":22,"playtime":713,"items_purged":[],"score":368,"play_id":"ee2da74c-2c06-4102-942f-b21fb8053380","local_time":"20190125174543","is_ascension_mode":true,"campfire_choices":[{"data":"Creative AI","floor":6.0,"key":"SMITH"},{"floor":8.0,"key":"REST"},{"data":"Storm","floor":13.0,"key":"SMITH"},{"floor":15.0,"key":"REST"}],"neow_cost":"CURSE","seed_source_timestamp":0,"circlet_count":0,"master_deck":["AscendersBane","Strike_B","Strike_B","Defend_B","Defend_B","Defend_B","Defend_B","Zap","Dualcast","Cold Snap","Cold Snap","Creative AI+1","Sunder","Steam","Glacier","Storm+1","Echo Form","Thunder Strike","Defragment","Conserve Battery"],"special_seed":0,"relics":["Cracked Core","Ice Cream","Gambling Chip","Emotion Chip","Empty Cage"],"potions_floor_usage":[21],"damage_taken":[{"damage":1.0,"enemies":"2 Louse","floor":1.0,"turns":3.0},{"damage":5.0,"enemies":"Jaw Worm","floor":4.0,"turns":3.0},{"damage":10.0,"enemies":"Small Slimes","floor":5.0,"turns":3.0},{"damage":8.0,"enemies":"Exordium Wildlife","floor":10.0,"turns":3.0},{"damage":6.0,"enemies":"Gremlin Nob","floor":11.0,"turns":3.0},{"damage":8.0,"enemies":"Blue Slaver","floor":14.0,"turns":4.0},{"damage":26.0,"enemies":"Hexaghost","floor":16.0,"turns":9.0},{"damage":18.0,"enemies":"Shell Parasite","floor":18.0,"turns":7.0},{"damage":12,"enemies":"2 Thieves","floor":21,"turns":4},{"damage":30,"enemies":"Cultist and Chosen","floor":22,"turns":3}],"seed_played":"8750158887062598006","potions_obtained":[{"floor":1.0,"key":"Energy Potion"},{"floor":5.0,"key":"Energy Potion"},{"floor":10.0,"key":"AttackPotion"},{"floor":11.0,"key":"GamblersBrew"},{"floor":18.0,"key":"LiquidBronze"}],"is_trial":false,"path_per_floor":["M","?","?","M","M","R","?","R","T","M","E","$","R","M","R","B",null,"M","?","?","M","M"],"character_chosen":"DEFECT","items_purchased":["Glacier","Storm"],"campfire_rested":2,"item_purchase_floors":[12,12],"current_hp_per_floor":[63,63,56,51,41,41,30,51,51,43,37,37,37,29,50,24,59,41,41,41,29,0],"gold":12,"neow_bonus":"ONE_RARE_RELIC","is_prod":false,"is_daily":false,"chose_seed":false,"campfire_upgraded":2,"win_rate":0,"timestamp":1548456343,"path_taken":["M","?","?","M","M","R","?","R","T","?","E","$","R","M","R","BOSS","M","?","?","M","M"],"build_version":"2019-01-23","purchased_purges":0,"victory":false,"max_hp_per_floor":[71,71,71,71,71,71,71,71,71,71,71,71,71,71,71,71,71,71,71,71,71,71],"card_choices":[{"not_picked":["Streamline","Redo"],"picked":"Cold Snap","floor":1.0},{"not_picked":["Skim","Force Field"],"picked":"Cold Snap","floor":4.0},{"not_picked":["Scrape","Ball Lightning"],"picked":"Creative AI","floor":5.0},{"not_picked":["Steam","Redo"],"picked":"Sunder","floor":10.0},{"not_picked":["Undo","Sweeping Beam"],"picked":"Steam","floor":11.0},{"not_picked":["Conserve Battery","Ball Lightning"],"picked":"Echo Form","floor":14.0},{"not_picked":["All For One","Buffer"],"picked":"Thunder Strike","floor":16.0},{"not_picked":["Ball Lightning","Compile Driver","Go for the Eyes"],"picked":"SKIP","floor":18.0},{"not_picked":["Gash","Redo"],"picked":"Conserve Battery","floor":21}],"player_experience":808408,"relics_obtained":[{"floor":9.0,"key":"Gambling Chip"},{"floor":11.0,"key":"Emotion Chip"}],"event_choices":[{"damage_healed":0.0,"max_hp_gain":0.0,"max_hp_loss":0.0,"gold_gain":0.0,"event_name":"Golden Idol","player_choice":"Ignored","floor":2.0,"gold_loss":0.0,"damage_taken":0.0},{"cards_removed":["Writhe"],"damage_healed":0.0,"max_hp_gain":0.0,"max_hp_loss":0.0,"gold_gain":0.0,"event_name":"Golden Wing","player_choice":"Card Removal","floor":3.0,"gold_loss":0.0,"damage_taken":7.0},{"damage_healed":0.0,"max_hp_gain":0.0,"max_hp_loss":0.0,"gold_gain":75.0,"event_name":"World of Goop","player_choice":"Gather Gold","floor":7.0,"gold_loss":0.0,"damage_taken":11.0},{"damage_healed":0,"gold_gain":0,"player_choice":"Paid Fearfully","damage_taken":0,"max_hp_gain":0,"max_hp_loss":0,"event_name":"Masked Bandits","floor":19,"gold_loss":191},{"damage_healed":0,"gold_gain":0,"player_choice":"Read","damage_taken":0,"max_hp_gain":0,"max_hp_loss":0,"event_name":"The Library","floor":20,"gold_loss":0,"cards_obtained":["Defragment"]}],"is_beta":false,"boss_relics":[{"not_picked":["Runic Dome","White Beast Statue"],"picked":"Empty Cage"}],"items_purged_floors":[],"is_endless":false,"potions_floor_spawned":[1,5,10,11,18],"killed_by":"Cultist and Chosen","ascension_level":20}