{"gold_per_floor":[114,114,114,36,1,1,58,74,125,148,175,202,229,257,269,377,389,414,426,448,460,483,495,222,222,222,232,250,44,77,95,95,95],"floor_reached":33,"playtime":1183,"items_purged":["Writhe"],"score":350,"play_id":"5bd22b67-a2f3-4b72-b643-15843b29a35d","local_time":"20180830075342","is_ascension_mode":true,"campfire_choices":[{"data":"Ball Lightning","floor":6,"key":"SMITH"},{"data":"Beam Cell","floor":15,"key":"SMITH"},{"data":"Electrodynamics","floor":23,"key":"SMITH"},{"data":"Zap","floor":25,"key":"SMITH"},{"floor":32,"key":"REST"}],"neow_cost":"","seed_source_timestamp":779048298425008,"circlet_count":0,"master_deck":["Defend_B","Defend_B","Defend_B","Defend_B","Zap+1","Dualcast","Self Repair+1","Ball Lightning+1","Beam Cell+1","BootSequence","Go for the Eyes","Coolheaded","Steam Power","FTL","Electrodynamics+1","Bite","Bite","Bite","Bite","Bite","Thunder Strike","Compile Driver","Turbo+1","Tempest","Defragment","Turbo","Seek","Barrage+1"],"relics":["FrozenCore","Tiny Chest","MawBank","Bag of Marbles","Lee\u0027s Waffle","Ornamental Fan","Pen Nib"],"potions_floor_usage":[7,16,27,27,30,33],"damage_taken":[{"damage":0,"enemies":"Small Slimes","floor":1,"turns":2},{"damage":40,"enemies":"Gremlin Nob","floor":7,"turns":4},{"damage":0,"enemies":"Jaw Worm","floor":8,"turns":3},{"damage":0,"enemies":"Cultist","floor":10,"turns":3},{"damage":1,"enemies":"3 Louse","floor":11,"turns":3},{"damage":1,"enemies":"Looter","floor":12,"turns":2},{"damage":9,"enemies":"Exordium Thugs","floor":13,"turns":3},{"damage":2,"enemies":"3 Louse","floor":14,"turns":3},{"damage":56,"enemies":"Hexaghost","floor":16,"turns":9},{"damage":0,"enemies":"3 Byrds","floor":18,"turns":3},{"damage":14,"enemies":"Spheric Guardian","floor":20,"turns":5},{"damage":24,"enemies":"3 Cultists","floor":22,"turns":5},{"damage":8,"enemies":"Snecko","floor":27,"turns":5},{"damage":3,"enemies":"Cultist and Chosen","floor":28,"turns":5},{"damage":22,"enemies":"Slavers","floor":30,"turns":3},{"damage":36,"enemies":"Snake Plant","floor":31,"turns":5},{"damage":73,"enemies":"Collector","floor":33,"turns":7}],"seed_played":"-4549196050579616906","potions_obtained":[{"floor":1,"key":"FocusPotion"},{"floor":7,"key":"GamblersBrew"},{"floor":10,"key":"Fire Potion"},{"floor":12,"key":"Block Potion"},{"floor":20,"key":"GamblersBrew"},{"floor":22,"key":"SkillPotion"},{"floor":28,"key":"FearPotion"}],"is_trial":false,"path_per_floor":["M","?","?","$","?","R","E","M","T","M","M","M","M","M","R","B",null,"M","?","M","?","M","R","$","R","T","M","M","$","E","M","R"],"character_chosen":"DEFECT","items_purchased":["Ball Lightning","Beam Cell","Lee\u0027s Waffle","Tempest","Defragment","Turbo"],"campfire_rested":1,"item_purchase_floors":[4,4,24,29,29,29],"current_hp_per_floor":[75,68,68,68,75,75,45,55,55,65,74,75,75,75,75,29,75,75,75,71,52,44,44,59,59,59,59,59,59,41,19,36,0],"gold":95,"neow_bonus":"","is_prod":false,"is_daily":false,"chose_seed":false,"campfire_upgraded":4,"win_rate":0,"timestamp":1535630022,"path_taken":["M","?","?","$","?","R","E","M","T","M","M","?","M","M","R","BOSS","M","?","M","?","M","R","$","R","T","?","M","$","E","M","R","BOSS"],"build_version":"2018-08-23v2","purchased_purges":1,"victory":false,"max_hp_per_floor":[75,75,75,75,75,75,75,75,75,75,75,75,75,75,75,75,75,75,75,75,52,52,52,59,59,59,59,59,59,59,59,59,59],"card_choices":[{"not_picked":["Undo","Recycle"],"picked":"Self Repair","floor":1},{"not_picked":["Conserve Battery","Heatsinks"],"picked":"BootSequence","floor":7},{"not_picked":["Turbo","Leap"],"picked":"Go for the Eyes","floor":8},{"not_picked":["Reinforced Body","Gash"],"picked":"Coolheaded","floor":10},{"not_picked":["Barrage","Aggregate"],"picked":"Steam Power","floor":11},{"not_picked":["Streamline","Buffer"],"picked":"FTL","floor":12},{"not_picked":["Leap","Barrage","Steam"],"picked":"SKIP","floor":13},{"not_picked":["Loop","Stack","Coolheaded"],"picked":"SKIP","floor":14},{"not_picked":["Core Surge","Fission"],"picked":"Electrodynamics","floor":16},{"not_picked":["Hologram","Hello World","Genetic Algorithm"],"picked":"SKIP","floor":18},{"not_picked":["Stack","Coolheaded","Cold Snap"],"picked":"SKIP","floor":20},{"not_picked":["Stack+1","Beam Cell"],"picked":"Thunder Strike","floor":22},{"not_picked":["Cold Snap","Beam Cell"],"picked":"Compile Driver","floor":27},{"not_picked":["Leap+1","Hologram+1"],"picked":"Turbo+1","floor":28},{"not_picked":["Blizzard","Sweeping Beam"],"picked":"Seek","floor":30},{"not_picked":["Redo","Ball Lightning"],"picked":"Barrage+1","floor":31}],"player_experience":484462,"relics_obtained":[{"floor":7,"key":"Tiny Chest"},{"floor":9,"key":"MawBank"},{"floor":26,"key":"Ornamental Fan"},{"floor":30,"key":"Pen Nib"}],"event_choices":[{"event_name":"Golden Wing","player_choice":"Card Removal","floor":2,"damage_taken":0},{"event_name":"Living Wall","player_choice":"Grow","floor":3,"damage_taken":0},{"event_name":"The Cleric","player_choice":"Healed","floor":5,"damage_taken":0},{"event_name":"The Mausoleum","player_choice":"Yes","floor":19,"damage_taken":0},{"event_name":"Vampires","player_choice":"Became a vampire","floor":21,"damage_taken":0}],"is_beta":false,"boss_relics":[{"not_picked":["Cursed Key","Pandora\u0027s Box"],"picked":"FrozenCore"}],"items_purged_floors":[24],"is_endless":false,"potions_floor_spawned":[1,7,10,12,20,22,28],"killed_by":"Collector","ascension_level":4}