{"gold_per_floor":[117,32,32,50,62,62,75,75,75,75,94,94],"floor_reached":12,"playtime":269,"items_purged":[],"score":140,"play_id":"7ffd1402-d94a-4d1d-854e-c5bd9cd68952","local_time":"20190323111720","is_ascension_mode":true,"campfire_choices":[{"data":"Noxious Fumes","floor":6,"key":"SMITH"},{"data":"Night Terror","floor":8,"key":"SMITH"}],"neow_cost":"NONE","seed_source_timestamp":233859877764718,"circlet_count":0,"master_deck":["AscendersBane","Defend_G","Defend_G","Defend_G","Defend_G","Defend_G","Strike_G","Strike_G","Strike_G","Strike_G","Survivor","Neutralize+1","Dagger Spray","Noxious Fumes+1","Catalyst","Sucker Punch","Night Terror+1","Bouncing Flask","Well Laid Plans"],"relics":["Ring of the Snake","Darkstone Periapt"],"potions_floor_usage":[7,7],"damage_taken":[{"damage":9,"enemies":"Jaw Worm","floor":1,"turns":6},{"damage":0,"enemies":"Cultist","floor":4,"turns":3},{"damage":0,"enemies":"2 Louse","floor":5,"turns":2},{"damage":16,"enemies":"Large Slime","floor":7,"turns":6},{"damage":7,"enemies":"3 Louse","floor":11,"turns":4},{"damage":0,"enemies":"Exordium Thugs","floor":12,"turns":1}],"seed_played":"357800514304494313","potions_obtained":[{"floor":1,"key":"Swift Potion"},{"floor":5,"key":"Energy Potion"},{"floor":11,"key":"Explosive Potion"}],"is_trial":false,"path_per_floor":["M","$","?","M","M","R","M","R","T","$","M","M"],"character_chosen":"THE_SILENT","items_purchased":["Noxious Fumes"],"campfire_rested":0,"item_purchase_floors":[2],"current_hp_per_floor":[50,50,50,50,50,50,34,34,34,34,27,27],"gold":94,"neow_bonus":"UPGRADE_CARD","is_prod":false,"is_daily":false,"chose_seed":false,"campfire_upgraded":2,"win_rate":0,"timestamp":1553354240,"path_taken":["M","$","?","M","M","R","M","R","T","$","M","M"],"build_version":"2019-01-23","purchased_purges":0,"victory":false,"max_hp_per_floor":[66,66,66,66,66,66,66,66,66,66,66,66],"card_choices":[{"not_picked":["Setup","Backflip"],"picked":"Dagger Spray","floor":1},{"not_picked":["Setup","Underhanded Strike"],"picked":"Sucker Punch","floor":4},{"not_picked":["Expertise","Backflip"],"picked":"Night Terror","floor":5},{"not_picked":["Outmaneuver","Underhanded Strike"],"picked":"Bouncing Flask","floor":7},{"not_picked":["Dagger Spray","Dodge and Roll"],"picked":"Well Laid Plans","floor":11}],"player_experience":877005,"relics_obtained":[{"floor":9,"key":"Darkstone Periapt"}],"event_choices":[{"damage_healed":0,"gold_gain":0,"cards_transformed":["Strike_G"],"player_choice":"Transformed","damage_taken":0,"max_hp_gain":0,"max_hp_loss":0,"event_name":"Transmorgrifier","floor":3,"gold_loss":0,"cards_obtained":["Catalyst"]}],"is_beta":false,"boss_relics":[],"items_purged_floors":[],"is_endless":false,"potions_floor_spawned":[1,5,11],"killed_by":"Exordium Thugs","ascension_level":20}