{"gold_per_floor":[109,125,50,50,125,153,153,153,153,153,184,201,201,215,215,215],"floor_reached":16,"playtime":261,"items_purged":["Strike_B"],"score":266,"play_id":"ac4f2b07-3a1e-4b21-882b-f2d9f534c815","local_time":"20190507232247","is_ascension_mode":true,"campfire_choices":[{"data":"Zap","floor":8,"key":"SMITH"},{"data":"Dualcast","floor":10,"key":"SMITH"},{"data":"Beam Cell","floor":13,"key":"SMITH"},{"data":"Consume","floor":15,"key":"SMITH"}],"neow_cost":"NONE","seed_source_timestamp":1124409865114438,"circlet_count":0,"master_deck":["AscendersBane","Strike_B","Strike_B","Defend_B","Defend_B","Defend_B","Defend_B","Zap+1","Dualcast+1","Turbo","Beam Cell+1","Thunder Strike","Compile Driver+1","Coolheaded","Consume+1"],"special_seed":0,"relics":["Cracked Core","NeowsBlessing","Lantern","Molten Egg 2","Art of War"],"potions_floor_usage":[11],"damage_taken":[{"damage":0.0,"enemies":"Jaw Worm","floor":1.0,"turns":1.0},{"damage":0.0,"enemies":"2 Louse","floor":2.0,"turns":1.0},{"damage":0.0,"enemies":"3 Sentries","floor":6.0,"turns":2.0},{"damage":35,"enemies":"Gremlin Nob","floor":11,"turns":4},{"damage":0,"enemies":"Small Slimes","floor":12,"turns":2},{"damage":5,"enemies":"2 Fungi Beasts","floor":14,"turns":2},{"damage":19,"enemies":"Hexaghost","floor":16,"turns":7}],"seed_played":"-120184124291569600","potions_obtained":[{"floor":6.0,"key":"AttackPotion"},{"floor":11,"key":"SpeedPotion"},{"floor":14,"key":"Explosive Potion"}],"is_trial":false,"path_per_floor":["M","M","$","?","?","E","?","R","T","R","E","M","R","M","R","B"],"character_chosen":"DEFECT","items_purchased":[],"campfire_rested":0,"item_purchase_floors":[],"current_hp_per_floor":[64,64,64,69,58,58,58,58,58,58,23,23,23,18,18,0],"gold":215,"neow_bonus":"THREE_ENEMY_KILL","is_prod":false,"is_daily":false,"chose_seed":false,"campfire_upgraded":4,"win_rate":0,"timestamp":1557242567,"path_taken":["M","M","$","?","?","E","?","R","T","R","E","M","R","M","R","BOSS"],"build_version":"2019-01-23","purchased_purges":1,"victory":false,"max_hp_per_floor":[71,71,71,76,76,76,76,76,76,76,76,76,76,76,76,76],"card_choices":[{"not_picked":["Rebound","BootSequence"],"picked":"Turbo","floor":1.0},{"not_picked":["Stack","Gash"],"picked":"Beam Cell","floor":2.0},{"not_picked":["Amplify","Sweeping Beam"],"picked":"Thunder Strike","floor":6.0},{"not_picked":["Stack","Reinforced Body"],"picked":"Compile Driver+1","floor":11},{"not_picked":["Barrage+1","Fusion"],"picked":"Coolheaded","floor":12},{"not_picked":["Leap","Melter+1"],"picked":"Consume","floor":14}],"player_experience":1588225,"relics_obtained":[{"floor":6.0,"key":"Lantern"},{"floor":9,"key":"Molten Egg 2"},{"floor":11,"key":"Art of War"}],"event_choices":[{"damage_healed":0.0,"max_hp_gain":5.0,"max_hp_loss":0.0,"gold_gain":0.0,"event_name":"Big Fish","player_choice":"Donut","floor":4.0,"gold_loss":0.0,"damage_taken":0.0},{"damage_healed":0.0,"max_hp_gain":0.0,"max_hp_loss":0.0,"gold_gain":75.0,"event_name":"World of Goop","player_choice":"Gather Gold","floor":5.0,"gold_loss":0.0,"damage_taken":11.0},{"cards_removed":["Strike_B"],"damage_healed":0,"gold_gain":0,"player_choice":"Forget","damage_taken":0,"max_hp_gain":0,"max_hp_loss":0,"event_name":"Living Wall","floor":7,"gold_loss":0}],"is_beta":false,"boss_relics":[],"items_purged_floors":[3],"is_endless":false,"potions_floor_spawned":[6,11,14],"killed_by":"Hexaghost","ascension_level":20}