{"gold_per_floor":[115,40,51,63,63,63,73,83,83,145,161,61,61,81,81,179,179,194,293,293,313,313,313,330,330,356,356,368,29,29,56,56,155,155,168,185,185,0,0,0,0,0,0,27,27,27,27,47,47,47],"floor_reached":50,"playtime":2895,"items_purged":["Decay","Regret"],"score":507,"play_id":"7468f3d8-5509-4c16-b2f3-5187096ea156","local_time":"20190505150255","is_ascension_mode":true,"campfire_choices":[{"data":"Infinite Blades","floor":6,"key":"SMITH"},{"floor":13,"key":"DIG"},{"floor":15,"key":"DIG"},{"floor":23,"key":"REST"},{"floor":25,"key":"DIG"},{"floor":27,"key":"REST"},{"floor":30,"key":"DIG"},{"floor":32,"key":"DIG"},{"floor":40,"key":"DIG"},{"floor":45,"key":"DIG"},{"floor":49,"key":"DIG"}],"neow_cost":"NONE","seed_source_timestamp":91929646559900,"circlet_count":0,"master_deck":["Defend_G","Defend_G","Defend_G","Strike_G","Strike_G","Strike_G","Strike_G","Strike_G","Survivor","Neutralize","Shame","Blur","Cloak And Dagger","Infinite Blades+1","Infinite Blades","Cloak And Dagger","Quick Slash","Backflip+1","Corpse Explosion+1","Dodge and Roll+1","Neutralize","Footwork","Footwork","Deadly Poison+1","Night Terror+1","Madness+1","Madness+1","Leg Sweep+1","Glass Knife"],"relics":["Calling Bell","Snake Skull","Pantograph","Thread and Needle","Bottled Lightning","Shovel","Toxic Egg 2","Potion Belt","Philosopher\u0027s Stone","Ginger","Bronze Scales","Torii","Juzu Bracelet","Anchor","Lantern","WristBlade","Red Mask","Bag of Marbles","Paper Crane","PreservedInsect","Orichalcum","Ornamental Fan"],"potions_floor_usage":[8,10,16,33,33,33,35,44,48,50],"damage_taken":[{"damage":2,"enemies":"Small Slimes","floor":1,"turns":4},{"damage":4,"enemies":"Jaw Worm","floor":3,"turns":8},{"damage":0,"enemies":"Cultist","floor":4,"turns":6},{"damage":1,"enemies":"Blue Slaver","floor":7,"turns":5},{"damage":3,"enemies":"Exordium Wildlife","floor":8,"turns":8},{"damage":15,"enemies":"3 Sentries","floor":10,"turns":10},{"damage":2,"enemies":"Large Slime","floor":11,"turns":8},{"damage":3,"enemies":"Blue Slaver","floor":14,"turns":4},{"damage":29,"enemies":"Hexaghost","floor":16,"turns":13},{"damage":7,"enemies":"2 Thieves","floor":18,"turns":3},{"damage":21,"enemies":"3 Byrds","floor":21,"turns":3},{"damage":15,"enemies":"Sentry and Sphere","floor":24,"turns":7},{"damage":5,"enemies":"Shelled Parasite and Fungi","floor":28,"turns":5},{"damage":44,"enemies":"Champ","floor":33,"turns":15},{"damage":0,"enemies":"3 Darklings","floor":35,"turns":3},{"damage":1,"enemies":"Orb Walker","floor":36,"turns":4},{"damage":4,"enemies":"Nemesis","floor":44,"turns":9},{"damage":25,"enemies":"Transient","floor":48,"turns":5},{"damage":58,"enemies":"Time Eater","floor":50,"turns":7}],"seed_played":"791636739906576695","potions_obtained":[{"floor":1,"key":"Weak Potion"},{"floor":4,"key":"Swift Potion"},{"floor":8,"key":"Regen Potion"},{"floor":10,"key":"Ancient Potion"},{"floor":14,"key":"LiquidBronze"},{"floor":16,"key":"SteroidPotion"},{"floor":28,"key":"Fire Potion"},{"floor":33,"key":"GhostInAJar"},{"floor":44,"key":"Fire Potion"},{"floor":48,"key":"Explosive Potion"}],"is_trial":false,"path_per_floor":["M","$","M","M","$","R","M","M","T","?","M","$","R","M","R","B",null,"M","?","?","M","?","R","M","R","T","R","M","$","R","T","R","B",null,"M","M","?","?","?","R","$","?","T","E","R","?","$","M","R","B"],"character_chosen":"THE_SILENT","items_purchased":["Torii","Deadly Poison+1"],"campfire_rested":2,"item_purchase_floors":[29,29],"current_hp_per_floor":[68,68,64,64,64,64,63,60,60,58,56,56,56,53,53,41,70,63,63,63,42,42,63,48,48,48,69,64,64,64,64,64,26,70,70,69,69,69,60,60,60,60,60,56,56,56,56,31,31,0],"gold":47,"neow_bonus":"BOSS_RELIC","is_prod":false,"is_daily":false,"chose_seed":false,"campfire_upgraded":1,"win_rate":0,"timestamp":1557082975,"path_taken":["M","$","M","M","$","R","M","M","T","?","M","$","R","M","R","BOSS","M","?","?","?","?","R","M","R","T","R","M","$","R","?","R","BOSS","M","M","?","?","?","R","$","?","T","E","R","?","?","M","R","BOSS"],"build_version":"2019-01-23","purchased_purges":2,"victory":false,"max_hp_per_floor":[70,70,70,70,70,70,70,70,70,70,70,70,70,70,70,70,70,70,70,70,70,70,70,70,70,70,70,70,70,70,70,70,70,70,70,70,70,70,70,70,70,70,70,70,70,70,70,70,70,70],"card_choices":[{"not_picked":["PiercingWail","Escape Plan"],"picked":"Blur","floor":1},{"not_picked":["Dagger Spray","Blade Dance"],"picked":"Cloak And Dagger","floor":3},{"not_picked":["Flying Knee","Skewer"],"picked":"Infinite Blades","floor":4},{"not_picked":["Masterful Stab","Sucker Punch","Outmaneuver"],"picked":"SKIP","floor":7},{"not_picked":["Eviscerate","Blade Dance"],"picked":"Infinite Blades","floor":8},{"not_picked":["Flechettes","Dagger Spray"],"picked":"Cloak And Dagger","floor":10},{"not_picked":["Underhanded Strike","Blade Dance"],"picked":"Quick Slash","floor":11},{"not_picked":["PiercingWail+1","Bullet Time+1"],"picked":"Backflip+1","floor":14},{"not_picked":["Glass Knife","Bullet Time+1"],"picked":"Corpse Explosion+1","floor":16},{"not_picked":["Flying Knee","Underhanded Strike"],"picked":"Dodge and Roll+1","floor":18},{"not_picked":["Setup+1","Choke","Dagger Spray"],"picked":"SKIP","floor":21},{"not_picked":["Prepared+1","Setup+1","Deflect+1"],"picked":"SKIP","floor":24},{"not_picked":["Distraction+1","Acrobatics+1"],"picked":"Footwork","floor":28},{"not_picked":["Grand Finale","Wraith Form v2"],"picked":"Night Terror+1","floor":33},{"not_picked":["Dagger Throw","Flying Knee","Deflect+1"],"picked":"SKIP","floor":35},{"not_picked":["Outmaneuver+1","Deflect+1","Dagger Spray+1"],"picked":"SKIP","floor":36},{"not_picked":["Outmaneuver+1","Reflex+1"],"picked":"Leg Sweep+1","floor":44},{"not_picked":["Heel Hook+1","Riddle With Holes+1","Finisher"],"picked":"SKIP","floor":48}],"player_experience":97759,"relics_obtained":[{"floor":0,"key":"Snake Skull"},{"floor":0,"key":"Pantograph"},{"floor":0,"key":"Thread and Needle"},{"floor":9,"key":"Bottled Lightning"},{"floor":10,"key":"Shovel"},{"floor":13,"key":"Toxic Egg 2"},{"floor":15,"key":"Potion Belt"},{"floor":25,"key":"Ginger"},{"floor":26,"key":"Bronze Scales"},{"floor":30,"key":"Juzu Bracelet"},{"floor":31,"key":"Anchor"},{"floor":32,"key":"Lantern"},{"floor":40,"key":"Bag of Marbles"},{"floor":43,"key":"Paper Crane"},{"floor":44,"key":"PreservedInsect"},{"floor":45,"key":"Orichalcum"},{"floor":49,"key":"Ornamental Fan"}],"event_choices":[{"damage_healed":0,"gold_gain":0,"player_choice":"Searched \u00272\u0027 times","damage_taken":0,"max_hp_gain":0,"max_hp_loss":0,"event_name":"Dead Adventurer","floor":10,"gold_loss":0},{"damage_healed":0,"gold_gain":99,"player_choice":"Stole From Cult","damage_taken":0,"max_hp_gain":0,"max_hp_loss":0,"event_name":"Nest","floor":19,"gold_loss":0},{"damage_healed":0,"gold_gain":0,"player_choice":"2 cards matched","damage_taken":0,"max_hp_gain":0,"max_hp_loss":0,"event_name":"Match and Keep!","floor":20,"gold_loss":0,"cards_obtained":["Neutralize","Footwork"]},{"damage_healed":0,"gold_gain":0,"player_choice":"Ignored","damage_taken":0,"max_hp_gain":0,"max_hp_loss":0,"event_name":"Cursed Tome","floor":22,"gold_loss":0},{"damage_healed":0,"gold_gain":0,"player_choice":"Ignored","damage_taken":0,"max_hp_gain":0,"max_hp_loss":0,"event_name":"Mysterious Sphere","floor":37,"gold_loss":0},{"damage_healed":0,"gold_gain":0,"player_choice":"Paid","damage_taken":0,"relics_obtained":["Red Mask"],"max_hp_gain":0,"max_hp_loss":0,"event_name":"Tomb of Lord Red Mask","floor":38,"gold_loss":185},{"damage_healed":0,"gold_gain":0,"player_choice":"Embrace Madness","damage_taken":9,"max_hp_gain":0,"max_hp_loss":0,"event_name":"Winding Halls","floor":39,"gold_loss":0,"cards_obtained":["Madness","Madness"]},{"cards_removed":["Defend_G"],"damage_healed":0,"gold_gain":0,"player_choice":"Removed Skill","damage_taken":0,"max_hp_gain":0,"max_hp_loss":0,"event_name":"Falling","floor":42,"gold_loss":0},{"damage_healed":0,"gold_gain":0,"cards_transformed":["Defend_G"],"player_choice":"Transformed","damage_taken":0,"max_hp_gain":0,"max_hp_loss":0,"event_name":"Transmorgrifier","floor":46,"gold_loss":0,"cards_obtained":["Glass Knife"]}],"is_beta":false,"boss_relics":[{"not_picked":["Runic Dome","Cursed Key"],"picked":"Philosopher\u0027s Stone"},{"not_picked":["Sozu","Lizard Tail"],"picked":"WristBlade"}],"items_purged_floors":[2,12],"is_endless":false,"potions_floor_spawned":[1,4,8,10,14,16,28,33,44,48],"killed_by":"Time Eater","ascension_level":1}