{"gold_per_floor":[109,109,109,125,140,471,471,13,13,25,89,89,89,106,106,180,180,196,196,209,29,29],"floor_reached":22,"playtime":468,"items_purged":[],"score":368,"play_id":"997267c4-ed33-44ac-9e8a-e2631b47fb1d","local_time":"20190417162033","is_ascension_mode":true,"campfire_choices":[{"data":"Bash","floor":7,"key":"SMITH"},{"data":"Flex","floor":13,"key":"SMITH"},{"floor":15,"key":"DIG"}],"neow_cost":"NONE","seed_source_timestamp":599924398044734,"circlet_count":0,"master_deck":["AscendersBane","Bash+1","Flex","Uppercut","Rampage","Flex+1","Offering","Pummel","Reaper","Sword Boomerang","Infernal Blade","Dark Embrace","Combust","Intimidate","Reaper","Pommel Strike","Feed","Flame Barrier","Disarm","Battle Trance","Inflame","Fiend Fire"],"relics":["Burning Blood","NeowsBlessing","Old Coin","Vajra","Shovel","Bag of Preparation","NlothsMask","Blue Candle","Pandora\u0027s Box"],"potions_floor_usage":[6,16],"damage_taken":[{"damage":0,"enemies":"Jaw Worm","floor":1,"turns":1},{"damage":0,"enemies":"Small Slimes","floor":4,"turns":1},{"damage":0,"enemies":"Cultist","floor":5,"turns":1},{"damage":6,"enemies":"Gremlin Nob","floor":6,"turns":3},{"damage":0,"enemies":"Red Slaver","floor":10,"turns":1},{"damage":43,"enemies":"Lagavulin Event","floor":11,"turns":5},{"damage":0,"enemies":"Blue Slaver","floor":14,"turns":1},{"damage":18,"enemies":"Slime Boss","floor":16,"turns":5},{"damage":15,"enemies":"Shell Parasite","floor":18,"turns":3},{"damage":0,"enemies":"Spheric Guardian","floor":20,"turns":1},{"damage":37,"enemies":"Shelled Parasite and Fungi","floor":22,"turns":2}],"seed_played":"-9217777443226015093","potions_obtained":[{"floor":1,"key":"Explosive Potion"},{"floor":4,"key":"GamblersBrew"}],"is_trial":false,"path_per_floor":["M","?","?","M","M","E","R","$","T","M","?","?","R","M","R","B",null,"M","?","M","$","M"],"character_chosen":"IRONCLAD","items_purchased":["Offering","Vajra","Pummel","Thunderclap","Fiend Fire"],"campfire_rested":0,"item_purchase_floors":[8,8,8,8,21],"current_hp_per_floor":[74,74,74,75,75,75,75,75,75,75,38,38,38,44,44,52,69,60,60,66,66,38],"gold":29,"neow_bonus":"THREE_ENEMY_KILL","is_prod":false,"is_daily":false,"chose_seed":false,"campfire_upgraded":2,"win_rate":0,"timestamp":1555532433,"path_taken":["M","?","?","?","M","E","R","?","T","M","?","?","R","M","R","BOSS","M","?","M","$","M"],"build_version":"2019-01-23","purchased_purges":0,"victory":false,"max_hp_per_floor":[75,75,75,75,75,75,75,75,75,75,75,75,75,75,75,75,75,75,75,75,75,75],"card_choices":[{"not_picked":["Feel No Pain","Clothesline"],"picked":"Flex","floor":1},{"not_picked":["Wild Strike","Flame Barrier"],"picked":"Uppercut","floor":4},{"not_picked":["Battle Trance","True Grit"],"picked":"Rampage","floor":5},{"not_picked":["Body Slam","Heavy Blade"],"picked":"Flex","floor":6},{"not_picked":["Clash","Rampage"],"picked":"Reaper","floor":10},{"not_picked":["Havoc","Dual Wield"],"picked":"Sword Boomerang","floor":11},{"not_picked":["Sword Boomerang","Clash"],"picked":"Infernal Blade","floor":14},{"not_picked":["Berserk","Double Tap"],"picked":"Dark Embrace","floor":16},{"not_picked":["Thunderclap","Pommel Strike"],"picked":"Inflame","floor":18},{"not_picked":["Iron Wave","Clash","Cleave"],"picked":"SKIP","floor":20}],"player_experience":910503,"relics_obtained":[{"floor":6,"key":"Old Coin"},{"floor":9,"key":"Shovel"},{"floor":11,"key":"Bag of Preparation"},{"floor":15,"key":"Blue Candle"}],"event_choices":[{"damage_healed":0,"gold_gain":0,"player_choice":"Ignored","damage_taken":0,"max_hp_gain":0,"max_hp_loss":0,"event_name":"Golden Wing","floor":2,"gold_loss":0},{"cards_removed":["Strike_R"],"damage_healed":0,"gold_gain":0,"player_choice":"Offered Basic","damage_taken":0,"max_hp_gain":0,"max_hp_loss":0,"event_name":"Bonfire Elementals","floor":3,"gold_loss":0},{"damage_healed":0,"gold_gain":0,"player_choice":"Searched \u00271\u0027 times","damage_taken":0,"max_hp_gain":0,"max_hp_loss":0,"event_name":"Dead Adventurer","floor":11,"gold_loss":0},{"damage_healed":0,"gold_gain":0,"player_choice":"Trade","damage_taken":0,"relics_obtained":["NlothsMask"],"max_hp_gain":0,"max_hp_loss":0,"event_name":"FaceTrader","floor":12,"gold_loss":0},{"cards_removed":["Thunderclap"],"damage_healed":0,"gold_gain":0,"player_choice":"Elegance","damage_taken":0,"max_hp_gain":0,"max_hp_loss":0,"event_name":"Back to Basics","floor":19,"gold_loss":0}],"is_beta":false,"boss_relics":[{"not_picked":["Black Star","Snecko Eye"],"picked":"Pandora\u0027s Box"}],"items_purged_floors":[],"is_endless":false,"potions_floor_spawned":[1,4],"killed_by":"Shelled Parasite and Fungi","ascension_level":20}