{"gold_per_floor":[118,118,118,133,147,181,181,6,33,33,43,58,116,116,116,210,210,229,248,248,261,261,284,284,35,60,78,109,109,134,48,48,48],"floor_reached":33,"playtime":1398,"items_purged":["Regret","Injury"],"score":479,"play_id":"473d90a4-2d92-453b-9867-45f942cb0149","local_time":"20190507194631","is_ascension_mode":true,"campfire_choices":[{"data":"A Thousand Cuts","floor":7,"key":"SMITH"},{"floor":10,"key":"REST"},{"floor":15,"key":"REST"},{"floor":24,"key":"REST"},{"floor":29,"key":"REST"},{"floor":32,"key":"REST"}],"neow_cost":"NONE","seed_source_timestamp":177710572098171,"circlet_count":0,"master_deck":["AscendersBane","Defend_G","Defend_G","Defend_G","Defend_G","Defend_G","Strike_G","Strike_G","Strike_G","Strike_G","Strike_G","Survivor","Neutralize","Flying Knee","Crippling Poison+1","Footwork","A Thousand Cuts+1","Accuracy","Dodge and Roll+1","Dagger Throw","Tactician+1","Blade Dance+1","Tools of the Trade","Backstab","Choke","Dash+1","Bouncing Flask+1","Dagger Spray","Underhanded Strike","Infinite Blades","Catalyst+1","After Image","Blade Dance+1","Terror+1","Trip+1"],"relics":["Runic Dome","Orichalcum","Toxic Egg 2","Art of War","Potion Belt","Oddly Smooth Stone","Golden Idol","Sozu","PreservedInsect","Bag of Marbles"],"potions_floor_usage":[6,6,16],"damage_taken":[{"damage":2,"enemies":"2 Louse","floor":1,"turns":3},{"damage":3,"enemies":"Small Slimes","floor":4,"turns":4},{"damage":3,"enemies":"Cultist","floor":5,"turns":4},{"damage":16,"enemies":"3 Sentries","floor":6,"turns":7},{"damage":0,"enemies":"2 Fungi Beasts","floor":11,"turns":3},{"damage":11,"enemies":"Lots of Slimes","floor":12,"turns":2},{"damage":15,"enemies":"Lagavulin Event","floor":13,"turns":6},{"damage":27,"enemies":"The Guardian","floor":16,"turns":12},{"damage":18,"enemies":"2 Thieves","floor":18,"turns":4},{"damage":9,"enemies":"Chosen","floor":19,"turns":5},{"damage":1,"enemies":"Snecko","floor":21,"turns":5},{"damage":3,"enemies":"3 Cultists","floor":23,"turns":3},{"damage":0,"enemies":"Cultist and Chosen","floor":27,"turns":5},{"damage":15,"enemies":"Gremlin Leader","floor":28,"turns":5},{"damage":21,"enemies":"Chosen and Byrds","floor":30,"turns":6},{"damage":45,"enemies":"Automaton","floor":33,"turns":8}],"seed_played":"4666289468569987597","potions_obtained":[{"floor":1,"key":"LiquidBronze"},{"floor":4,"key":"AttackPotion"},{"floor":13,"key":"Regen Potion"}],"is_trial":false,"path_per_floor":["M","?","?","M","M","E","R","$","T","R","M","M","?","?","R","B",null,"M","M","?","M","?","M","R","$","T","M","E","R","M","$","R","B"],"character_chosen":"THE_SILENT","items_purchased":["Accuracy","Dodge and Roll+1","Infinite Blades","Catalyst+1","Trip+1"],"campfire_rested":5,"item_purchase_floors":[8,8,25,25,31],"current_hp_per_floor":[57,45,45,42,39,23,23,23,23,42,42,31,16,16,35,23,55,37,28,28,27,27,24,43,43,43,43,28,47,26,26,45,0],"gold":48,"neow_bonus":"BOSS_RELIC","is_prod":false,"is_daily":false,"chose_seed":false,"campfire_upgraded":1,"win_rate":0,"timestamp":1557283591,"path_taken":["M","?","?","M","M","E","R","$","T","R","M","M","?","?","R","BOSS","M","M","?","?","?","M","R","$","T","M","E","R","?","?","R","BOSS"],"build_version":"2019-01-23","purchased_purges":2,"victory":false,"max_hp_per_floor":[66,66,66,66,66,66,66,66,66,66,66,66,66,66,66,66,66,66,66,66,66,66,66,66,66,66,66,66,66,66,66,66,66],"card_choices":[{"not_picked":["Prepared","Endless Agony"],"picked":"Flying Knee","floor":1},{"not_picked":["PiercingWail+1","Prepared+1"],"picked":"Crippling Poison+1","floor":4},{"not_picked":["Bane","Quick Slash"],"picked":"Footwork","floor":5},{"not_picked":["Bane","Unload"],"picked":"A Thousand Cuts","floor":6},{"not_picked":["Sucker Punch","Well Laid Plans"],"picked":"Dagger Throw","floor":11},{"not_picked":["Outmaneuver+1","Acrobatics+1"],"picked":"Tactician+1","floor":12},{"not_picked":["Blur+1","Expertise+1"],"picked":"Blade Dance+1","floor":13},{"not_picked":["Venomology+1","Storm of Steel+1"],"picked":"Tools of the Trade","floor":16},{"not_picked":["Bane","Outmaneuver+1"],"picked":"Backstab","floor":18},{"not_picked":["Calculated Gamble+1","Underhanded Strike"],"picked":"Choke","floor":19},{"not_picked":["Slice","Skewer"],"picked":"Dash+1","floor":21},{"not_picked":["Skewer","Dagger Spray"],"picked":"Underhanded Strike","floor":23},{"not_picked":["All Out Attack","Deflect+1"],"picked":"After Image","floor":27},{"not_picked":["Heel Hook+1","Outmaneuver+1"],"picked":"Blade Dance+1","floor":28},{"not_picked":["Blade Dance+1","Setup+1"],"picked":"Terror+1","floor":30}],"player_experience":619736,"relics_obtained":[{"floor":6,"key":"Art of War"},{"floor":9,"key":"Potion Belt"},{"floor":13,"key":"Oddly Smooth Stone"},{"floor":26,"key":"PreservedInsect"},{"floor":28,"key":"Bag of Marbles"}],"event_choices":[{"damage_healed":0,"gold_gain":0,"player_choice":"Success","damage_taken":12,"relics_obtained":["Orichalcum"],"max_hp_gain":0,"max_hp_loss":0,"event_name":"Scrap Ooze","floor":2,"gold_loss":0},{"damage_healed":0,"gold_gain":0,"player_choice":"Box","damage_taken":0,"relics_obtained":["Toxic Egg 2"],"max_hp_gain":0,"max_hp_loss":0,"event_name":"Big Fish","floor":3,"gold_loss":0,"cards_obtained":["Regret"]},{"damage_healed":0,"gold_gain":0,"player_choice":"Searched \u00271\u0027 times","damage_taken":0,"max_hp_gain":0,"max_hp_loss":0,"event_name":"Dead Adventurer","floor":13,"gold_loss":0},{"damage_healed":0,"gold_gain":0,"player_choice":"Take Wound","damage_taken":0,"relics_obtained":["Golden Idol"],"max_hp_gain":0,"max_hp_loss":0,"event_name":"Golden Idol","floor":14,"gold_loss":0,"cards_obtained":["Injury"]},{"damage_healed":0,"gold_gain":0,"player_choice":"Bought 0 Potions","damage_taken":0,"max_hp_gain":0,"max_hp_loss":0,"event_name":"The Woman in Blue","floor":20,"gold_loss":0},{"damage_healed":0,"gold_gain":0,"player_choice":"2 cards matched","damage_taken":0,"max_hp_gain":0,"max_hp_loss":0,"event_name":"Match and Keep!","floor":22,"gold_loss":0,"cards_obtained":["Bouncing Flask","Dagger Spray"]}],"is_beta":false,"boss_relics":[{"not_picked":["Ectoplasm","Velvet Choker"],"picked":"Sozu"}],"items_purged_floors":[8,25],"is_endless":false,"potions_floor_spawned":[1,4,13,18,27,30],"killed_by":"Automaton","ascension_level":14}