{"gold_per_floor":[119,119,119,140,161,204,227,271,295,280],"floor_reached":10,"playtime":479,"items_purged":[],"score":78,"play_id":"7c60839f-982a-43f7-89cb-5ef8d8d36f90","local_time":"20190221183425","is_ascension_mode":false,"campfire_choices":[],"neow_cost":"NONE","seed_source_timestamp":433478865189011,"circlet_count":0,"master_deck":["Strike_R","Strike_R","Strike_R","Strike_R","Strike_R","Defend_R","Defend_R","Defend_R","Defend_R","Bash","Iron Wave","Regret","Perfected Strike","Seeing Red","Cleave","Wild Strike","Inflame","Pain"],"relics":["Cursed Key","Oddly Smooth Stone","Golden Idol","Pen Nib","Regal Pillow","Bag of Preparation"],"potions_floor_usage":[],"damage_taken":[{"damage":1,"enemies":"Jaw Worm","floor":1,"turns":3},{"damage":1,"enemies":"2 Louse","floor":4,"turns":3},{"damage":1,"enemies":"Small Slimes","floor":5,"turns":3},{"damage":35,"enemies":"3 Sentries","floor":6,"turns":9},{"damage":1,"enemies":"3 Louse","floor":7,"turns":2},{"damage":26,"enemies":"Lagavulin","floor":8,"turns":5},{"damage":14,"enemies":"Exordium Thugs","floor":10,"turns":1}],"seed_played":"6238159198730345644","potions_obtained":[{"floor":5,"key":"SkillPotion"},{"floor":6,"key":"Explosive Potion"}],"is_trial":false,"path_per_floor":["M","?","?","M","M","E","M","E","T","M"],"character_chosen":"IRONCLAD","items_purchased":[],"campfire_rested":0,"item_purchase_floors":[],"current_hp_per_floor":[79,79,74,73,72,37,36,10,10,0],"gold":280,"neow_bonus":"BOSS_RELIC","is_prod":false,"is_daily":false,"chose_seed":false,"campfire_upgraded":0,"win_rate":0.0,"timestamp":1550795665,"path_taken":["M","?","?","M","M","E","M","E","T","M"],"build_version":"2019-01-23","purchased_purges":0,"victory":false,"max_hp_per_floor":[80,80,74,74,74,74,74,74,74,74],"card_choices":[{"not_picked":["Bloodletting","Spot Weakness"],"picked":"Iron Wave","floor":1},{"not_picked":["Rampage","Anger"],"picked":"Perfected Strike","floor":4},{"not_picked":["Entrench","Warcry"],"picked":"Seeing Red","floor":5},{"not_picked":["Flex","Seeing Red"],"picked":"Cleave","floor":6},{"not_picked":["Warcry","Ghostly Armor"],"picked":"Wild Strike","floor":7},{"not_picked":["Ghostly Armor","Headbutt"],"picked":"Inflame","floor":8}],"player_experience":54601,"relics_obtained":[{"floor":6,"key":"Pen Nib"},{"floor":8,"key":"Regal Pillow"},{"floor":9,"key":"Bag of Preparation"}],"event_choices":[{"damage_healed":0,"gold_gain":0,"player_choice":"Box","damage_taken":0,"relics_obtained":["Oddly Smooth Stone"],"max_hp_gain":0,"max_hp_loss":0,"event_name":"Big Fish","floor":2,"gold_loss":0,"cards_obtained":["Regret"]},{"damage_healed":0,"gold_gain":0,"player_choice":"Lose Max HP","damage_taken":0,"relics_obtained":["Golden Idol"],"max_hp_gain":0,"max_hp_loss":6,"event_name":"Golden Idol","floor":3,"gold_loss":0}],"is_beta":false,"boss_relics":[],"items_purged_floors":[],"is_endless":false,"potions_floor_spawned":[5,6],"killed_by":"Exordium Thugs","ascension_level":0}