{"path_per_floor":["M","M","M","M","$","R","M","E","T","M","?","M","?","M","R"],"character_chosen":"THE_SILENT","items_purchased":["Regen Potion"],"gold_per_floor":[109,119,139,149,25,25,37,62,85,101,101,112,112,126,126],"floor_reached":16,"campfire_rested":2,"playtime":1073,"current_hp_per_floor":[26,22,22,5,5,26,26,17,24,15,15,13,13,9,32],"items_purged":["Strike_G"],"gold":126,"play_id":"629dd138-75e3-48dd-ba54-a1d3e7caef25","is_prod":false,"is_daily":false,"is_ascension_mode":false,"campfire_upgraded":0,"path_taken":["M","M","M","M","$","R","?","E","T","M","?","M","?","?","R","BOSS"],"build_version":"2018-02-01-PROD3","purchased_purges":1,"victory":false,"master_deck":["Defend_G","Defend_G","Defend_G","Defend_G","Strike_G","Strike_G","Strike_G","Survivor","Neutralize","Choke","Calculated Gamble","Backflip","Heel Hook","Backflip","Reflex","Injury","Prepared"],"max_hp_per_floor":[70,70,70,70,70,70,70,70,77,77,77,77,77,77,77],"relics":["Ring of the Snake","Ice Cream","Strawberry","Golden Idol"],"card_choices":[{"not_picked":["Noxious Fumes","Dagger Throw"],"picked":"Choke"},{"not_picked":["Deflect","Prepared"],"picked":"Calculated Gamble"},{"not_picked":["Crippling Poison","Outmaneuver"],"picked":"Backflip"},{"not_picked":["Choke","Envenom"],"picked":"Heel Hook"},{"not_picked":["Bane","Dash"],"picked":"Backflip"},{"not_picked":["Caltrops","Deflect"],"picked":"Reflex"},{"not_picked":["Infinite Blades","Cloak And Dagger"],"picked":"Prepared"}],"player_experience":118120,"potions_floor_usage":[12,16],"damage_taken":[{"damage":9.0,"enemies":"Blue Slaver","floor":1.0,"turns":5.0},{"damage":4.0,"enemies":"Jaw Worm","floor":2.0,"turns":4.0},{"damage":0.0,"enemies":"Small Slimes","floor":3.0,"turns":3.0},{"damage":17.0,"enemies":"Exordium Thugs","floor":4.0,"turns":6.0},{"damage":0.0,"enemies":"Large Slime","floor":7.0,"turns":5.0},{"damage":21.0,"enemies":"Gremlin Nob","floor":8.0,"turns":5.0},{"damage":9,"enemies":"3 Louse","floor":10,"turns":3},{"damage":2,"enemies":"Exordium Thugs","floor":12,"turns":7},{"damage":4,"enemies":"Red Slaver","floor":14,"turns":3},{"damage":34,"enemies":"Hexaghost","floor":16,"turns":11}],"event_choices":[{"event_name":"Dead Adventurer","player_choice":"Searched \u00271\u0027 times","floor":11,"damage_taken":0},{"event_name":"Golden Idol","player_choice":"Take Wound","floor":13,"damage_taken":0}],"boss_relics":[],"potions_floor_spawned":[1,7,10,12],"seed_played":"6084082001387660975","killed_by":"Hexaghost","ascension_level":0,"is_trial":false}