{"gold_per_floor":[115,290,301,27,27,55,55,75,75,93,122,139,155,155],"floor_reached":14,"playtime":778,"items_purged":[],"score":127,"play_id":"c6e9b0a5-8fc4-46b5-9d9b-3161f356b8b9","local_time":"20190402170824","is_ascension_mode":false,"campfire_choices":[{"floor":7,"key":"RECALL"}],"neow_cost":"NONE","seed_source_timestamp":118589931356,"circlet_count":0,"master_deck":["Strike_B","Strike_B","Strike_B","Strike_B","Defend_B","Defend_B","Defend_B","Zap","Dualcast","Coolheaded","Doubt","Hello World","Static Discharge","Melter","Auto Shields","Barrage","Rebound","Genetic Algorithm","Rip and Tear","Reboot","FTL"],"relics":["Cracked Core","NeowsBlessing","Dream Catcher","Pantograph","Bottled Tornado","Torii"],"potions_floor_usage":[14],"damage_taken":[{"damage":0,"enemies":"2 Louse","floor":1,"turns":1},{"damage":0,"enemies":"Small Slimes","floor":3,"turns":1},{"damage":0,"enemies":"Gremlin Nob","floor":6,"turns":1},{"damage":7,"enemies":"Cultist","floor":8,"turns":4},{"damage":29,"enemies":"Exordium Thugs","floor":10,"turns":5},{"damage":21,"enemies":"3 Sentries","floor":11,"turns":8},{"damage":2,"enemies":"2 Fungi Beasts","floor":12,"turns":3},{"damage":10,"enemies":"Looter","floor":13,"turns":2},{"damage":11,"enemies":"Gremlin Gang","floor":14,"turns":1}],"seed_played":"4220964527956430081","potions_obtained":[{"floor":8,"key":"SpeedPotion"},{"floor":11,"key":"Ancient Potion"},{"floor":12,"key":"SpeedPotion"},{"floor":13,"key":"Explosive Potion"}],"is_trial":false,"path_per_floor":["M","?","M","$","?","E","R","M","T","M","E","M","M","M"],"character_chosen":"DEFECT","items_purchased":["Dream Catcher","Static Discharge","Melter"],"campfire_rested":0,"item_purchase_floors":[4,4,4],"current_hp_per_floor":[75,75,75,75,75,75,75,68,68,39,18,16,6,0],"gold":155,"neow_bonus":"THREE_ENEMY_KILL","is_prod":false,"is_daily":false,"chose_seed":false,"campfire_upgraded":0,"win_rate":0,"timestamp":1554250104,"path_taken":["M","?","M","$","?","E","R","M","T","M","E","M","M","?"],"build_version":"2019-01-23","purchased_purges":0,"victory":false,"max_hp_per_floor":[75,75,75,75,75,75,75,75,75,75,75,75,75,75],"card_choices":[{"not_picked":["Leap","Steam"],"picked":"Coolheaded","floor":1},{"not_picked":["Recycle","Conserve Battery"],"picked":"Hello World","floor":3},{"not_picked":["Leap","Recycle"],"picked":"Barrage","floor":6},{"not_picked":["Gash","Compile Driver"],"picked":"Rebound","floor":8},{"not_picked":["Steam","Conserve Battery"],"picked":"Genetic Algorithm","floor":10},{"not_picked":["Gash","Steam"],"picked":"Rip and Tear","floor":11},{"not_picked":["FTL","Ball Lightning"],"picked":"Reboot","floor":12},{"not_picked":["Compile Driver","Rebound"],"picked":"FTL","floor":13}],"player_experience":465637,"relics_obtained":[{"floor":6,"key":"Pantograph"},{"floor":9,"key":"Bottled Tornado"},{"floor":11,"key":"Torii"}],"event_choices":[{"damage_healed":0,"gold_gain":175,"player_choice":"AGREE","damage_taken":0,"max_hp_gain":0,"max_hp_loss":0,"event_name":"Liars Game","floor":2,"gold_loss":0,"cards_obtained":["Doubt"]},{"damage_healed":0,"gold_gain":0,"cards_transformed":["Defend_B"],"player_choice":"Transformed","damage_taken":0,"max_hp_gain":0,"max_hp_loss":0,"event_name":"Transmorgrifier","floor":5,"gold_loss":0,"cards_obtained":["Auto Shields"]}],"is_beta":false,"boss_relics":[],"items_purged_floors":[],"is_endless":false,"potions_floor_spawned":[8,11,12,13],"killed_by":"Gremlin Gang","ascension_level":0}