{"gold_per_floor":[111,36,111,128,128,128,151,151,151,185,185,205,239,252,252,355,355,367,395,395],"floor_reached":20,"playtime":1232,"items_purged":["Decay"],"score":230,"play_id":"10a50eba-fd6c-49ec-beec-3d74e85b882b","local_time":"20181230042136","is_ascension_mode":false,"campfire_choices":[{"data":"Compile Driver","floor":6,"key":"SMITH"},{"data":"Zap","floor":8,"key":"SMITH"},{"floor":15,"key":"REST"}],"neow_cost":"CURSE","seed_source_timestamp":134158712417315,"circlet_count":0,"master_deck":["Strike_B","Strike_B","Strike_B","Strike_B","Defend_B","Defend_B","Defend_B","Zap+1","Dualcast","Compile Driver+1","Capacitor","Self Repair","Conserve Battery","Rainbow","Ball Lightning","Doom and Gloom","All For One","Decay","Regret","Writhe","Sweeping Beam","Loop"],"relics":["Cracked Core","Ancient Tea Set","Torii","Pear","FossilizedHelix","Calling Bell","Strawberry","Darkstone Periapt","Du-Vu Doll","Red Mask"],"potions_floor_usage":[20,20,20],"damage_taken":[{"damage":3,"enemies":"Jaw Worm","floor":1,"turns":3},{"damage":0,"enemies":"Small Slimes","floor":4,"turns":3},{"damage":26,"enemies":"3 Sentries","floor":10,"turns":8},{"damage":0,"enemies":"Cultist","floor":12,"turns":3},{"damage":56,"enemies":"Gremlin Nob","floor":13,"turns":6},{"damage":0,"enemies":"Exordium Thugs","floor":14,"turns":2},{"damage":33,"enemies":"The Guardian","floor":16,"turns":9},{"damage":32,"enemies":"Shell Parasite","floor":18,"turns":5},{"damage":39,"enemies":"Masked Bandits","floor":19,"turns":4},{"damage":31,"enemies":"Colosseum Slavers","floor":20,"turns":4},{"damage":36,"enemies":"Colosseum Nobs","floor":20,"turns":3}],"seed_played":"6726396706100690344","potions_obtained":[{"floor":1,"key":"GamblersBrew"},{"floor":10,"key":"Energy Potion"},{"floor":16,"key":"SteroidPotion"}],"is_trial":false,"path_per_floor":["M","$","?","M","?","R","T","R","T","E","?","M","E","M","R","B",null,"M","?","?"],"character_chosen":"DEFECT","items_purchased":[],"campfire_rested":1,"item_purchase_floors":[],"current_hp_per_floor":[86,86,75,75,75,75,75,75,75,59,59,66,17,24,53,20,106,81,49,0],"gold":395,"neow_bonus":"TWENTY_PERCENT_HP_BONUS","is_prod":false,"is_daily":false,"chose_seed":false,"campfire_upgraded":2,"win_rate":0.0,"timestamp":1546172496,"path_taken":["M","$","?","M","?","R","?","R","T","E","?","?","E","M","R","BOSS","M","?","?"],"build_version":"2018-12-20","purchased_purges":1,"victory":false,"max_hp_per_floor":[89,89,89,89,89,89,89,89,89,99,99,99,99,99,99,99,106,106,106,106],"card_choices":[{"not_picked":["Chill","Cold Snap"],"picked":"Compile Driver","floor":1},{"not_picked":["Heatsinks","Hologram"],"picked":"Capacitor","floor":4},{"not_picked":["Reinforced Body","Reprogram"],"picked":"Self Repair","floor":10},{"not_picked":["Go for the Eyes","Aggregate"],"picked":"Rainbow","floor":12},{"not_picked":["Barrage","Conserve Battery"],"picked":"Ball Lightning","floor":13},{"not_picked":["Force Field","Cold Snap"],"picked":"Doom and Gloom","floor":14},{"not_picked":["Multi-Cast","Machine Learning"],"picked":"All For One","floor":16},{"not_picked":["Cold Snap","Capacitor"],"picked":"Sweeping Beam","floor":18},{"not_picked":["Barrage","Stack"],"picked":"Loop","floor":19}],"player_experience":160517,"relics_obtained":[{"floor":7,"key":"Ancient Tea Set"},{"floor":9,"key":"Torii"},{"floor":10,"key":"Pear"},{"floor":13,"key":"FossilizedHelix"},{"floor":17,"key":"Strawberry"},{"floor":17,"key":"Darkstone Periapt"},{"floor":17,"key":"Du-Vu Doll"},{"floor":19,"key":"Red Mask"}],"event_choices":[{"damage_healed":0,"gold_gain":75,"player_choice":"Gather Gold","damage_taken":11,"max_hp_gain":0,"max_hp_loss":0,"event_name":"World of Goop","floor":3,"gold_loss":0},{"damage_healed":0,"gold_gain":0,"player_choice":"Leave","damage_taken":0,"max_hp_gain":0,"max_hp_loss":0,"event_name":"The Cleric","floor":5,"gold_loss":0},{"damage_healed":0,"gold_gain":0,"cards_transformed":["Defend_B"],"player_choice":"Transformed","damage_taken":0,"max_hp_gain":0,"max_hp_loss":0,"event_name":"Transmorgrifier","floor":11,"gold_loss":0,"cards_obtained":["Conserve Battery"]},{"damage_healed":0,"gold_gain":0,"player_choice":"Fought Bandits","damage_taken":0,"max_hp_gain":0,"max_hp_loss":0,"event_name":"Masked Bandits","floor":19,"gold_loss":0},{"damage_healed":0,"gold_gain":0,"player_choice":"Fight","damage_taken":0,"max_hp_gain":0,"max_hp_loss":0,"event_name":"Colosseum","floor":20,"gold_loss":0},{"damage_healed":0,"gold_gain":0,"player_choice":"Fought Nobs","damage_taken":0,"max_hp_gain":0,"max_hp_loss":0,"event_name":"Colosseum","floor":20,"gold_loss":0}],"is_beta":false,"boss_relics":[{"not_picked":["Empty Cage","Nuclear Battery"],"picked":"Calling Bell"}],"items_purged_floors":[2],"is_endless":false,"potions_floor_spawned":[1,10,16,18,20],"killed_by":"Colosseum Nobs","ascension_level":0}