{"gold_per_floor":[15,15,15,30,50,77,4,37,37,54,74,90,90,90,90,195,195,209,209,224,21,21,49,49,61,61,79,79,4,4,18,18,120,120,135,35,1034,1049,1068,1068,1084,1084,1108,1122,1148,483,512,512,512,512],"floor_reached":50,"playtime":2783,"items_purged":["Strike_G","Strike_G","Defend_G"],"score":635,"play_id":"5f3de7c9-ef21-487e-9010-6a294e30dfb0","local_time":"20190502210526","is_ascension_mode":true,"campfire_choices":[{"floor":13,"key":"REST"},{"floor":15,"key":"REST"},{"floor":24,"key":"REST"},{"floor":28,"key":"REST"},{"floor":32,"key":"REST"},{"floor":40,"key":"REST"},{"floor":42,"key":"REST"},{"floor":49,"key":"REST"}],"neow_cost":"NO_GOLD","seed_source_timestamp":1905845513591400,"circlet_count":0,"master_deck":["Defend_G","Defend_G","Defend_G","Defend_G","Strike_G+1","Survivor","Neutralize+1","Deadly Poison","Poisoned Stab","Crippling Poison","Catalyst+1","Footwork+1","Noxious Fumes+1","All Out Attack","Heel Hook+1","Poisoned Stab+1","Deadly Poison","Venomology","All Out Attack+1","Deadly Poison+1","Predator+1","Leg Sweep+1","Night Terror","A Thousand Cuts+1","Bane+1","Normality","Normality","Parasite","Distraction+1","Catalyst+1","Noxious Fumes+1","Madness","Madness"],"relics":["Ring of the Snake","Incense Burner","Frozen Egg 2","Blood Vial","Molten Egg 2","Velvet Choker","MutagenicStrength","Oddly Smooth Stone","Darkstone Periapt","Calipers","Fusion Hammer","Bag of Preparation","Tingsha","Anchor","Toy Ornithopter","Whetstone"],"potions_floor_usage":[8,11,18,23,23,27,27,27,33,33,35,39,39,41,44,45,47,47,47,47,50],"damage_taken":[{"damage":0,"enemies":"Cultist","floor":1,"turns":4},{"damage":0,"enemies":"2 Louse","floor":4,"turns":3},{"damage":2,"enemies":"Jaw Worm","floor":5,"turns":4},{"damage":21,"enemies":"3 Sentries","floor":6,"turns":10},{"damage":2,"enemies":"Lagavulin","floor":8,"turns":5},{"damage":5,"enemies":"Blue Slaver","floor":10,"turns":4},{"damage":8,"enemies":"Exordium Thugs","floor":11,"turns":4},{"damage":1,"enemies":"2 Fungi Beasts","floor":12,"turns":3},{"damage":12,"enemies":"The Guardian","floor":16,"turns":7},{"damage":16,"enemies":"3 Byrds","floor":18,"turns":5},{"damage":20,"enemies":"2 Thieves","floor":20,"turns":3},{"damage":23,"enemies":"Slavers","floor":23,"turns":4},{"damage":1,"enemies":"Cultist and Chosen","floor":25,"turns":5},{"damage":3,"enemies":"Centurion and Healer","floor":27,"turns":4},{"damage":2,"enemies":"Shelled Parasite and Fungi","floor":31,"turns":4},{"damage":23,"enemies":"Automaton","floor":33,"turns":8},{"damage":11,"enemies":"3 Darklings","floor":35,"turns":3},{"damage":14,"enemies":"3 Shapes","floor":38,"turns":4},{"damage":25,"enemies":"Writhing Mass","floor":39,"turns":5},{"damage":12,"enemies":"Spire Growth","floor":41,"turns":4},{"damage":6,"enemies":"Maw","floor":44,"turns":5},{"damage":13,"enemies":"Giant Head","floor":45,"turns":6},{"damage":45,"enemies":"Nemesis","floor":47,"turns":5},{"damage":77,"enemies":"Donu and Deca","floor":50,"turns":9}],"seed_played":"8357934166923119973","potions_obtained":[{"floor":4,"key":"SpeedPotion"},{"floor":5,"key":"SkillPotion"},{"floor":10,"key":"Weak Potion"},{"floor":25,"key":"Energy Potion"},{"floor":39,"key":"GhostInAJar"},{"floor":41,"key":"SkillPotion"}],"is_trial":false,"path_per_floor":["M","$","?","M","M","E","$","E","T","M","M","M","R","?","R","B",null,"M","?","M","$","?","E","R","M","T","M","R","$","?","M","R","B",null,"M","$","?","M","M","R","M","R","T","M","E","$","E","?","R","B"],"character_chosen":"THE_SILENT","items_purchased":["Noxious Fumes+1","Oddly Smooth Stone","Poison Potion","Anchor","Regen Potion","Toy Ornithopter","Noxious Fumes+1","Block Potion"],"campfire_rested":8,"item_purchase_floors":[7,21,21,46,46,46,46,46],"current_hp_per_floor":[70,70,70,70,68,47,47,45,45,42,36,37,58,58,70,58,70,54,54,36,36,36,15,36,37,37,36,57,57,57,57,70,47,70,59,59,71,59,42,68,58,84,84,80,69,69,54,43,69,0],"gold":512,"neow_bonus":"ONE_RARE_RELIC","is_prod":false,"is_daily":false,"chose_seed":false,"campfire_upgraded":0,"win_rate":0,"timestamp":1556845526,"path_taken":["M","?","?","M","?","E","?","E","T","M","?","M","R","?","R","BOSS","M","?","M","$","?","E","R","M","T","?","R","$","?","M","R","BOSS","M","$","?","M","M","R","M","R","T","M","E","$","E","?","R","BOSS"],"build_version":"2019-01-23","purchased_purges":3,"victory":false,"max_hp_per_floor":[70,70,70,70,70,70,70,70,70,70,70,70,70,70,70,70,70,70,70,70,70,70,70,70,70,70,70,70,70,70,70,70,70,70,70,70,82,82,88,88,88,88,88,88,88,88,88,88,88,88],"card_choices":[{"not_picked":["Dagger Throw","Backflip"],"picked":"Deadly Poison","floor":1},{"not_picked":["Outmaneuver","Prepared"],"picked":"Crippling Poison","floor":4},{"not_picked":["PiercingWail","Dodge and Roll"],"picked":"Catalyst","floor":5},{"not_picked":["Outmaneuver","Flechettes"],"picked":"Footwork","floor":6},{"not_picked":["Quick Slash","Distraction"],"picked":"All Out Attack","floor":8},{"not_picked":["Underhanded Strike+1","Prepared"],"picked":"Heel Hook+1","floor":10},{"not_picked":["Prepared","Slice+1"],"picked":"Poisoned Stab+1","floor":11},{"not_picked":["Reflex","Expertise"],"picked":"Deadly Poison","floor":12},{"not_picked":["Malaise","Unload+1"],"picked":"Venomology","floor":16},{"not_picked":["Accuracy+1","Well Laid Plans+1"],"picked":"All Out Attack+1","floor":18},{"not_picked":["Dodge and Roll","Cloak And Dagger"],"picked":"Deadly Poison+1","floor":20},{"not_picked":["Cloak And Dagger+1","Backflip","Escape Plan"],"picked":"SKIP","floor":23},{"not_picked":["Expertise","Flying Knee+1"],"picked":"Predator+1","floor":25},{"not_picked":["Dagger Spray+1","Caltrops+1"],"picked":"Leg Sweep+1","floor":27},{"not_picked":["Dagger Throw+1","Expertise"],"picked":"Night Terror","floor":31},{"not_picked":["Bullet Time","Storm of Steel"],"picked":"A Thousand Cuts+1","floor":33},{"not_picked":["Slice+1","Escape Plan+1"],"picked":"Bane+1","floor":35},{"not_picked":["PiercingWail+1","Sucker Punch+1","Dagger Throw+1"],"picked":"SKIP","floor":38},{"not_picked":["Dodge and Roll+1","Backflip+1"],"picked":"Distraction+1","floor":39},{"not_picked":["Sucker Punch+1","Flying Knee+1"],"picked":"Catalyst+1","floor":41},{"not_picked":["Well Laid Plans+1","Reflex+1","Distraction+1"],"picked":"SKIP","floor":44},{"not_picked":["Flying Knee+1","Acrobatics","Poisoned Stab+1"],"picked":"SKIP","floor":45},{"not_picked":["Leg Sweep+1","Slice+1","Outmaneuver"],"picked":"SKIP","floor":47}],"player_experience":68760,"relics_obtained":[{"floor":6,"key":"Frozen Egg 2"},{"floor":8,"key":"Blood Vial"},{"floor":9,"key":"Molten Egg 2"},{"floor":23,"key":"Darkstone Periapt"},{"floor":26,"key":"Calipers"},{"floor":43,"key":"Bag of Preparation"},{"floor":45,"key":"Tingsha"},{"floor":47,"key":"Whetstone"}],"event_choices":[{"damage_healed":0,"gold_gain":0,"cards_transformed":["Strike_G"],"player_choice":"Transformed","damage_taken":0,"max_hp_gain":0,"max_hp_loss":0,"event_name":"Transmorgrifier","floor":3,"gold_loss":0,"cards_obtained":["Poisoned Stab"]},{"cards_removed":["Strike_G"],"damage_healed":0,"gold_gain":0,"player_choice":"Forget","damage_taken":0,"max_hp_gain":0,"max_hp_loss":0,"event_name":"Living Wall","floor":14,"gold_loss":0},{"damage_healed":0,"gold_gain":0,"player_choice":"Inject Mutagens","damage_taken":0,"relics_obtained":["MutagenicStrength"],"max_hp_gain":0,"max_hp_loss":0,"event_name":"Drug Dealer","floor":19,"gold_loss":0},{"damage_healed":0,"gold_gain":0,"player_choice":"Upgraded","damage_taken":0,"max_hp_gain":0,"max_hp_loss":0,"event_name":"Upgrade Shrine","floor":22,"gold_loss":0,"cards_upgraded":["Catalyst"]},{"damage_healed":0,"gold_gain":0,"player_choice":"Ignored","damage_taken":0,"max_hp_gain":0,"max_hp_loss":0,"event_name":"Ghosts","floor":30,"gold_loss":0},{"damage_healed":0,"gold_gain":999,"player_choice":"Gold","damage_taken":0,"max_hp_gain":0,"max_hp_loss":0,"event_name":"MindBloom","floor":37,"gold_loss":0,"cards_obtained":["Normality","Normality"]},{"damage_healed":0,"gold_gain":0,"player_choice":"Embrace Madness","damage_taken":11,"max_hp_gain":0,"max_hp_loss":0,"event_name":"Winding Halls","floor":48,"gold_loss":0,"cards_obtained":["Madness","Madness"]}],"is_beta":false,"boss_relics":[{"not_picked":["HoveringKite","Busted Crown"],"picked":"Velvet Choker"},{"not_picked":["Runic Pyramid","Orrery"],"picked":"Fusion Hammer"}],"items_purged_floors":[29,36,46],"is_endless":false,"potions_floor_spawned":[4,5,10,25,39,41],"killed_by":"Donu and Deca","ascension_level":1}