{"gold_per_floor":[114,127,127,127,143,143,176,176,176,176,212,212,232,250,250,369,369,383,141,156,1,20,20,38,38,115,149,149,164,164,9,9,132,132,150,425,446,469,118,118,156,156],"floor_reached":42,"playtime":3220,"items_purged":["Regret"],"score":601,"play_id":"3445b3e9-e32e-4f14-8efd-0b18c92b8ed7","local_time":"20190320163857","is_ascension_mode":true,"campfire_choices":[{"data":"Noxious Fumes","floor":6.0,"key":"SMITH"},{"data":"Night Terror","floor":8.0,"key":"SMITH"},{"floor":15.0,"key":"REST"},{"data":"Adrenaline","floor":23,"key":"SMITH"},{"floor":25,"key":"REST"},{"data":"After Image","floor":28,"key":"SMITH"},{"data":"Choke","floor":30,"key":"SMITH"},{"floor":32,"key":"REST"},{"floor":40,"key":"REST"}],"neow_cost":"NONE","seed_source_timestamp":0,"circlet_count":0,"master_deck":["Defend_G","Defend_G","Defend_G","Defend_G","Strike_G","Strike_G","Strike_G","Strike_G","Strike_G","Survivor","Neutralize+1","Dodge and Roll","Noxious Fumes+1","Night Terror+1","Acrobatics","Choke+1","Backflip","Adrenaline+1","Dagger Throw+1","Deflect","PiercingWail","After Image+1","Backstab+1","Noxious Fumes+1","Outmaneuver","Panacea","Slice+1","Corpse Explosion","Quick Slash+1","Choke+1","Poisoned Stab+1","Underhanded Strike+1","Doppelganger","Catalyst+1"],"special_seed":0,"relics":["Ring of the Snake","Dodecahedron","Golden Idol","Ancient Tea Set","Runic Pyramid","Bottled Tornado","Snake Skull","Kunai","Molten Egg 2","HoveringKite","Lantern","The Courier"],"potions_floor_usage":[27,33,35,41],"damage_taken":[{"damage":0.0,"enemies":"Small Slimes","floor":1.0,"turns":4.0},{"damage":0.0,"enemies":"Cultist","floor":2.0,"turns":4.0},{"damage":6.0,"enemies":"2 Louse","floor":5.0,"turns":3.0},{"damage":15.0,"enemies":"3 Sentries","floor":7.0,"turns":9.0},{"damage":17.0,"enemies":"Gremlin Nob","floor":11.0,"turns":5.0},{"damage":10.0,"enemies":"Gremlin Gang","floor":13.0,"turns":5.0},{"damage":15.0,"enemies":"Lots of Slimes","floor":14.0,"turns":5.0},{"damage":5.0,"enemies":"Hexaghost","floor":16.0,"turns":8.0},{"damage":0.0,"enemies":"3 Byrds","floor":18.0,"turns":5.0},{"damage":13.0,"enemies":"Spheric Guardian","floor":20.0,"turns":4.0},{"damage":5.0,"enemies":"Shelled Parasite and Fungi","floor":22.0,"turns":7.0},{"damage":6,"enemies":"Centurion and Healer","floor":24,"turns":4},{"damage":12,"enemies":"Gremlin Leader","floor":27,"turns":6},{"damage":6,"enemies":"Sentry and Sphere","floor":29,"turns":4},{"damage":15,"enemies":"Collector","floor":33,"turns":5},{"damage":12,"enemies":"Orb Walker","floor":35,"turns":3},{"damage":33,"enemies":"3 Darklings","floor":37,"turns":4},{"damage":2,"enemies":"Maw","floor":38,"turns":7},{"damage":0,"enemies":"Reptomancer","floor":41,"turns":6},{"damage":40,"enemies":"Transient","floor":42,"turns":5}],"seed_played":"3801336622552245915","potions_obtained":[{"floor":1.0,"key":"EssenceOfSteel"},{"floor":11.0,"key":"SpeedPotion"},{"floor":14.0,"key":"Dexterity Potion"},{"floor":16.0,"key":"Fire Potion"},{"floor":18.0,"key":"AttackPotion"},{"floor":24,"key":"PowerPotion"},{"floor":29,"key":"AttackPotion"},{"floor":33,"key":"PowerPotion"},{"floor":38,"key":"SkillPotion"}],"is_trial":false,"path_per_floor":["M","M","?","?","M","R","E","R","T","?","E","?","M","M","R","B",null,"M","$","M","$","M","R","M","R","T","E","R","M","R","$","R","B",null,"M","?","M","M","$","R","E","M"],"character_chosen":"THE_SILENT","items_purchased":["Bottled Tornado","Snake Skull","Outmaneuver","Panacea","Slice+1","Underhanded Strike+1","Lantern","Doppelganger"],"campfire_rested":4,"item_purchase_floors":[19,21,31,31,31,39,39,39],"current_hp_per_floor":[70,70,63,68,62,62,47,47,47,47,30,30,20,5,26,21,58,58,58,45,45,40,40,34,55,55,43,43,37,37,37,58,43,63,51,51,18,16,16,37,37,0],"gold":156,"neow_bonus":"UPGRADE_CARD","is_prod":false,"is_daily":false,"chose_seed":false,"campfire_upgraded":5,"win_rate":0,"timestamp":1553125137,"path_taken":["M","M","?","?","?","R","E","R","T","?","E","?","M","M","R","BOSS","M","$","?","$","?","R","M","R","T","E","R","M","R","$","R","BOSS","M","?","?","M","$","R","E","M"],"build_version":"2019-01-23","purchased_purges":1,"victory":false,"max_hp_per_floor":[70,70,70,70,70,70,70,70,70,70,70,70,70,70,70,70,70,70,70,70,70,70,70,70,70,70,70,70,70,70,70,70,70,70,70,70,70,70,70,70,70,70],"card_choices":[{"not_picked":["Finisher","Quick Slash"],"picked":"Dodge and Roll","floor":1.0},{"not_picked":["Slice","Cloak And Dagger"],"picked":"PiercingWail","floor":2.0},{"not_picked":["Terror","Quick Slash"],"picked":"Noxious Fumes","floor":5.0},{"not_picked":["PiercingWail","Dodge and Roll"],"picked":"Night Terror","floor":7.0},{"not_picked":["Grand Finale","Eviscerate"],"picked":"Acrobatics","floor":11.0},{"not_picked":["Calculated Gamble","Expertise"],"picked":"Choke","floor":13.0},{"not_picked":["Dagger Throw","Endless Agony"],"picked":"Backflip","floor":14.0},{"not_picked":["Die Die Die","Unload"],"picked":"Adrenaline","floor":16.0},{"not_picked":["Terror","Bouncing Flask"],"picked":"Dagger Throw+1","floor":18.0},{"not_picked":["Noxious Fumes","Cloak And Dagger"],"picked":"Deflect","floor":20.0},{"not_picked":["Sucker Punch","Acrobatics+1"],"picked":"PiercingWail","floor":22.0},{"not_picked":["Acrobatics","Endless Agony+1"],"picked":"After Image","floor":24},{"not_picked":["Underhanded Strike","Eviscerate+1"],"picked":"Backstab","floor":27},{"not_picked":["Dodge and Roll","Finisher+1"],"picked":"Noxious Fumes+1","floor":29},{"not_picked":["Doppelganger","Malaise"],"picked":"Corpse Explosion","floor":33},{"not_picked":["Dodge and Roll+1","Caltrops"],"picked":"Quick Slash+1","floor":35},{"not_picked":["Dagger Throw+1","PiercingWail"],"picked":"Choke+1","floor":37},{"not_picked":["Dodge and Roll","Sucker Punch+1"],"picked":"Poisoned Stab+1","floor":38},{"not_picked":["Infinite Blades+1","Calculated Gamble"],"picked":"Catalyst+1","floor":41}],"player_experience":348288,"relics_obtained":[{"floor":7.0,"key":"Dodecahedron"},{"floor":11.0,"key":"Ancient Tea Set"},{"floor":26,"key":"Kunai"},{"floor":27,"key":"Molten Egg 2"},{"floor":41,"key":"The Courier"}],"event_choices":[{"cards_removed":["Defend_G"],"damage_healed":0.0,"max_hp_gain":0.0,"max_hp_loss":0.0,"gold_gain":0.0,"event_name":"Golden Wing","player_choice":"Card Removal","floor":3.0,"gold_loss":0.0,"damage_taken":7.0},{"cards_removed":["PiercingWail"],"damage_healed":5.0,"max_hp_gain":0.0,"max_hp_loss":0.0,"gold_gain":0.0,"event_name":"Bonfire Elementals","player_choice":"Offered Common","floor":4.0,"gold_loss":0.0,"damage_taken":0.0},{"cards_removed":["PiercingWail"],"damage_healed":5.0,"max_hp_gain":0.0,"max_hp_loss":0.0,"gold_gain":0.0,"event_name":"Bonfire Elementals","player_choice":"Offered Special","floor":4.0,"gold_loss":0.0,"damage_taken":0.0},{"damage_healed":0.0,"max_hp_gain":0.0,"max_hp_loss":0.0,"gold_gain":0.0,"event_name":"Golden Idol","player_choice":"Take Wound","floor":10.0,"gold_loss":0.0,"damage_taken":0.0,"relics_obtained":["Golden Idol"],"cards_obtained":["Injury"]},{"cards_removed":["Injury"],"damage_healed":0.0,"max_hp_gain":0.0,"max_hp_loss":0.0,"gold_gain":0.0,"event_name":"Fountain of Cleansing","player_choice":"Removed Curses","floor":12.0,"gold_loss":0.0,"damage_taken":0.0},{"damage_healed":0,"gold_gain":275,"player_choice":"Desecrate","damage_taken":0,"max_hp_gain":0,"max_hp_loss":0,"event_name":"Golden Shrine","floor":36,"gold_loss":0,"cards_obtained":["Regret"]}],"is_beta":false,"boss_relics":[{"not_picked":["Lizard Tail","Orrery"],"picked":"Runic Pyramid"},{"not_picked":["Runic Dome","WristBlade"],"picked":"HoveringKite"}],"items_purged_floors":[39],"is_endless":false,"potions_floor_spawned":[1,11,14,16,18,24,29,33,38],"killed_by":"Transient","ascension_level":5}