{"gold_per_floor":[118,128,128,141,153,153,172,203,256,290,290,325,400,415,415,512,512,531,531,456,201,201,228,248,279,279,279,279,307,322,335,335,434,434,448,466,566,585,601,634,654,684,684,684,684,716,716,742,742,742,742,742,34,67,67],"floor_reached":56,"playtime":4174,"items_purged":[],"score":1654,"play_id":"3f87de1b-c1f3-411d-bf0e-030664ebee0c","local_time":"20190202002547","is_ascension_mode":true,"campfire_choices":[{"data":"Catalyst","floor":6.0,"key":"SMITH"},{"floor":11.0,"key":"REST"},{"data":"Footwork","floor":15.0,"key":"SMITH"},{"data":"Deadly Poison","floor":27.0,"key":"SMITH"},{"data":"Deadly Poison","floor":32.0,"key":"SMITH"},{"floor":45.0,"key":"RECALL"},{"data":"1","floor":47.0,"key":"LIFT"},{"floor":49.0,"key":"REST"},{"data":"2","floor":52.0,"key":"LIFT"}],"neow_cost":"NONE","seed_source_timestamp":732045370461600,"circlet_count":0,"master_deck":["Defend_G+1","Defend_G+1","Defend_G+1","Defend_G+1","Defend_G+1","Strike_G+1","Strike_G+1","Strike_G+1","Strike_G+1","Survivor","Neutralize+1","Backflip+1","Deadly Poison+1","PiercingWail+1","Catalyst+1","Deadly Poison+1","Writhe","Footwork+1","Deadly Poison+1","PiercingWail+1","Burst+1","Deadly Poison+1","Dodge and Roll+1","Prepared+1","Sucker Punch","Prepared+1","Dodge and Roll+1","Venomology+1","Deadly Poison+1","Deflect+1","PiercingWail+1","Dodge and Roll+1","Footwork+1","Noxious Fumes","Blur+1","Deep Breath+1","Backstab","Dodge and Roll+1"],"special_seed":0,"relics":["Cursed Key","Bag of Marbles","Toxic Egg 2","Orichalcum","Lizard Tail","Matryoshka","Omamori","Bottled Lightning","Ninja Scroll","Torii","MutagenicStrength","Bronze Scales","Black Star","Question Card","Pen Nib","The Courier","Happy Flower","Bag of Preparation","Shuriken","Girya","Meat on the Bone","War Paint","Dream Catcher","Blue Candle","Lee\u0027s Waffle","Letter Opener","Bottled Flame","Blood Vial"],"potions_floor_usage":[55,55,55,55,55,55,55],"damage_taken":[{"damage":1.0,"enemies":"Jaw Worm","floor":1.0,"turns":4.0},{"damage":0.0,"enemies":"Small Slimes","floor":2.0,"turns":3.0},{"damage":0.0,"enemies":"2 Louse","floor":4.0,"turns":3.0},{"damage":0.0,"enemies":"2 Fungi Beasts","floor":5.0,"turns":4.0},{"damage":6.0,"enemies":"Lots of Slimes","floor":7.0,"turns":5.0},{"damage":20.0,"enemies":"Gremlin Nob","floor":8.0,"turns":4.0},{"damage":1.0,"enemies":"3 Sentries","floor":10.0,"turns":8.0},{"damage":3.0,"enemies":"Lagavulin","floor":12.0,"turns":5.0},{"damage":0.0,"enemies":"3 Louse","floor":14.0,"turns":3.0},{"damage":0.0,"enemies":"The Guardian","floor":16.0,"turns":7.0},{"damage":4.0,"enemies":"Shell Parasite","floor":18.0,"turns":3.0},{"damage":9.0,"enemies":"Book of Stabbing","floor":23.0,"turns":4.0},{"damage":0.0,"enemies":"Chosen","floor":24.0,"turns":2.0},{"damage":7.0,"enemies":"Slavers","floor":25.0,"turns":7.0},{"damage":7.0,"enemies":"Gremlin Leader","floor":29.0,"turns":2.0},{"damage":0.0,"enemies":"Sentry and Sphere","floor":30.0,"turns":3.0},{"damage":0.0,"enemies":"Centurion and Healer","floor":31.0,"turns":5.0},{"damage":21.0,"enemies":"Collector","floor":33.0,"turns":5.0},{"damage":1.0,"enemies":"3 Shapes","floor":35.0,"turns":5.0},{"damage":0.0,"enemies":"Orb Walker","floor":36.0,"turns":3.0},{"damage":0.0,"enemies":"4 Shapes","floor":38.0,"turns":4.0},{"damage":12.0,"enemies":"3 Darklings","floor":39.0,"turns":4.0},{"damage":0.0,"enemies":"Nemesis","floor":40.0,"turns":7.0},{"damage":0.0,"enemies":"Spire Growth","floor":41.0,"turns":5.0},{"damage":0.0,"enemies":"Reptomancer","floor":42.0,"turns":5.0},{"damage":0.0,"enemies":"Giant Head","floor":46.0,"turns":8.0},{"damage":17.0,"enemies":"Nemesis","floor":48.0,"turns":6.0},{"damage":25.0,"enemies":"Awakened One","floor":50.0,"turns":12.0},{"damage":14.0,"enemies":"Shield and Spear","floor":54.0,"turns":7.0},{"damage":13,"enemies":"The Heart","floor":55,"turns":9}],"seed_played":"6095212451702368028","potions_obtained":[{"floor":5.0,"key":"Fruit Juice"},{"floor":7.0,"key":"GhostInAJar"},{"floor":10.0,"key":"Explosive Potion"},{"floor":14.0,"key":"SteroidPotion"},{"floor":30.0,"key":"Poison Potion"},{"floor":33.0,"key":"SmokeBomb"},{"floor":38.0,"key":"Fruit Juice"}],"is_trial":false,"path_per_floor":["M","M","?","M","M","R","M","E","T","E","R","E","?","M","R","B",null,"M","?","?","$","?","E","M","E","T","R","?","E","M","M","R","B",null,"M","M","?","M","M","E","M","E","T","?","R","E","R","E","R","B",null,"R","$","E","B",null],"character_chosen":"THE_SILENT","items_purchased":["Matryoshka","Blue Candle","Lee\u0027s Waffle","Letter Opener","Blur+1","Deep Breath+1","Backstab"],"campfire_rested":2,"item_purchase_floors":[21,53,53,53,53,53,53],"current_hp_per_floor":[69,69,55,55,55,55,54,34,34,33,55,52,41,41,41,41,75,71,71,71,71,71,62,62,55,55,55,55,48,48,48,48,27,75,74,74,74,74,67,67,67,67,67,67,67,67,67,50,74,49,80,80,87,73,62],"gold":67,"neow_bonus":"BOSS_RELIC","is_prod":false,"is_daily":false,"chose_seed":false,"campfire_upgraded":4,"win_rate":0,"timestamp":1549085147,"path_taken":["M","M","?","M","M","R","M","E","T","E","R","E","?","M","R","BOSS","M","?","?","$","?","E","M","E","T","R","?","E","M","M","R","BOSS","M","M","?","M","?","E","M","E","T","?","R","E","R","E","R","BOSS","R","$","E","BOSS"],"build_version":"2019-01-23","purchased_purges":0,"victory":true,"max_hp_per_floor":[70,70,70,70,70,70,75,75,75,75,75,75,75,75,75,75,75,75,75,75,75,75,75,75,75,75,75,75,75,75,75,75,75,75,75,75,75,75,80,80,80,80,80,80,80,80,80,80,80,80,80,80,87,87,87],"card_choices":[{"not_picked":["Quick Slash","Sucker Punch"],"picked":"Backflip","floor":1.0},{"not_picked":["Endless Agony","Sucker Punch"],"picked":"Deadly Poison","floor":2.0},{"not_picked":["Expertise","Sucker Punch"],"picked":"PiercingWail","floor":4.0},{"not_picked":["Predator","Deadly Poison"],"picked":"Catalyst","floor":5.0},{"not_picked":["Backstab","Dash"],"picked":"Deadly Poison","floor":7.0},{"not_picked":["Masterful Stab","Tactician","Slice"],"picked":"SKIP","floor":8.0},{"not_picked":["Slice","Cloak And Dagger"],"picked":"Footwork","floor":10.0},{"not_picked":["Terror+1","Choke"],"picked":"Deadly Poison+1","floor":12.0},{"not_picked":["Acrobatics+1","Dagger Throw"],"picked":"PiercingWail+1","floor":14.0},{"not_picked":["Venomology+1","Grand Finale"],"picked":"Burst+1","floor":16.0},{"not_picked":["Sucker Punch","Riddle With Holes"],"picked":"Deadly Poison+1","floor":18.0},{"not_picked":["Cloak And Dagger+1","PiercingWail+1"],"picked":"Dodge and Roll+1","floor":23.0},{"not_picked":["Backflip+1","Poisoned Stab"],"picked":"Prepared+1","floor":24.0},{"not_picked":["Cloak And Dagger+1","Outmaneuver+1"],"picked":"Sucker Punch","floor":25.0},{"not_picked":["Outmaneuver+1","Endless Agony","Tactician+1"],"picked":"SKIP","floor":29.0},{"not_picked":["Poisoned Stab+1","Dagger Spray+1"],"picked":"Prepared+1","floor":30.0},{"not_picked":["Malaise+1","Distraction+1"],"picked":"Dodge and Roll+1","floor":31.0},{"not_picked":["Grand Finale","Glass Knife"],"picked":"Venomology+1","floor":33.0},{"not_picked":["Backstab+1","Dagger Throw+1"],"picked":"Deadly Poison+1","floor":35.0},{"not_picked":["Underhanded Strike","Blade Dance+1"],"picked":"Deflect+1","floor":36.0},{"not_picked":["Calculated Gamble+1","Flying Knee+1","Concentrate+1"],"picked":"SKIP","floor":38.0},{"not_picked":["Night Terror+1","Calculated Gamble+1","Outmaneuver+1"],"picked":"SKIP","floor":39.0},{"not_picked":["Dash","Endless Agony"],"picked":"PiercingWail+1","floor":40.0},{"not_picked":["Quick Slash+1","Dash+1","Predator+1"],"picked":"Dodge and Roll+1","floor":41.0},{"not_picked":["Prepared+1","Predator+1","Flying Knee"],"picked":"Footwork+1","floor":42.0},{"not_picked":["PiercingWail+1","Dagger Throw+1","Slice","Acrobatics+1"],"picked":"SKIP","floor":46.0},{"not_picked":["PiercingWail+1","Acrobatics+1","Outmaneuver+1","Phantasmal Killer+1"],"picked":"SKIP","floor":48.0},{"not_picked":["Underhanded Strike","Cloak And Dagger+1","Flechettes"],"picked":"Noxious Fumes","floor":49.0},{"not_picked":["Leg Sweep+1","Reflex+1","Skewer"],"picked":"Dodge and Roll+1","floor":54.0}],"player_experience":184153,"relics_obtained":[{"floor":8.0,"key":"Bag of Marbles"},{"floor":10.0,"key":"Toxic Egg 2"},{"floor":12.0,"key":"Orichalcum"},{"floor":23.0,"key":"Omamori"},{"floor":25.0,"key":"Bottled Lightning"},{"floor":26.0,"key":"Ninja Scroll"},{"floor":26.0,"key":"Torii"},{"floor":29.0,"key":"Bronze Scales"},{"floor":40.0,"key":"Question Card"},{"floor":40.0,"key":"Pen Nib"},{"floor":42.0,"key":"The Courier"},{"floor":42.0,"key":"Happy Flower"},{"floor":43.0,"key":"Bag of Preparation"},{"floor":43.0,"key":"Shuriken"},{"floor":46.0,"key":"Girya"},{"floor":46.0,"key":"Meat on the Bone"},{"floor":48.0,"key":"War Paint"},{"floor":48.0,"key":"Dream Catcher"},{"floor":54.0,"key":"Bottled Flame"},{"floor":54.0,"key":"Blood Vial"}],"event_choices":[{"damage_healed":0.0,"max_hp_gain":0.0,"max_hp_loss":0.0,"gold_gain":0.0,"event_name":"Shining Light","player_choice":"Entered Light","floor":3.0,"gold_loss":0.0,"damage_taken":14.0,"cards_upgraded":["Defend_G","Neutralize"]},{"damage_healed":0.0,"max_hp_gain":0.0,"max_hp_loss":0.0,"gold_gain":75.0,"event_name":"World of Goop","player_choice":"Gather Gold","floor":13.0,"gold_loss":0.0,"damage_taken":11.0},{"damage_healed":0.0,"max_hp_gain":0.0,"max_hp_loss":0.0,"gold_gain":0.0,"event_name":"Ghosts","player_choice":"Ignored","floor":19.0,"gold_loss":0.0,"damage_taken":0.0},{"cards_removed":["Strike_G"],"damage_healed":0.0,"max_hp_gain":0.0,"max_hp_loss":0.0,"gold_gain":0.0,"event_name":"Beggar","player_choice":"Gave Gold","floor":20.0,"gold_loss":75.0,"damage_taken":0.0},{"damage_healed":0.0,"max_hp_gain":0.0,"max_hp_loss":0.0,"gold_gain":0.0,"event_name":"Back to Basics","player_choice":"Simplicity","floor":22.0,"gold_loss":0.0,"damage_taken":0.0,"cards_upgraded":["Defend_G","Defend_G","Defend_G","Defend_G","Strike_G","Strike_G","Strike_G","Strike_G"]},{"damage_healed":0.0,"max_hp_gain":0.0,"max_hp_loss":0.0,"gold_gain":0.0,"event_name":"Drug Dealer","player_choice":"Inject Mutagens","floor":28.0,"gold_loss":0.0,"damage_taken":0.0,"relics_obtained":["MutagenicStrength"]},{"damage_healed":0.0,"max_hp_gain":0.0,"max_hp_loss":0.0,"gold_gain":100.0,"event_name":"Golden Shrine","player_choice":"Pray","floor":37.0,"gold_loss":0.0,"damage_taken":0.0},{"damage_healed":0.0,"max_hp_gain":0.0,"max_hp_loss":0.0,"gold_gain":0.0,"event_name":"Tomb of Lord Red Mask","player_choice":"Ignored","floor":44.0,"gold_loss":0.0,"damage_taken":0.0}],"is_beta":false,"boss_relics":[{"not_picked":["White Beast Statue","Snecko Eye"],"picked":"Lizard Tail"},{"not_picked":["Coffee Dripper","HoveringKite"],"picked":"Black Star"}],"items_purged_floors":[],"is_endless":false,"potions_floor_spawned":[5,7,10,14,29,30,31,33,36,38,42],"ascension_level":1}