{"gold_per_floor":[118,118,268,280,205,205,236,236,236,252,270,11,11,70,70,142,192,210,210,225,235,20,20,38,38,38,38,84,99,99],"floor_reached":30,"playtime":682,"items_purged":[],"score":506,"play_id":"298ca412-f287-402d-b170-f3c632650bad","local_time":"20181127142610","is_ascension_mode":true,"campfire_choices":[{"data":"Melter","floor":6.0,"key":"SMITH"},{"data":"Consume","floor":8.0,"key":"SMITH"},{"data":"Beam Cell","floor":15.0,"key":"SMITH"},{"floor":23,"key":"REST"},{"floor":25,"key":"REST"},{"floor":27,"key":"REST"}],"neow_cost":"NONE","seed_source_timestamp":0,"circlet_count":0,"master_deck":["AscendersBane","Strike_B","Strike_B+1","Strike_B","Strike_B","Defend_B+1","Defend_B","Defend_B","Defend_B+1","Zap","Dualcast","Compile Driver","Melter+1","Consume+1","Lockon","Ball Lightning","Beam Cell+1","Thunder Strike","Cold Snap","BootSequence","Force Field","Consume+1","Glacier","Loop"],"special_seed":0,"relics":["Cracked Core","NeowsBlessing","Shuriken","Letter Opener","Runic Capacitor","Tiny House","DollysMirror","Vajra"],"potions_floor_usage":[21,24,24],"damage_taken":[{"damage":0.0,"enemies":"2 Louse","floor":1.0,"turns":1.0},{"damage":0.0,"enemies":"Small Slimes","floor":4.0,"turns":1.0},{"damage":0.0,"enemies":"3 Sentries","floor":7.0,"turns":1.0},{"damage":7.0,"enemies":"Jaw Worm","floor":10.0,"turns":3.0},{"damage":8.0,"enemies":"Exordium Wildlife","floor":11.0,"turns":2.0},{"damage":16,"enemies":"Slime Boss","floor":16,"turns":7},{"damage":10,"enemies":"Chosen","floor":18,"turns":3},{"damage":3,"enemies":"Spheric Guardian","floor":20,"turns":3},{"damage":41,"enemies":"Shelled Parasite and Fungi","floor":21,"turns":5},{"damage":17,"enemies":"Centurion and Healer","floor":24,"turns":4},{"damage":12,"enemies":"3 Cultists","floor":29,"turns":6},{"damage":57,"enemies":"Gremlin Leader","floor":30,"turns":5}],"seed_played":"-3647351065053975502","potions_obtained":[{"floor":4.0,"key":"PowerPotion"},{"floor":16,"key":"PowerPotion"},{"floor":17,"key":"Poison Potion"},{"floor":21,"key":"Explosive Potion"},{"floor":29,"key":"Strength Potion"}],"is_trial":false,"path_per_floor":["M","?","?","M","?","R","E","R","T","M","M","$","?","?","R","B",null,"M","?","M","M","$","R","M","R","T","R","T","M","E"],"character_chosen":"DEFECT","items_purchased":["Runic Capacitor","Beam Cell","DollysMirror"],"campfire_rested":3,"item_purchase_floors":[12,12,22],"current_hp_per_floor":[64,43,43,43,43,43,43,43,43,36,28,28,51,51,51,35,67,57,57,54,13,13,35,18,40,40,62,62,50,0],"gold":99,"neow_bonus":"THREE_ENEMY_KILL","is_prod":false,"is_daily":false,"chose_seed":false,"campfire_upgraded":3,"win_rate":0,"timestamp":1543346770,"path_taken":["M","?","?","M","?","R","E","R","T","M","M","$","?","?","R","BOSS","M","?","M","M","$","R","M","R","T","R","?","M","E"],"build_version":"2018-11-15","purchased_purges":0,"victory":false,"max_hp_per_floor":[71,71,71,71,71,71,71,71,71,71,71,71,71,71,71,71,76,76,76,76,76,76,76,76,76,76,76,76,76,76],"card_choices":[{"not_picked":["Barrage","Go for the Eyes"],"picked":"Compile Driver","floor":1.0},{"not_picked":["Double Energy","Steam"],"picked":"Melter","floor":4.0},{"not_picked":["Rebound","Turbo"],"picked":"Consume","floor":7.0},{"not_picked":["Gash","Storm"],"picked":"Lockon","floor":10.0},{"not_picked":["Sweeping Beam","Force Field"],"picked":"Ball Lightning","floor":11.0},{"not_picked":["Core Surge","Machine Learning"],"picked":"Thunder Strike","floor":16},{"not_picked":["Storm","Sweeping Beam"],"picked":"Cold Snap","floor":17},{"not_picked":["Coolheaded","Go for the Eyes"],"picked":"BootSequence","floor":18},{"not_picked":["Beam Cell","Blizzard"],"picked":"Force Field","floor":20},{"not_picked":["Reprogram","Gash","Genetic Algorithm"],"picked":"SKIP","floor":21},{"not_picked":["Turbo","Recycle"],"picked":"Glacier","floor":24},{"not_picked":["Machine Learning","Steam Power"],"picked":"Loop","floor":29}],"player_experience":777361,"relics_obtained":[{"floor":7.0,"key":"Shuriken"},{"floor":9.0,"key":"Letter Opener"},{"floor":28,"key":"Vajra"}],"event_choices":[{"damage_healed":0.0,"max_hp_gain":0.0,"max_hp_loss":0.0,"gold_gain":0.0,"event_name":"Shining Light","player_choice":"Entered Light","floor":2.0,"gold_loss":0.0,"damage_taken":21.0,"cards_upgraded":["Defend_B","Defend_B"]},{"damage_healed":0.0,"max_hp_gain":0.0,"max_hp_loss":0.0,"gold_gain":150.0,"event_name":"Liars Game","player_choice":"AGREE","floor":3.0,"gold_loss":0.0,"damage_taken":0.0,"cards_obtained":["Doubt"]},{"cards_removed":["Doubt"],"damage_healed":0.0,"max_hp_gain":0.0,"max_hp_loss":0.0,"gold_gain":0.0,"event_name":"The Cleric","player_choice":"Card Removal","floor":5.0,"gold_loss":75.0,"damage_taken":0.0},{"damage_healed":23.0,"max_hp_gain":0.0,"max_hp_loss":0.0,"gold_gain":0.0,"event_name":"Big Fish","player_choice":"Banana","floor":13.0,"gold_loss":0.0,"damage_taken":0.0},{"damage_healed":0.0,"max_hp_gain":0.0,"max_hp_loss":0.0,"gold_gain":59.0,"event_name":"Golden Wing","player_choice":"Gained Gold","floor":14.0,"gold_loss":0.0,"damage_taken":0.0},{"damage_healed":0,"gold_gain":0,"player_choice":"Ignored","damage_taken":0,"max_hp_gain":0,"max_hp_loss":0,"event_name":"Ghosts","floor":19,"gold_loss":0}],"is_beta":false,"boss_relics":[{"not_picked":["Lizard Tail","Coffee Dripper"],"picked":"Tiny House"}],"items_purged_floors":[],"is_endless":false,"potions_floor_spawned":[4,16,21,29],"killed_by":"Gremlin Leader","ascension_level":20}