{"gold_per_floor":[116,132,149,199,214,214,228,242,267,295,295,310,329,7,7,84,84,95,108,128,148,148],"floor_reached":22,"playtime":852,"items_purged":["Strike_R"],"score":340,"play_id":"a17189e5-bf5e-4ee5-a6e9-3d3b5f1edc00","local_time":"20190331172337","is_ascension_mode":true,"campfire_choices":[{"data":"True Grit","floor":6.0,"key":"SMITH"},{"data":"Armaments","floor":11.0,"key":"SMITH"},{"data":"Body Slam","floor":15.0,"key":"SMITH"}],"neow_cost":"NONE","seed_source_timestamp":0,"circlet_count":0,"master_deck":["AscendersBane","Strike_R","Strike_R","Defend_R","Defend_R","Defend_R","Defend_R","Wild Strike","Burning Pact","True Grit+1","Fiend Fire","Flame Barrier","Armaments+1","Body Slam+1","Immolate","Disarm","Evolve"],"special_seed":0,"relics":["Burning Blood","Pen Nib","Medical Kit","Empty Cage"],"potions_floor_usage":[22],"damage_taken":[{"damage":8.0,"enemies":"Jaw Worm","floor":1.0,"turns":5.0},{"damage":1.0,"enemies":"Cultist","floor":2.0,"turns":3.0},{"damage":4.0,"enemies":"2 Louse","floor":3.0,"turns":3.0},{"damage":12.0,"enemies":"Looter","floor":5.0,"turns":4.0},{"damage":4.0,"enemies":"Large Slime","floor":7.0,"turns":8.0},{"damage":13.0,"enemies":"2 Fungi Beasts","floor":8.0,"turns":3.0},{"damage":16.0,"enemies":"3 Sentries","floor":10.0,"turns":9.0},{"damage":8.0,"enemies":"Looter","floor":12.0,"turns":3.0},{"damage":11.0,"enemies":"Large Slime","floor":13.0,"turns":5.0},{"damage":17.0,"enemies":"Slime Boss","floor":16.0,"turns":12.0},{"damage":43.0,"enemies":"Shell Parasite","floor":18.0,"turns":6.0},{"damage":0.0,"enemies":"Chosen","floor":19.0,"turns":4.0},{"damage":13.0,"enemies":"Centurion and Healer","floor":20.0,"turns":7.0},{"damage":14.0,"enemies":"3 Cultists","floor":21.0,"turns":6.0},{"damage":13,"enemies":"Shelled Parasite and Fungi","floor":22,"turns":4}],"seed_played":"7506913726141923687","potions_obtained":[{"floor":3.0,"key":"AttackPotion"},{"floor":5.0,"key":"Dexterity Potion"},{"floor":12.0,"key":"SteroidPotion"},{"floor":16.0,"key":"AttackPotion"},{"floor":19.0,"key":"Dexterity Potion"},{"floor":21.0,"key":"AttackPotion"}],"is_trial":false,"path_per_floor":["M","M","M","?","M","R","M","M","T","E","R","M","M","$","R","B",null,"M","M","M","M","M"],"character_chosen":"IRONCLAD","items_purchased":["Medical Kit","PowerPotion"],"campfire_rested":0,"item_purchase_floors":[14,14],"current_hp_per_floor":[66,71,73,66,60,60,62,55,55,45,45,43,38,38,38,27,63,26,32,25,17,4],"gold":148,"neow_bonus":"REMOVE_CARD","is_prod":false,"is_daily":false,"chose_seed":false,"campfire_upgraded":3,"win_rate":0,"timestamp":1554024217,"path_taken":["M","M","M","?","M","R","M","M","T","E","R","M","?","$","R","BOSS","M","?","M","M","M"],"build_version":"2019-01-23","purchased_purges":1,"victory":false,"max_hp_per_floor":[75,75,75,75,75,75,75,75,75,75,75,75,75,75,75,75,75,75,75,75,75,75],"card_choices":[{"not_picked":["Thunderclap","Hemokinesis"],"picked":"Wild Strike","floor":1.0},{"not_picked":["Sever Soul","Pommel Strike"],"picked":"Burning Pact","floor":2.0},{"not_picked":["Rupture","Shrug It Off"],"picked":"True Grit","floor":3.0},{"not_picked":["Sever Soul","Iron Wave","Sentinel"],"picked":"SKIP","floor":5.0},{"not_picked":["Warcry","Disarm"],"picked":"Fiend Fire","floor":7.0},{"not_picked":["Iron Wave","Warcry"],"picked":"Flame Barrier","floor":8.0},{"not_picked":["Hemokinesis","Seeing Red"],"picked":"Armaments","floor":10.0},{"not_picked":["Armaments","Heavy Blade","Shockwave"],"picked":"SKIP","floor":12.0},{"not_picked":["Clothesline","Shockwave"],"picked":"Body Slam","floor":13.0},{"not_picked":["Limit Break","Fiend Fire"],"picked":"Immolate","floor":16.0},{"not_picked":["Flex","Uppercut"],"picked":"Disarm","floor":18.0},{"not_picked":["Sword Boomerang","Rampage","Blood for Blood"],"picked":"SKIP","floor":19.0},{"not_picked":["Bloodletting","Sever Soul"],"picked":"Evolve","floor":20.0},{"not_picked":["Wild Strike","Pummel","Heavy Blade"],"picked":"SKIP","floor":21.0}],"player_experience":1304496,"relics_obtained":[{"floor":10.0,"key":"Pen Nib"}],"event_choices":[{"damage_healed":0.0,"max_hp_gain":0.0,"max_hp_loss":0.0,"gold_gain":50.0,"event_name":"FaceTrader","player_choice":"Touch","floor":4.0,"gold_loss":0.0,"damage_taken":7.0}],"is_beta":false,"boss_relics":[{"not_picked":["Velvet Choker","Runic Dome"],"picked":"Empty Cage"}],"items_purged_floors":[14],"is_endless":false,"potions_floor_spawned":[3,5,7,12,16,19,21],"killed_by":"Shelled Parasite and Fungi","ascension_level":15}