{"gold_per_floor":[112,5,25,175,175,205,215,215,265,291,291,305,6,6,6,80,80,80,80,80,5,5,5,5,5,5,5,5,5,5,5,5,5],"floor_reached":33,"playtime":1153,"items_purged":["Strike_G"],"score":568,"play_id":"90832521-3902-47d8-ade7-4079af7d70d9","local_time":"20190423023018","is_ascension_mode":true,"campfire_choices":[{"data":"Bouncing Flask","floor":8.0,"key":"SMITH"},{"data":"Deadly Poison","floor":11.0,"key":"SMITH"},{"data":"Leg Sweep","floor":15.0,"key":"SMITH"},{"data":"Burst","floor":23,"key":"SMITH"},{"floor":25,"key":"REST"},{"data":"Bouncing Flask","floor":27,"key":"SMITH"},{"floor":32,"key":"REST"}],"neow_cost":"NONE","seed_source_timestamp":665103357151700,"circlet_count":0,"master_deck":["AscendersBane","Defend_G+1","Defend_G","Defend_G","Defend_G","Defend_G","Strike_G","Strike_G","Survivor","Neutralize","Dash","Well Laid Plans","Deadly Poison+1","Calculated Gamble+1","Bouncing Flask+1","Escape Plan","Escape Plan","Bouncing Flask+1","Leg Sweep+1","Burst+1","Deadly Poison","Bouncing Flask+1","Acrobatics","Leg Sweep+1","Writhe"],"special_seed":0,"relics":["Ring of the Snake","NeowsBlessing","Centennial Puzzle","Blood Vial","Odd Mushroom","DollysMirror","War Paint","Ectoplasm","Question Card","Bag of Preparation","Peace Pipe"],"potions_floor_usage":[24,24],"damage_taken":[{"damage":0.0,"enemies":"Small Slimes","floor":1.0,"turns":1.0},{"damage":0.0,"enemies":"2 Louse","floor":3.0,"turns":1.0},{"damage":0.0,"enemies":"Lagavulin","floor":6.0,"turns":1.0},{"damage":4.0,"enemies":"Jaw Worm","floor":7.0,"turns":3.0},{"damage":8.0,"enemies":"The Mushroom Lair","floor":10.0,"turns":4.0},{"damage":4.0,"enemies":"Blue Slaver","floor":12.0,"turns":3.0},{"damage":9.0,"enemies":"The Guardian","floor":16.0,"turns":7.0},{"damage":16.0,"enemies":"Shell Parasite","floor":18.0,"turns":3.0},{"damage":20,"enemies":"Gremlin Leader","floor":24,"turns":5},{"damage":3,"enemies":"3 Byrds","floor":28,"turns":3},{"damage":1,"enemies":"Snake Plant","floor":31,"turns":4},{"damage":76,"enemies":"Collector","floor":33,"turns":6}],"seed_played":"135886993439484334","potions_obtained":[{"floor":1.0,"key":"Explosive Potion"},{"floor":7.0,"key":"Swift Potion"},{"floor":18.0,"key":"SkillPotion"}],"is_trial":false,"path_per_floor":["M","$","M","?","?","E","M","R","T","?","R","M","$","T","R","B",null,"M","?","?","$","?","R","E","R","T","R","M","?","?","M","R","B"],"character_chosen":"THE_SILENT","items_purchased":["Well Laid Plans","Deadly Poison","DollysMirror","Leg Sweep"],"campfire_rested":2,"item_purchase_floors":[2,2,13,13],"current_hp_per_floor":[59,59,59,59,59,59,55,55,55,49,49,47,47,47,47,40,60,46,28,42,42,42,42,24,45,45,45,44,44,44,45,66,0],"gold":5,"neow_bonus":"THREE_ENEMY_KILL","is_prod":false,"is_daily":false,"chose_seed":false,"campfire_upgraded":5,"win_rate":0,"timestamp":1556001018,"path_taken":["M","$","M","?","?","E","M","R","T","?","R","M","$","?","R","BOSS","M","?","?","$","?","R","E","R","T","R","?","?","?","M","R","BOSS"],"build_version":"2019-04-21","purchased_purges":1,"victory":false,"max_hp_per_floor":[66,66,66,66,66,66,66,66,66,66,66,66,66,66,66,66,66,66,71,71,71,71,71,71,71,71,71,71,71,71,71,71,71],"card_choices":[{"not_picked":["Quick Slash","Bane"],"picked":"Dash","floor":1.0},{"not_picked":["Concentrate","Slice"],"picked":"Calculated Gamble","floor":3.0},{"not_picked":["Dodge and Roll","Blur"],"picked":"Bouncing Flask","floor":6.0},{"not_picked":["Blade Dance","Underhanded Strike","Quick Slash"],"picked":"SKIP","floor":7.0},{"not_picked":["Deflect","Dodge and Roll"],"picked":"Escape Plan","floor":10.0},{"not_picked":["Cloak And Dagger","Backflip"],"picked":"Escape Plan","floor":12.0},{"not_picked":["Wraith Form v2","Grand Finale"],"picked":"Burst","floor":16.0},{"not_picked":["Dodge and Roll","Blade Dance"],"picked":"Deadly Poison","floor":18.0},{"not_picked":["Flying Knee","Quick Slash","Leg Sweep+1"],"picked":"SKIP","floor":24},{"not_picked":["Flying Knee","Quick Slash"],"picked":"Leg Sweep+1","floor":24},{"not_picked":["Slice","Dagger Throw","Bouncing Flask","Dash"],"picked":"SKIP","floor":28},{"not_picked":["Bouncing Flask","Bane","Cloak And Dagger+1","Prepared"],"picked":"SKIP","floor":31}],"player_experience":1370257,"relics_obtained":[{"floor":6.0,"key":"Centennial Puzzle"},{"floor":9.0,"key":"Blood Vial"},{"floor":10.0,"key":"Odd Mushroom"},{"floor":14.0,"key":"War Paint"},{"floor":24,"key":"Question Card"},{"floor":26,"key":"Bag of Preparation"}],"event_choices":[{"damage_healed":0.0,"max_hp_gain":0.0,"max_hp_loss":0.0,"gold_gain":150.0,"event_name":"Liars Game","player_choice":"AGREE","floor":4.0,"gold_loss":0.0,"damage_taken":0.0,"cards_obtained":["Doubt"]},{"cards_removed":["Doubt"],"damage_healed":0.0,"max_hp_gain":0.0,"max_hp_loss":0.0,"gold_gain":0.0,"event_name":"Living Wall","player_choice":"Forget","floor":5.0,"gold_loss":0.0,"damage_taken":0.0},{"damage_healed":0.0,"max_hp_gain":0.0,"max_hp_loss":0.0,"gold_gain":0.0,"event_name":"Mushrooms","player_choice":"Fought Mushrooms","floor":10.0,"gold_loss":0.0,"damage_taken":0.0},{"damage_healed":0.0,"max_hp_gain":5.0,"max_hp_loss":0.0,"gold_gain":0.0,"event_name":"Forgotten Altar","player_choice":"Shed Blood","floor":19.0,"gold_loss":0.0,"damage_taken":23.0},{"damage_healed":14,"gold_gain":0,"player_choice":"Heal","damage_taken":0,"max_hp_gain":0,"max_hp_loss":0,"event_name":"The Library","floor":20,"gold_loss":0},{"damage_healed":0,"gold_gain":0,"cards_transformed":["Strike_G","Strike_G"],"player_choice":"Became Test Subject","damage_taken":0,"max_hp_gain":0,"max_hp_loss":0,"event_name":"Drug Dealer","floor":22,"gold_loss":0,"cards_obtained":["Bouncing Flask","Acrobatics"]},{"damage_healed":0,"gold_gain":0,"player_choice":"Opened","damage_taken":0,"relics_obtained":["Peace Pipe"],"max_hp_gain":0,"max_hp_loss":0,"event_name":"The Mausoleum","floor":29,"gold_loss":0,"cards_obtained":["Writhe"]},{"damage_healed":0,"gold_gain":0,"player_choice":"Ignored","damage_taken":0,"max_hp_gain":0,"max_hp_loss":0,"event_name":"Beggar","floor":30,"gold_loss":0}],"is_beta":true,"boss_relics":[{"not_picked":["Cursed Key","WristBlade"],"picked":"Ectoplasm"}],"items_purged_floors":[21],"is_endless":false,"potions_floor_spawned":[1,7,18],"killed_by":"Collector","ascension_level":20}