{"path_per_floor":["M","?","M","?","$","R","M","R","T","M","M","M","M","M","R","B",null,"M","$","?","?","M","R","M","R","T","?","M","R","$"],"character_chosen":"IRONCLAD","items_purchased":["Pen Nib","Perfected Strike"],"gold_per_floor":[115,115,134,134,59,59,78,78,78,95,108,124,142,162,162,264,264,284,32,32,32,51,51,70,70,70,70,84,84,58,58],"floor_reached":31,"campfire_rested":1,"playtime":997,"item_purchase_floors":[19,30],"current_hp_per_floor":[77,82,82,82,82,82,76,76,76,56,37,37,37,16,41,13,85,73,73,57,57,52,52,42,42,42,42,13,13,13,0],"items_purged":["Decay","Defend_R"],"gold":58,"score":229,"play_id":"066004d1-a844-4789-a009-fca7abf39600","local_time":"20180531141159","is_prod":false,"is_daily":false,"chose_seed":false,"is_ascension_mode":false,"campfire_upgraded":5,"win_rate":0,"timestamp":1527747119,"campfire_choices":[{"data":"Sword Boomerang","floor":6,"key":"SMITH"},{"data":"Bash","floor":8,"key":"SMITH"},{"floor":15,"key":"REST"},{"data":"Uppercut","floor":23,"key":"SMITH"},{"data":"Perfected Strike","floor":25,"key":"SMITH"},{"data":"Pommel Strike","floor":29,"key":"SMITH"}],"path_taken":["M","?","M","?","$","R","?","R","T","M","M","M","M","M","R","BOSS","M","$","?","?","M","R","M","R","T","?","M","R","?","M"],"build_version":"2018-05-24","seed_source_timestamp":280029691991384,"purchased_purges":2,"victory":false,"master_deck":["Strike_R","Strike_R","Strike_R","Strike_R","Strike_R","Defend_R","Defend_R","Defend_R","Bash+1","Sword Boomerang+1","Perfected Strike+1","Shrug It Off","Uppercut+1","Barricade","Perfected Strike+1","Seeing Red","Pommel Strike","Pommel Strike+1","Perfected Strike"],"max_hp_per_floor":[80,85,85,85,85,85,85,85,85,85,85,85,85,85,85,85,85,85,85,90,90,90,90,90,90,90,90,90,90,90,90],"relics":["Snecko Eye","Pen Nib"],"card_choices":[{"not_picked":["True Grit","Sever Soul","Combust"],"picked":"SKIP","floor":1},{"not_picked":["Wild Strike","Anger"],"picked":"Sword Boomerang","floor":3},{"not_picked":["Body Slam","Iron Wave","Combust"],"picked":"SKIP","floor":7},{"not_picked":["Body Slam","Feel No Pain","Sentinel"],"picked":"SKIP","floor":10},{"not_picked":["Armaments","Iron Wave"],"picked":"Perfected Strike","floor":11},{"not_picked":["Flex","Clash"],"picked":"Shrug It Off","floor":12},{"not_picked":["Metallicize","Rage"],"picked":"Uppercut","floor":13},{"not_picked":["Shrug It Off","Headbutt"],"picked":"Barricade","floor":14},{"not_picked":["Corruption","Disarm+1"],"picked":"Perfected Strike+1","floor":18},{"not_picked":["Heavy Blade","Warcry"],"picked":"Seeing Red","floor":22},{"not_picked":["Anger","Combust+1","Burning Pact"],"picked":"SKIP","floor":24},{"not_picked":["Power Through","Whirlwind+1"],"picked":"Pommel Strike","floor":28}],"player_experience":204540,"potions_floor_usage":[14,22,22],"damage_taken":[{"damage":3,"enemies":"Small Slimes","floor":1,"turns":3},{"damage":0,"enemies":"Cultist","floor":3,"turns":2},{"damage":6,"enemies":"Jaw Worm","floor":7,"turns":3},{"damage":20,"enemies":"Lots of Slimes","floor":10,"turns":4},{"damage":19,"enemies":"Exordium Thugs","floor":11,"turns":4},{"damage":0,"enemies":"Looter","floor":12,"turns":1},{"damage":0,"enemies":"Exordium Wildlife","floor":13,"turns":3},{"damage":21,"enemies":"3 Louse","floor":14,"turns":3},{"damage":28,"enemies":"Slime Boss","floor":16,"turns":13},{"damage":12,"enemies":"2 Thieves","floor":18,"turns":4},{"damage":5,"enemies":"Spheric Guardian","floor":22,"turns":3},{"damage":10,"enemies":"Chosen and Byrds","floor":24,"turns":3},{"damage":29,"enemies":"Slaver and Parasite","floor":28,"turns":4},{"damage":20,"enemies":"Centurion and Healer","floor":31,"turns":1}],"relics_obtained":[],"event_choices":[{"event_name":"Big Fish","player_choice":"Donut","floor":2,"damage_taken":0},{"event_name":"Wheel of Change","player_choice":"Curse","floor":4,"damage_taken":0},{"event_name":"Forgotten Altar","player_choice":"Shed Blood","floor":20,"damage_taken":0},{"event_name":"Addict","player_choice":"Ignored","floor":21,"damage_taken":0},{"event_name":"The Library","player_choice":"Read","floor":27,"damage_taken":0}],"boss_relics":[{"not_picked":["Eternal Feather","Orrery","Sozu"]}],"items_purged_floors":[5,19],"potions_floor_spawned":[3,11,14,18,28],"seed_played":"-1485331761649392932","killed_by":"Centurion and Healer","ascension_level":0,"potions_obtained":[{"floor":3,"key":"SpeedPotion"},{"floor":11,"key":"Ancient Potion"},{"floor":14,"key":"Ancient Potion"},{"floor":18,"key":"Weak Potion"},{"floor":28,"key":"PowerPotion"}],"is_trial":false}