{"gold_per_floor":[19,33,33,33,52,85,85,111,111,61,61,78,94,119,119,196,196,207,132,112,127,127,127,146,21,67,67],"floor_reached":27,"playtime":673,"items_purged":["Strike_R"],"score":435,"play_id":"d4c83685-bcc0-4761-977f-cd4caa3d5dce","local_time":"20190430082501","is_ascension_mode":true,"campfire_choices":[{"data":"Demon Form","floor":7,"key":"SMITH"},{"data":"Limit Break","floor":11,"key":"SMITH"},{"data":"Sword Boomerang","floor":15,"key":"SMITH"},{"floor":23,"key":"REST"}],"neow_cost":"NO_GOLD","seed_source_timestamp":158827619401000,"circlet_count":0,"master_deck":["AscendersBane","Strike_R","Strike_R","Defend_R","Defend_R","Defend_R","Defend_R","Bash","Demon Form+1","Pommel Strike","Pommel Strike+1","Twin Strike","Limit Break+1","Sword Boomerang+1","Reaper","Heavy Blade+1","Rage+1"],"relics":["Burning Blood","PreservedInsect","Shuriken","Bag of Preparation","Bottled Tornado","Mark of Pain","Molten Egg 2","Whetstone"],"potions_floor_usage":[6,8,21,21],"damage_taken":[{"damage":1,"enemies":"Cultist","floor":1,"turns":3},{"damage":8,"enemies":"Small Slimes","floor":2,"turns":3},{"damage":9,"enemies":"Jaw Worm","floor":5,"turns":3},{"damage":32,"enemies":"Gremlin Nob","floor":6,"turns":4},{"damage":0,"enemies":"Lagavulin","floor":8,"turns":3},{"damage":16,"enemies":"Blue Slaver","floor":12,"turns":4},{"damage":0,"enemies":"Large Slime","floor":13,"turns":3},{"damage":16,"enemies":"Gremlin Nob","floor":14,"turns":3},{"damage":33,"enemies":"Slime Boss","floor":16,"turns":4},{"damage":6,"enemies":"Spheric Guardian","floor":18,"turns":3},{"damage":15,"enemies":"Shell Parasite","floor":21,"turns":4},{"damage":43,"enemies":"Colosseum Slavers","floor":22,"turns":4},{"damage":42,"enemies":"Shelled Parasite and Fungi","floor":24,"turns":5},{"damage":23,"enemies":"Snake Plant","floor":27,"turns":2}],"seed_played":"-4047631250971871845","potions_obtained":[{"floor":5,"key":"SteroidPotion"},{"floor":6,"key":"BloodPotion"},{"floor":12,"key":"Swift Potion"},{"floor":14,"key":"Block Potion"},{"floor":16,"key":"Weak Potion"}],"is_trial":false,"path_per_floor":["M","M","?","?","M","E","R","E","T","?","R","M","M","E","R","B",null,"M","$","?","M","?","R","M","?","T","M"],"character_chosen":"IRONCLAD","items_purchased":[],"campfire_rested":1,"item_purchase_floors":[],"current_hp_per_floor":[73,71,76,69,66,40,40,54,54,54,54,44,50,40,40,13,63,74,74,74,65,28,52,16,16,16,0],"gold":67,"neow_bonus":"THREE_RARE_CARDS","is_prod":false,"is_daily":false,"chose_seed":false,"campfire_upgraded":3,"win_rate":0,"timestamp":1556583901,"path_taken":["M","M","?","?","?","E","R","E","T","?","R","M","M","E","R","BOSS","M","$","?","?","?","R","M","?","T","?"],"build_version":"2019-01-23","purchased_purges":1,"victory":false,"max_hp_per_floor":[75,75,80,80,80,80,80,80,80,80,80,80,80,80,80,80,80,80,80,80,80,80,80,80,80,80,80],"card_choices":[{"not_picked":["Reaper","Dark Embrace"],"picked":"Demon Form","floor":0},{"not_picked":["Havoc","Searing Blow"],"picked":"Pommel Strike","floor":1},{"not_picked":["Rampage","Wild Strike","Spot Weakness"],"picked":"SKIP","floor":2},{"not_picked":["Burning Pact","Headbutt"],"picked":"Pommel Strike","floor":5},{"not_picked":["Rupture","Clash"],"picked":"Twin Strike","floor":6},{"not_picked":["Bloodletting","Thunderclap"],"picked":"Limit Break","floor":8},{"not_picked":["Iron Wave","Cleave","Perfected Strike"],"picked":"SKIP","floor":12},{"not_picked":["Power Through","Hemokinesis"],"picked":"Sword Boomerang","floor":13},{"not_picked":["Havoc","Clash","Evolve"],"picked":"SKIP","floor":14},{"not_picked":["Double Tap","Brutality"],"picked":"Reaper","floor":16},{"not_picked":["Cleave","Sever Soul"],"picked":"Heavy Blade","floor":18},{"not_picked":["Shrug It Off","Flex"],"picked":"Rage+1","floor":21},{"not_picked":["Wild Strike","Twin Strike","Perfected Strike"],"picked":"SKIP","floor":24}],"player_experience":557010,"relics_obtained":[{"floor":6,"key":"PreservedInsect"},{"floor":8,"key":"Shuriken"},{"floor":9,"key":"Bag of Preparation"},{"floor":14,"key":"Bottled Tornado"},{"floor":26,"key":"Whetstone"}],"event_choices":[{"damage_healed":0,"gold_gain":0,"player_choice":"Donut","damage_taken":0,"max_hp_gain":5,"max_hp_loss":0,"event_name":"Big Fish","floor":3,"gold_loss":0},{"cards_removed":["Strike_R"],"damage_healed":0,"gold_gain":0,"player_choice":"Card Removal","damage_taken":7,"max_hp_gain":0,"max_hp_loss":0,"event_name":"Golden Wing","floor":4,"gold_loss":0},{"cards_removed":["Strike_R"],"damage_healed":0,"gold_gain":0,"player_choice":"Card Removal","damage_taken":0,"max_hp_gain":0,"max_hp_loss":0,"event_name":"The Cleric","floor":10,"gold_loss":50},{"damage_healed":0,"gold_gain":0,"player_choice":"Bought 1 Potion","damage_taken":0,"max_hp_gain":0,"max_hp_loss":0,"event_name":"The Woman in Blue","floor":20,"gold_loss":0},{"damage_healed":0,"gold_gain":0,"player_choice":"Fight","damage_taken":0,"max_hp_gain":0,"max_hp_loss":0,"event_name":"Colosseum","floor":22,"gold_loss":0},{"damage_healed":0,"gold_gain":0,"player_choice":"Fled From Nobs","damage_taken":0,"max_hp_gain":0,"max_hp_loss":0,"event_name":"Colosseum","floor":22,"gold_loss":0},{"damage_healed":0,"gold_gain":0,"player_choice":"Paid Gold","damage_taken":0,"relics_obtained":["Molten Egg 2"],"max_hp_gain":0,"max_hp_loss":0,"event_name":"WeMeetAgain","floor":25,"gold_loss":125}],"is_beta":false,"boss_relics":[{"not_picked":["Calling Bell","Orrery"],"picked":"Mark of Pain"}],"items_purged_floors":[19],"is_endless":false,"potions_floor_spawned":[5,6,12,14,16,22],"killed_by":"Snake Plant","ascension_level":14}