{"gold_per_floor":[111,186,56,56,30,30,40,40,87,106,118,118,133,3,3,80,80,90,90,101,101,120,120,140,157,157,157,157],"floor_reached":28,"playtime":1666,"items_purged":["Defend_G"],"score":420,"play_id":"c2bebbc5-5eb6-4f26-a5a5-eff98b12caec","local_time":"20190424023034","is_ascension_mode":true,"campfire_choices":[{"data":"Footwork","floor":6.0,"key":"SMITH"},{"data":"Neutralize","floor":8.0,"key":"SMITH"},{"data":"Deadly Poison","floor":15.0,"key":"SMITH"},{"floor":23.0,"key":"REST"},{"floor":27.0,"key":"REST"}],"neow_cost":"NONE","seed_source_timestamp":0,"circlet_count":0,"master_deck":["AscendersBane","Defend_G","Defend_G","Defend_G","Defend_G","Strike_G","Strike_G","Strike_G","Strike_G","Strike_G","Survivor","Neutralize+1","Deep Breath+1","Slice","Footwork+1","Backflip","Slice","Backflip","Deadly Poison+1","Dagger Spray","Backflip","Noxious Fumes","Corpse Explosion","Deadly Poison+1","Skewer+1","J.A.X.","Deflect+1"],"special_seed":0,"relics":["Ring of the Snake","Smiling Mask","Philosopher\u0027s Stone","FossilizedHelix"],"potions_floor_usage":[28],"damage_taken":[{"damage":5.0,"enemies":"2 Louse","floor":1.0,"turns":3.0},{"damage":0.0,"enemies":"Jaw Worm","floor":7.0,"turns":4.0},{"damage":3.0,"enemies":"Cultist","floor":10.0,"turns":4.0},{"damage":0.0,"enemies":"Blue Slaver","floor":11.0,"turns":4.0},{"damage":8.0,"enemies":"Looter","floor":13.0,"turns":3.0},{"damage":3.0,"enemies":"The Guardian","floor":16.0,"turns":11.0},{"damage":18.0,"enemies":"Chosen","floor":18.0,"turns":5.0},{"damage":0.0,"enemies":"Spheric Guardian","floor":20.0,"turns":3.0},{"damage":8.0,"enemies":"Centurion and Healer","floor":22.0,"turns":4.0},{"damage":26.0,"enemies":"Shelled Parasite and Fungi","floor":24.0,"turns":4.0},{"damage":22.0,"enemies":"Snecko","floor":25.0,"turns":6.0},{"damage":9,"enemies":"Slavers","floor":28,"turns":3}],"seed_played":"3925108963211902823","potions_obtained":[{"floor":13.0,"key":"Fire Potion"},{"floor":16.0,"key":"Poison Potion"},{"floor":24.0,"key":"SpeedPotion"}],"is_trial":false,"path_per_floor":["M","?","$","?","$","R","M","R","T","M","M","?","M","$","R","B",null,"M","?","M","?","M","R","M","M","T","R","E"],"character_chosen":"THE_SILENT","items_purchased":["Footwork","Backflip","Slice","Noxious Fumes"],"campfire_rested":2,"item_purchase_floors":[3,3,5,14],"current_hp_per_floor":[54,43,43,43,43,43,43,43,43,40,40,40,32,32,32,29,57,39,39,39,39,31,50,24,2,2,21,12],"gold":157,"neow_bonus":"RANDOM_COLORLESS","is_prod":false,"is_daily":false,"chose_seed":false,"campfire_upgraded":3,"win_rate":0,"timestamp":1556087434,"path_taken":["M","?","$","?","$","R","M","R","T","M","M","?","?","?","R","BOSS","M","?","M","?","M","R","M","M","T","R","E"],"build_version":"2019-04-23","purchased_purges":1,"victory":false,"max_hp_per_floor":[66,66,66,66,66,66,66,66,66,66,66,66,66,66,66,66,66,66,66,66,66,66,66,66,66,66,66,66],"card_choices":[{"not_picked":["Masterful Stab","PiercingWail"],"picked":"Slice","floor":1.0},{"not_picked":["Blade Dance","Prepared"],"picked":"Backflip","floor":7.0},{"not_picked":["Acrobatics","Noxious Fumes"],"picked":"Deadly Poison","floor":10.0},{"not_picked":["Acrobatics","Leg Sweep"],"picked":"Dagger Spray","floor":11.0},{"not_picked":["Sucker Punch","Heel Hook"],"picked":"Backflip","floor":13.0},{"not_picked":["Tools of the Trade","Malaise"],"picked":"Corpse Explosion","floor":16.0},{"not_picked":["Slice","Prepared"],"picked":"Deadly Poison+1","floor":18.0},{"not_picked":["Outmaneuver","Quick Slash"],"picked":"Skewer+1","floor":20.0},{"not_picked":["Quick Slash","Eviscerate","Dagger Throw"],"picked":"SKIP","floor":22.0},{"not_picked":["Flying Knee+1","Dagger Throw+1","Endless Agony"],"picked":"SKIP","floor":24.0},{"not_picked":["Quick Slash","Noxious Fumes"],"picked":"Deflect+1","floor":25.0}],"player_experience":1371410,"relics_obtained":[{"floor":9.0,"key":"Smiling Mask"},{"floor":26.0,"key":"FossilizedHelix"}],"event_choices":[{"damage_healed":0.0,"max_hp_gain":0.0,"max_hp_loss":0.0,"gold_gain":75.0,"event_name":"World of Goop","player_choice":"Gather Gold","floor":2.0,"gold_loss":0.0,"damage_taken":11.0},{"damage_healed":0.0,"max_hp_gain":0.0,"max_hp_loss":0.0,"gold_gain":0.0,"event_name":"Living Wall","player_choice":"Grow","floor":4.0,"gold_loss":0.0,"damage_taken":0.0,"cards_upgraded":["Deep Breath"]},{"damage_healed":0.0,"max_hp_gain":0.0,"max_hp_loss":0.0,"gold_gain":0.0,"event_name":"Golden Idol","player_choice":"Ignored","floor":12.0,"gold_loss":0.0,"damage_taken":0.0},{"damage_healed":0.0,"max_hp_gain":0.0,"max_hp_loss":0.0,"gold_gain":0.0,"event_name":"Cursed Tome","player_choice":"Ignored","floor":19.0,"gold_loss":0.0,"damage_taken":0.0},{"damage_healed":0.0,"max_hp_gain":0.0,"max_hp_loss":0.0,"gold_gain":0.0,"event_name":"Drug Dealer","player_choice":"Obtain J.A.X.","floor":21.0,"gold_loss":0.0,"damage_taken":0.0,"cards_obtained":["J.A.X."]}],"is_beta":true,"boss_relics":[{"not_picked":["Astrolabe","Tiny House"],"picked":"Philosopher\u0027s Stone"}],"items_purged_floors":[14],"is_endless":false,"potions_floor_spawned":[13,16,20,24],"killed_by":"Slavers","ascension_level":20}