{"gold_per_floor":[361,4,20,20,30,55,116,116,186,34,60,75,75,91,91,167,167,185,185,185,98,121,147,163,163],"floor_reached":25,"playtime":711,"items_purged":["Decay","Strike_G"],"score":401,"play_id":"fd5f24a1-cb0f-45ee-ba6b-cc146ac920cf","local_time":"20190304164511","is_ascension_mode":true,"campfire_choices":[{"floor":8,"key":"REST"},{"data":"Bouncing Flask","floor":15,"key":"SMITH"}],"neow_cost":"CURSE","seed_source_timestamp":165130752048501,"circlet_count":0,"master_deck":["AscendersBane","Defend_G","Defend_G","Defend_G","Defend_G","Defend_G","Strike_G","Strike_G","Strike_G","Strike_G","Survivor","Neutralize","Well Laid Plans","Corpse Explosion","Bouncing Flask+1","Noxious Fumes","Escape Plan","Backflip","Catalyst","Acrobatics"],"relics":["Ring of the Snake","Membership Card","Snake Skull","Ancient Tea Set","Potion Belt","The Specimen","Matryoshka","Busted Crown","Ninja Scroll","Lantern","Bag of Marbles"],"potions_floor_usage":[6,7,12,12,12,16,25],"damage_taken":[{"damage":5,"enemies":"Cultist","floor":1,"turns":5},{"damage":4,"enemies":"Small Slimes","floor":3,"turns":4},{"damage":8,"enemies":"2 Louse","floor":5,"turns":2},{"damage":27,"enemies":"Gremlin Nob","floor":6,"turns":5},{"damage":13,"enemies":"Gremlin Nob","floor":7,"turns":4},{"damage":15,"enemies":"Lagavulin","floor":11,"turns":6},{"damage":3,"enemies":"Large Slime","floor":12,"turns":5},{"damage":3,"enemies":"Looter","floor":14,"turns":4},{"damage":21,"enemies":"The Guardian","floor":16,"turns":8},{"damage":0,"enemies":"Spheric Guardian","floor":18,"turns":2},{"damage":28,"enemies":"Slavers","floor":23,"turns":3},{"damage":18,"enemies":"2 Thieves","floor":24,"turns":3},{"damage":21,"enemies":"Book of Stabbing","floor":25,"turns":4}],"seed_played":"6430876813428173180","potions_obtained":[{"floor":3,"key":"Explosive Potion"},{"floor":5,"key":"Block Potion"},{"floor":11,"key":"EntropicBrew"},{"floor":14,"key":"SkillPotion"},{"floor":16,"key":"Regen Potion"},{"floor":23,"key":"SteroidPotion"}],"is_trial":false,"path_per_floor":["M","$","M","?","M","E","?","R","T","$","E","M","?","M","R","B",null,"M","?","?","$","T","E","M","E"],"character_chosen":"THE_SILENT","items_purchased":["Membership Card","Well Laid Plans","Snake Skull","The Specimen","Catalyst"],"campfire_rested":1,"item_purchase_floors":[2,2,2,10,21],"current_hp_per_floor":[54,54,50,50,42,15,2,21,21,21,6,3,25,22,22,1,50,50,50,50,50,50,22,4,0],"gold":163,"neow_bonus":"TWO_FIFTY_GOLD","is_prod":false,"is_daily":false,"chose_seed":false,"campfire_upgraded":1,"win_rate":0,"timestamp":1551689111,"path_taken":["M","$","M","?","M","E","?","R","T","$","E","M","?","M","R","BOSS","M","?","?","$","?","E","M","E"],"build_version":"2019-01-23","purchased_purges":2,"victory":false,"max_hp_per_floor":[66,66,66,66,66,66,66,66,66,66,66,66,66,66,66,66,66,66,66,66,66,66,66,66,66],"card_choices":[{"not_picked":["Dodge and Roll","Dagger Throw","All Out Attack"],"picked":"SKIP","floor":1},{"not_picked":["PiercingWail","Prepared"],"picked":"Corpse Explosion","floor":3},{"not_picked":["Dagger Spray","Reflex"],"picked":"Bouncing Flask","floor":5},{"not_picked":["Poisoned Stab","Dagger Spray"],"picked":"Noxious Fumes","floor":6},{"not_picked":["Bane","Concentrate"],"picked":"Escape Plan","floor":7},{"not_picked":["Deflect","A Thousand Cuts","Masterful Stab"],"picked":"SKIP","floor":11},{"not_picked":["Finisher","Deflect","PiercingWail"],"picked":"SKIP","floor":12},{"not_picked":["Dagger Spray","Quick Slash","Tools of the Trade"],"picked":"SKIP","floor":14},{"not_picked":["Deflect"],"picked":"SKIP","floor":18},{"not_picked":["Dodge and Roll"],"picked":"SKIP","floor":23},{"not_picked":[],"picked":"Acrobatics","floor":24}],"player_experience":1105764,"relics_obtained":[{"floor":6,"key":"Ancient Tea Set"},{"floor":7,"key":"Potion Belt"},{"floor":11,"key":"Matryoshka"},{"floor":22,"key":"Ninja Scroll"},{"floor":22,"key":"Lantern"},{"floor":23,"key":"Bag of Marbles"}],"event_choices":[{"damage_healed":0,"gold_gain":0,"player_choice":"Leave","damage_taken":0,"max_hp_gain":0,"max_hp_loss":0,"event_name":"The Cleric","floor":4,"gold_loss":0},{"damage_healed":0,"gold_gain":0,"player_choice":"Searched \u00271\u0027 times","damage_taken":0,"max_hp_gain":0,"max_hp_loss":0,"event_name":"Dead Adventurer","floor":7,"gold_loss":0},{"damage_healed":22,"gold_gain":0,"player_choice":"Banana","damage_taken":0,"max_hp_gain":0,"max_hp_loss":0,"event_name":"Big Fish","floor":13,"gold_loss":0},{"damage_healed":0,"gold_gain":0,"player_choice":"Read","damage_taken":0,"max_hp_gain":0,"max_hp_loss":0,"event_name":"The Library","floor":19,"gold_loss":0,"cards_obtained":["Backflip"]},{"damage_healed":0,"gold_gain":0,"player_choice":"Ignored","damage_taken":0,"max_hp_gain":0,"max_hp_loss":0,"event_name":"Cursed Tome","floor":20,"gold_loss":0}],"is_beta":false,"boss_relics":[{"not_picked":["Lizard Tail","WristBlade"],"picked":"Busted Crown"}],"items_purged_floors":[2,21],"is_endless":false,"potions_floor_spawned":[3,5,11,14,16,23],"killed_by":"Book of Stabbing","ascension_level":15}