{"gold_per_floor":[109,120,45,45,16,16,78,90,117,392,404,404,417,431,431,431],"floor_reached":16,"playtime":471,"items_purged":["Decay"],"score":204,"play_id":"170b7092-3df8-4ea0-ba9e-dc7e6cfb7a00","local_time":"20190205141120","is_ascension_mode":true,"campfire_choices":[{"data":"Cloak And Dagger","floor":6,"key":"SMITH"},{"floor":12,"key":"REST"},{"floor":15,"key":"REST"}],"neow_cost":"CURSE","seed_source_timestamp":69063733467363,"circlet_count":0,"master_deck":["AscendersBane","Defend_G","Defend_G","Defend_G","Defend_G","Defend_G","Strike_G","Strike_G","Strike_G","Strike_G","Strike_G","Survivor","Neutralize","Venomology","Riddle With Holes+1","Slice","Cloak And Dagger+1","Calculated Gamble","Regret","Heel Hook","Finisher"],"relics":["Ring of the Snake","Tiny Chest","Strawberry"],"potions_floor_usage":[7,7,8,11,11,14,16,16],"damage_taken":[{"damage":6,"enemies":"Small Slimes","floor":1,"turns":7},{"damage":3,"enemies":"2 Louse","floor":2,"turns":3},{"damage":28,"enemies":"3 Sentries","floor":7,"turns":8},{"damage":1,"enemies":"Cultist","floor":8,"turns":3},{"damage":11,"enemies":"Gremlin Gang","floor":11,"turns":5},{"damage":0,"enemies":"Exordium Wildlife","floor":13,"turns":3},{"damage":7,"enemies":"2 Fungi Beasts","floor":14,"turns":5},{"damage":20,"enemies":"The Guardian","floor":16,"turns":5}],"seed_played":"-1731783952623131571","potions_obtained":[{"floor":2,"key":"Block Potion"},{"floor":7,"key":"FearPotion"},{"floor":11,"key":"EssenceOfSteel"}],"is_trial":false,"path_per_floor":["M","M","$","?","$","R","E","M","T","?","M","R","M","M","R","B"],"character_chosen":"THE_SILENT","items_purchased":["Cloak And Dagger"],"campfire_rested":2,"item_purchase_floors":[5],"current_hp_per_floor":[53,50,50,50,50,50,22,21,28,28,17,38,38,31,52,32],"gold":431,"neow_bonus":"THREE_RARE_CARDS","is_prod":false,"is_daily":false,"chose_seed":false,"campfire_upgraded":1,"win_rate":0,"timestamp":1549393880,"path_taken":["M","M","$","?","$","R","E","M","T","?","M","R","?","M","R","BOSS"],"build_version":"2019-01-23","purchased_purges":1,"victory":false,"max_hp_per_floor":[66,66,66,66,66,66,66,66,73,73,73,73,73,73,73,73],"card_choices":[{"not_picked":["Doppelganger","Malaise"],"picked":"Venomology","floor":0},{"not_picked":["Dagger Throw","Acrobatics"],"picked":"Riddle With Holes","floor":1},{"not_picked":["Heel Hook","Acrobatics"],"picked":"Slice","floor":2},{"not_picked":["Quick Slash","Reflex"],"picked":"Calculated Gamble","floor":7},{"not_picked":["Prepared","Dash","Acrobatics"],"picked":"SKIP","floor":8},{"not_picked":["Slice","Dodge and Roll"],"picked":"Heel Hook","floor":11},{"not_picked":["Quick Slash","Dagger Throw"],"picked":"Finisher","floor":13},{"not_picked":["Endless Agony","Acrobatics","Poisoned Stab"],"picked":"SKIP","floor":14}],"player_experience":817852,"relics_obtained":[{"floor":7,"key":"Tiny Chest"},{"floor":9,"key":"Strawberry"}],"event_choices":[{"damage_healed":0,"gold_gain":0,"player_choice":"Grow","damage_taken":0,"max_hp_gain":0,"max_hp_loss":0,"event_name":"Living Wall","floor":4,"gold_loss":0,"cards_upgraded":["Riddle With Holes"]},{"damage_healed":0,"gold_gain":275,"player_choice":"Desecrate","damage_taken":0,"max_hp_gain":0,"max_hp_loss":0,"event_name":"Golden Shrine","floor":10,"gold_loss":0,"cards_obtained":["Regret"]}],"is_beta":false,"boss_relics":[],"items_purged_floors":[3],"is_endless":false,"potions_floor_spawned":[2,7,11,13],"killed_by":"The Guardian","ascension_level":20}