{"gold_per_floor":[111,34,52,102,62,90,90,119,119,145,145,157,177,177,177,251,251,270,285,285,21,39,39,50,50,75,88,88,88,12,25,25,25],"floor_reached":33,"playtime":799,"items_purged":[],"score":580,"play_id":"16645a3f-d8b3-4963-ab16-af98df57abb7","local_time":"20190417151924","is_ascension_mode":true,"campfire_choices":[{"data":"Static Discharge","floor":7.0,"key":"SMITH"},{"floor":11.0,"key":"REST"},{"data":"Rainbow","floor":15.0,"key":"SMITH"},{"floor":23.0,"key":"REST"},{"floor":25.0,"key":"REST"},{"data":"Biased Cognition","floor":28.0,"key":"SMITH"},{"data":"Zap","floor":32,"key":"SMITH"}],"neow_cost":"NONE","seed_source_timestamp":0,"circlet_count":0,"master_deck":["AscendersBane","Strike_B","Strike_B","Defend_B","Defend_B","Defend_B","Defend_B","Zap+1","Dualcast","Self Repair","Loop","Sunder+1","Static Discharge+1","FTL","Amplify","Rainbow+1","Capacitor","Electrodynamics","Coolheaded+1","Biased Cognition+1","BootSequence+1","Force Field"],"special_seed":0,"relics":["Cracked Core","NeowsBlessing","Vajra","Matryoshka","Smiling Mask","Question Card","Orichalcum","Empty Cage","Symbiotic Virus","Singing Bowl","Dream Catcher"],"potions_floor_usage":[33],"damage_taken":[{"damage":0.0,"enemies":"Cultist","floor":1.0,"turns":1.0},{"damage":0.0,"enemies":"Jaw Worm","floor":3.0,"turns":1.0},{"damage":0.0,"enemies":"3 Sentries","floor":6.0,"turns":1.0},{"damage":32.0,"enemies":"Gremlin Nob","floor":8.0,"turns":4.0},{"damage":35.0,"enemies":"3 Sentries","floor":10.0,"turns":5.0},{"damage":3.0,"enemies":"Small Slimes","floor":12.0,"turns":3.0},{"damage":17.0,"enemies":"Blue Slaver","floor":13.0,"turns":4.0},{"damage":13.0,"enemies":"Hexaghost","floor":16.0,"turns":6.0},{"damage":14.0,"enemies":"2 Thieves","floor":18.0,"turns":2.0},{"damage":34.0,"enemies":"Shell Parasite","floor":19.0,"turns":8.0},{"damage":17.0,"enemies":"3 Cultists","floor":22.0,"turns":3.0},{"damage":18.0,"enemies":"Snake Plant","floor":24.0,"turns":2.0},{"damage":18.0,"enemies":"Centurion and Healer","floor":27.0,"turns":4.0},{"damage":12,"enemies":"Cultist and Chosen","floor":31,"turns":4},{"damage":44,"enemies":"Collector","floor":33,"turns":5}],"seed_played":"8437731821023052105","potions_obtained":[{"floor":10.0,"key":"LiquidBronze"},{"floor":12.0,"key":"SteroidPotion"},{"floor":16.0,"key":"SkillPotion"},{"floor":22.0,"key":"EntropicBrew"}],"is_trial":false,"path_per_floor":["M","$","M","?","$","E","R","E","T","E","R","M","M","?","R","B",null,"M","M","?","$","M","R","M","R","T","M","R","?","$","M","R","B"],"character_chosen":"DEFECT","items_purchased":["Loop","Static Discharge","Symbiotic Virus","Force Field"],"campfire_rested":3,"item_purchase_floors":[2,5,21,30],"current_hp_per_floor":[64,64,71,71,71,71,71,46,46,18,39,43,33,33,33,34,62,48,28,28,28,11,32,21,42,42,26,26,41,41,38,38,0],"gold":25,"neow_bonus":"THREE_ENEMY_KILL","is_prod":false,"is_daily":false,"chose_seed":false,"campfire_upgraded":4,"win_rate":0,"timestamp":1555528764,"path_taken":["M","$","?","?","$","E","R","E","T","E","R","M","M","?","R","BOSS","M","M","?","$","M","R","M","R","T","?","R","?","?","?","R","BOSS"],"build_version":"2019-01-23","purchased_purges":0,"victory":false,"max_hp_per_floor":[71,71,71,71,71,71,71,71,71,71,71,71,71,71,71,71,71,71,71,71,71,71,71,71,71,71,73,73,73,73,75,75,75],"card_choices":[{"not_picked":["Coolheaded","Conserve Battery"],"picked":"Self Repair","floor":1.0},{"not_picked":["Cold Snap","Redo"],"picked":"Sunder","floor":3.0},{"not_picked":["Conserve Battery","Hello World"],"picked":"FTL","floor":6.0},{"not_picked":["Turbo","Barrage"],"picked":"Amplify","floor":8.0},{"not_picked":["Reprogram","Compile Driver","Leap"],"picked":"Rainbow","floor":10.0},{"not_picked":["Chill","Stack","Fusion"],"picked":"Capacitor","floor":12.0},{"not_picked":["Melter","Darkness","Auto Shields","Rebound"],"picked":"SKIP","floor":13.0},{"not_picked":["Machine Learning","Amplify","Hyperbeam"],"picked":"Electrodynamics","floor":16.0},{"not_picked":["Turbo","Redo","Consume"],"picked":"Coolheaded+1","floor":18.0},{"not_picked":["Lockon+1","Skim","Ball Lightning","Leap"],"picked":"SKIP","floor":19.0},{"not_picked":["Redo","Skim","Streamline"],"picked":"Biased Cognition","floor":22.0},{"not_picked":["Hologram","Rebound","Coolheaded"],"picked":"BootSequence+1","floor":24.0},{"not_picked":["Beam Cell","Capacitor","Coolheaded","Conserve Battery"],"picked":"Singing Bowl","floor":27.0},{"not_picked":["Coolheaded","Streamline","Blizzard+1","Steam"],"picked":"Singing Bowl","floor":31}],"player_experience":908585,"relics_obtained":[{"floor":6.0,"key":"Vajra"},{"floor":8.0,"key":"Matryoshka"},{"floor":9.0,"key":"Smiling Mask"},{"floor":9.0,"key":"Question Card"},{"floor":10.0,"key":"Orichalcum"},{"floor":26.0,"key":"Singing Bowl"},{"floor":26.0,"key":"Dream Catcher"}],"event_choices":[{"damage_healed":0.0,"max_hp_gain":0.0,"max_hp_loss":0.0,"gold_gain":50.0,"event_name":"Golden Wing","player_choice":"Gained Gold","floor":4.0,"gold_loss":0.0,"damage_taken":0.0},{"damage_healed":0.0,"max_hp_gain":0.0,"max_hp_loss":0.0,"gold_gain":0.0,"event_name":"Scrap Ooze","player_choice":"Fled","floor":14.0,"gold_loss":0.0,"damage_taken":0.0},{"damage_healed":0.0,"max_hp_gain":0.0,"max_hp_loss":0.0,"gold_gain":0.0,"event_name":"Accursed Blacksmith","player_choice":"Forge","floor":20.0,"gold_loss":0.0,"damage_taken":0.0,"cards_upgraded":["Sunder"]},{"damage_healed":15.0,"max_hp_gain":0.0,"max_hp_loss":0.0,"gold_gain":0.0,"event_name":"The Library","player_choice":"Heal","floor":29.0,"gold_loss":0.0,"damage_taken":0.0}],"is_beta":false,"boss_relics":[{"not_picked":["Coffee Dripper","Black Star"],"picked":"Empty Cage"}],"items_purged_floors":[],"is_endless":false,"potions_floor_spawned":[10,12,16,22,27,31],"killed_by":"Collector","ascension_level":20}