{"gold_per_floor":[118,118,9,109,134,134,34,57,57,57,80,123,146,166,166,289,289,302,29,29,45,45,76,76,100,127,151,167,167,202,302,302,302],"floor_reached":33,"playtime":4437,"items_purged":["Strike_R","Strike_R","Defend_R"],"score":287,"play_id":"20200180-7497-46fd-8cc0-eea4ca01f521","local_time":"20190322115446","is_ascension_mode":false,"campfire_choices":[{"floor":6,"key":"RECALL"},{"data":"Inflame","floor":10,"key":"SMITH"},{"data":"Spot Weakness","floor":15,"key":"SMITH"},{"floor":24,"key":"REST"},{"data":"Shrug It Off","floor":29,"key":"SMITH"},{"data":"Bash","floor":32,"key":"SMITH"}],"neow_cost":"NONE","seed_source_timestamp":220032619132200,"circlet_count":0,"master_deck":["Strike_R","Defend_R","Defend_R","Bash+1","Impervious","Blood for Blood","Inflame+1","Twin Strike","Shrug It Off+1","Spot Weakness+1","Brutality","Disarm","Ghostly Armor","Reaper+1","Flex","Dramatic Entrance","Hemokinesis+1","Battle Trance+1","Bloodletting+1","Inflame+1"],"relics":["Burning Blood","Golden Idol","Juzu Bracelet","Empty Cage","Frozen Egg 2","Bronze Scales","Singing Bowl"],"potions_floor_usage":[12,14,16,23,30,33],"damage_taken":[{"damage":14,"enemies":"Small Slimes","floor":1,"turns":5},{"damage":1,"enemies":"Cultist","floor":5,"turns":4},{"damage":2,"enemies":"2 Louse","floor":8,"turns":3},{"damage":12,"enemies":"2 Fungi Beasts","floor":11,"turns":3},{"damage":10,"enemies":"Lagavulin","floor":12,"turns":5},{"damage":5,"enemies":"Exordium Wildlife","floor":13,"turns":4},{"damage":4,"enemies":"Looter","floor":14,"turns":3},{"damage":18,"enemies":"Hexaghost","floor":16,"turns":8},{"damage":16,"enemies":"Shell Parasite","floor":18,"turns":5},{"damage":40,"enemies":"2 Thieves","floor":21,"turns":5},{"damage":52,"enemies":"Book of Stabbing","floor":23,"turns":7},{"damage":16,"enemies":"Cultist and Chosen","floor":25,"turns":5},{"damage":14,"enemies":"Snake Plant","floor":27,"turns":4},{"damage":26,"enemies":"Centurion and Healer","floor":28,"turns":5},{"damage":21,"enemies":"Gremlin Leader","floor":30,"turns":3},{"damage":60,"enemies":"Automaton","floor":33,"turns":6}],"seed_played":"-940426318983481677","potions_obtained":[{"floor":1,"key":"PowerPotion"},{"floor":12,"key":"Block Potion"},{"floor":13,"key":"BloodPotion"},{"floor":14,"key":"EssenceOfSteel"},{"floor":27,"key":"Dexterity Potion"},{"floor":28,"key":"Explosive Potion"}],"is_trial":false,"path_per_floor":["M","?","$","?","M","R","$","M","T","R","M","E","M","M","R","B",null,"M","$","?","M","?","E","R","M","T","M","M","R","E","?","R","B"],"character_chosen":"IRONCLAD","items_purchased":["Inflame","Flex","Dramatic Entrance"],"campfire_rested":1,"item_purchase_floors":[3,19,19],"current_hp_per_floor":[72,52,52,52,57,57,57,61,61,61,55,51,52,62,62,50,80,70,70,70,60,60,26,50,56,56,54,52,52,60,60,60,0],"gold":302,"neow_bonus":"ONE_RANDOM_RARE_CARD","is_prod":false,"is_daily":false,"chose_seed":false,"campfire_upgraded":4,"win_rate":0,"timestamp":1553226886,"path_taken":["M","?","$","?","M","R","$","M","T","R","M","E","M","M","R","BOSS","M","$","?","M","?","E","R","M","T","M","M","R","E","?","R","BOSS"],"build_version":"2019-01-23","purchased_purges":3,"victory":false,"max_hp_per_floor":[80,80,80,80,80,80,80,80,80,80,80,80,80,80,80,80,80,80,80,80,80,80,80,80,80,80,80,80,80,82,82,82,82],"card_choices":[{"not_picked":["Heavy Blade","Perfected Strike"],"picked":"Blood for Blood","floor":1},{"not_picked":["Warcry","Sever Soul"],"picked":"Twin Strike","floor":5},{"not_picked":["Twin Strike","Perfected Strike"],"picked":"Shrug It Off","floor":8},{"not_picked":["Clothesline","Dual Wield"],"picked":"Spot Weakness","floor":11},{"not_picked":["Twin Strike","Burning Pact"],"picked":"Brutality","floor":12},{"not_picked":["Havoc","Dropkick"],"picked":"Disarm","floor":13},{"not_picked":["Clothesline","Corruption"],"picked":"Ghostly Armor","floor":14},{"not_picked":["Immolate","Exhume"],"picked":"Reaper","floor":16},{"not_picked":["Sever Soul","Cleave+1","Body Slam"],"picked":"SKIP","floor":18},{"not_picked":["Thunderclap+1","Sentinel"],"picked":"Hemokinesis+1","floor":21},{"not_picked":["Clothesline","Anger"],"picked":"Battle Trance+1","floor":23},{"not_picked":["Warcry","Exhume"],"picked":"Bloodletting+1","floor":25},{"not_picked":["Fire Breathing+1","Perfected Strike"],"picked":"Inflame+1","floor":27},{"not_picked":["Anger+1","Headbutt","Combust+1"],"picked":"SKIP","floor":28},{"not_picked":["Warcry","Wild Strike+1","Clothesline"],"picked":"Singing Bowl","floor":30}],"player_experience":418707,"relics_obtained":[{"floor":12,"key":"Juzu Bracelet"},{"floor":23,"key":"Frozen Egg 2"},{"floor":26,"key":"Bronze Scales"},{"floor":30,"key":"Singing Bowl"}],"event_choices":[{"damage_healed":0,"gold_gain":0,"player_choice":"Take Damage","damage_taken":20,"relics_obtained":["Golden Idol"],"max_hp_gain":0,"max_hp_loss":0,"event_name":"Golden Idol","floor":2,"gold_loss":0},{"damage_healed":0,"gold_gain":100,"player_choice":"Pray","damage_taken":0,"max_hp_gain":0,"max_hp_loss":0,"event_name":"Golden Shrine","floor":4,"gold_loss":0},{"damage_healed":0,"gold_gain":0,"player_choice":"Forge","damage_taken":0,"max_hp_gain":0,"max_hp_loss":0,"event_name":"Accursed Blacksmith","floor":20,"gold_loss":0,"cards_upgraded":["Reaper"]},{"cards_removed":["Strike_R"],"damage_healed":0,"gold_gain":0,"player_choice":"Purged","damage_taken":0,"max_hp_gain":0,"max_hp_loss":0,"event_name":"Purifier","floor":22,"gold_loss":0},{"damage_healed":0,"gold_gain":100,"player_choice":"Pray","damage_taken":0,"max_hp_gain":0,"max_hp_loss":0,"event_name":"Golden Shrine","floor":31,"gold_loss":0}],"is_beta":false,"boss_relics":[{"not_picked":["Runic Cube","Runic Dome"],"picked":"Empty Cage"}],"items_purged_floors":[3,7,19],"is_endless":false,"potions_floor_spawned":[1,12,13,14,27,28],"killed_by":"Automaton","ascension_level":0}