{"gold_per_floor":[115,131,81,96,110,110,110,127,151,326,359,377,377,220,220,220],"floor_reached":16,"playtime":462,"items_purged":["Doubt"],"score":102,"play_id":"8f5a2fef-b158-4d5d-859b-aaf12e135c42","local_time":"20180805133341","is_ascension_mode":false,"campfire_choices":[{"data":"Wild Strike","floor":6,"key":"SMITH"},{"data":"Body Slam","floor":13,"key":"SMITH"},{"data":"True Grit","floor":15,"key":"SMITH"}],"neow_cost":"NONE","seed_source_timestamp":57995716623589,"circlet_count":0,"master_deck":["Strike_R","Strike_R","Strike_R","Strike_R","Defend_R","Defend_R","Defend_R","Defend_R","Bash","Wild Strike","Wild Strike+1","Flame Barrier","Body Slam+1","Thunderclap","True Grit+1","Rage"],"relics":["Runic Pyramid"],"potions_floor_usage":[11,16,16],"damage_taken":[{"damage":10,"enemies":"Cultist","floor":1,"turns":4},{"damage":11,"enemies":"Small Slimes","floor":2,"turns":3},{"damage":0,"enemies":"2 Louse","floor":4,"turns":2},{"damage":14,"enemies":"Blue Slaver","floor":5,"turns":4},{"damage":11,"enemies":"Exordium Wildlife","floor":8,"turns":3},{"damage":18,"enemies":"Gremlin Nob","floor":11,"turns":4},{"damage":7,"enemies":"Large Slime","floor":12,"turns":5},{"damage":42,"enemies":"Slime Boss","floor":16,"turns":7}],"seed_played":"4225274610201428011","potions_obtained":[{"floor":4,"key":"AttackPotion"},{"floor":5,"key":"Weak Potion"},{"floor":12,"key":"Dexterity Potion"}],"is_trial":false,"path_per_floor":["M","M","?","M","M","R","?","M","T","?","E","M","R","$","R"],"character_chosen":"IRONCLAD","items_purchased":["Rage"],"campfire_rested":0,"item_purchase_floors":[14],"current_hp_per_floor":[70,59,59,59,45,45,71,60,60,60,42,35,35,35,35,0],"gold":220,"neow_bonus":"BOSS_RELIC","is_prod":false,"is_daily":false,"chose_seed":false,"campfire_upgraded":3,"win_rate":0,"timestamp":1533447221,"path_taken":["M","?","?","M","M","R","?","?","T","?","E","M","R","$","R","BOSS"],"build_version":"2018-08-02","purchased_purges":1,"victory":false,"max_hp_per_floor":[80,80,80,80,80,80,80,80,80,80,80,80,80,80,80,80],"card_choices":[{"not_picked":["Disarm","Metallicize"],"picked":"Wild Strike","floor":1},{"not_picked":["Cleave","Anger"],"picked":"Wild Strike","floor":2},{"not_picked":["Fire Breathing","Havoc","Disarm"],"picked":"SKIP","floor":4},{"not_picked":["Clothesline","Battle Trance"],"picked":"Flame Barrier","floor":5},{"not_picked":["Twin Strike","Headbutt"],"picked":"Body Slam","floor":8},{"not_picked":["Offering","Flame Barrier"],"picked":"Thunderclap","floor":11},{"not_picked":["Heavy Blade","Hemokinesis"],"picked":"True Grit","floor":12}],"player_experience":330978,"relics_obtained":[],"event_choices":[{"event_name":"The Cleric","player_choice":"Card Removal","floor":3,"damage_taken":0},{"event_name":"Big Fish","player_choice":"Banana","floor":7,"damage_taken":0},{"event_name":"Liars Game","player_choice":"agreed","floor":10,"damage_taken":0}],"is_beta":false,"boss_relics":[],"items_purged_floors":[14],"is_endless":false,"potions_floor_spawned":[4,5,12],"killed_by":"Slime Boss","ascension_level":0}