{"gold_per_floor":[115,130,130,130,130,163,163,206,206,206],"floor_reached":10,"playtime":544,"items_purged":[],"score":78,"play_id":"127c2c37-e938-47fb-88ca-069254ac416f","local_time":"20190401131918","is_ascension_mode":true,"campfire_choices":[{"floor":7,"key":"RECALL"}],"neow_cost":"NONE","seed_source_timestamp":1696208818468227,"circlet_count":0,"master_deck":["Defend_G","Defend_G","Defend_G","Defend_G","Defend_G","Strike_G","Strike_G","Strike_G","Strike_G","Strike_G","Survivor","Neutralize","Slice","Calculated Gamble","Pain","Poisoned Stab","Dagger Throw"],"relics":["Ring of the Snake","Golden Idol","WarpedTongs","Dodecahedron","Centennial Puzzle"],"potions_floor_usage":[8],"damage_taken":[{"damage":0,"enemies":"2 Louse","floor":1,"turns":3},{"damage":0,"enemies":"Jaw Worm","floor":2,"turns":4},{"damage":49,"enemies":"Gremlin Nob","floor":6,"turns":5},{"damage":16,"enemies":"Lagavulin","floor":8,"turns":8},{"damage":29,"enemies":"Gremlin Nob","floor":10,"turns":3}],"seed_played":"-6882275877722032738","potions_obtained":[{"floor":6,"key":"GamblersBrew"},{"floor":8,"key":"Ancient Potion"}],"is_trial":false,"path_per_floor":["M","M","$","?","?","E","R","E","T","E"],"character_chosen":"THE_SILENT","items_purchased":[],"campfire_rested":0,"item_purchase_floors":[],"current_hp_per_floor":[77,77,77,71,71,22,22,6,6,0],"gold":206,"neow_bonus":"TEN_PERCENT_HP_BONUS","is_prod":false,"is_daily":false,"chose_seed":false,"campfire_upgraded":0,"win_rate":0,"timestamp":1554142758,"path_taken":["M","M","$","?","?","E","R","E","T","E"],"build_version":"2019-01-23","purchased_purges":0,"victory":false,"max_hp_per_floor":[77,77,77,71,71,71,71,71,71,71],"card_choices":[{"not_picked":["Backflip","Choke"],"picked":"Slice","floor":1},{"not_picked":["Bane","Underhanded Strike"],"picked":"Calculated Gamble","floor":2},{"not_picked":["Underhanded Strike","Outmaneuver"],"picked":"Poisoned Stab","floor":6},{"not_picked":["Blur","Well Laid Plans"],"picked":"Dagger Throw","floor":8}],"player_experience":140015,"relics_obtained":[{"floor":6,"key":"Dodecahedron"},{"floor":8,"key":"Centennial Puzzle"}],"event_choices":[{"damage_healed":0,"gold_gain":0,"player_choice":"Lose Max HP","damage_taken":0,"relics_obtained":["Golden Idol"],"max_hp_gain":0,"max_hp_loss":6,"event_name":"Golden Idol","floor":4,"gold_loss":0},{"damage_healed":0,"gold_gain":0,"player_choice":"Rummage","damage_taken":0,"relics_obtained":["WarpedTongs"],"max_hp_gain":0,"max_hp_loss":0,"event_name":"Accursed Blacksmith","floor":5,"gold_loss":0,"cards_obtained":["Pain"]}],"is_beta":false,"boss_relics":[],"items_purged_floors":[],"is_endless":false,"potions_floor_spawned":[6,8],"killed_by":"Gremlin Nob","ascension_level":1}