{"gold_per_floor":[109,109,54,29,29,29,49,82,159,194,212,3,3,22,52,52],"floor_reached":16,"playtime":281,"items_purged":[],"score":266,"play_id":"4215a606-857f-432a-a3ef-f4767adfb05c","local_time":"20190207130120","is_ascension_mode":true,"campfire_choices":[{"data":"Neutralize","floor":6,"key":"SMITH"},{"floor":15,"key":"DIG"}],"neow_cost":"NONE","seed_source_timestamp":237857638108826,"circlet_count":0,"master_deck":["AscendersBane","Defend_G","Defend_G","Defend_G","Defend_G","Defend_G","Strike_G","Strike_G","Strike_G","Strike_G","Strike_G","Survivor","Neutralize","All Out Attack+1","Deflect","Venomology","Neutralize+1","Endless Agony","Blade Dance","Regret"],"relics":["Ring of the Snake","NeowsBlessing","Juzu Bracelet","Snake Skull","Letter Opener","Shovel","Membership Card","Mercury Hourglass","Tiny Chest"],"potions_floor_usage":[10,10,16],"damage_taken":[{"damage":0,"enemies":"Small Slimes","floor":1,"turns":1},{"damage":0,"enemies":"2 Louse","floor":7,"turns":1},{"damage":0,"enemies":"Gremlin Nob","floor":8,"turns":1},{"damage":17,"enemies":"Lagavulin","floor":10,"turns":7},{"damage":0,"enemies":"Cultist","floor":11,"turns":3},{"damage":0,"enemies":"Lots of Slimes","floor":14,"turns":1},{"damage":30,"enemies":"Hexaghost","floor":16,"turns":9}],"seed_played":"5066153841263116294","potions_obtained":[{"floor":7,"key":"Explosive Potion"}],"is_trial":false,"path_per_floor":["M","?","?","$","?","R","M","E","T","E","M","$","?","M","R","B"],"character_chosen":"THE_SILENT","items_purchased":["Deflect","Membership Card"],"campfire_rested":0,"item_purchase_floors":[4,12],"current_hp_per_floor":[59,59,59,59,59,59,59,59,59,42,42,42,42,42,42,12],"gold":52,"neow_bonus":"THREE_ENEMY_KILL","is_prod":false,"is_daily":false,"chose_seed":false,"campfire_upgraded":1,"win_rate":0,"timestamp":1549562480,"path_taken":["M","?","?","$","?","R","M","E","T","E","M","?","?","M","R","BOSS"],"build_version":"2019-01-23","purchased_purges":0,"victory":false,"max_hp_per_floor":[66,66,66,66,66,66,66,66,66,66,66,66,66,66,66,66],"card_choices":[{"not_picked":["Dagger Throw","Catalyst"],"picked":"All Out Attack","floor":1},{"not_picked":["Reflex","Tactician","Bane"],"picked":"SKIP","floor":7},{"not_picked":["Bane","Quick Slash","Outmaneuver"],"picked":"SKIP","floor":8},{"not_picked":["Sucker Punch","Prepared"],"picked":"Endless Agony","floor":10},{"not_picked":["Calculated Gamble","Infinite Blades"],"picked":"Blade Dance","floor":11},{"not_picked":["Flying Knee","Setup","Tactician"],"picked":"SKIP","floor":14}],"player_experience":837327,"relics_obtained":[{"floor":8,"key":"Snake Skull"},{"floor":9,"key":"Letter Opener"},{"floor":10,"key":"Shovel"},{"floor":15,"key":"Tiny Chest"}],"event_choices":[{"damage_healed":0,"gold_gain":0,"player_choice":"Grow","damage_taken":0,"max_hp_gain":0,"max_hp_loss":0,"event_name":"Living Wall","floor":2,"gold_loss":0,"cards_upgraded":["All Out Attack"]},{"damage_healed":0,"gold_gain":0,"player_choice":"Paid Gold","damage_taken":0,"relics_obtained":["Juzu Bracelet"],"max_hp_gain":0,"max_hp_loss":0,"event_name":"WeMeetAgain","floor":3,"gold_loss":55},{"damage_healed":0,"gold_gain":0,"player_choice":"2 cards matched","damage_taken":0,"max_hp_gain":0,"max_hp_loss":0,"event_name":"Match and Keep!","floor":5,"gold_loss":0,"cards_obtained":["Venomology","Neutralize"]},{"damage_healed":0,"gold_gain":0,"player_choice":"Box","damage_taken":0,"relics_obtained":["Mercury Hourglass"],"max_hp_gain":0,"max_hp_loss":0,"event_name":"Big Fish","floor":13,"gold_loss":0,"cards_obtained":["Regret"]}],"is_beta":false,"boss_relics":[],"items_purged_floors":[],"is_endless":false,"potions_floor_spawned":[7],"killed_by":"Hexaghost","ascension_level":20}