{"gold_per_floor":[214,7,21,21,21,21,50,50,50,50,85,95,115,125,125,221,221,241,254,254,10,23,23,23],"floor_reached":24,"playtime":811,"items_purged":[],"score":288,"play_id":"c039ff91-8ab6-4989-b36f-51eb2adcd445","local_time":"20190409233457","is_ascension_mode":true,"campfire_choices":[{"data":"Zap","floor":6,"key":"SMITH"},{"data":"Dualcast","floor":8,"key":"SMITH"},{"floor":10,"key":"REST"},{"floor":15,"key":"REST"},{"floor":23,"key":"REST"}],"neow_cost":"NONE","seed_source_timestamp":2385910648822989,"circlet_count":0,"master_deck":["Strike_B","Strike_B","Strike_B","Defend_B","Defend_B","Zap+1","Dualcast+1","Chill","Ball Lightning","Seek","Static Discharge","Go for the Eyes","Thunder Strike","Rebound+1","BootSequence+1","Rip and Tear+1","Leap","Streamline+1","Double Energy+1"],"relics":["Cracked Core","MealTicket","Singing Bowl","Mummified Hand","Oddly Smooth Stone","Astrolabe","Nloth\u0027s Gift","Molten Egg 2"],"potions_floor_usage":[7,11,16],"damage_taken":[{"damage":0,"enemies":"Small Slimes","floor":1,"turns":3},{"damage":0,"enemies":"Jaw Worm","floor":3,"turns":3},{"damage":30,"enemies":"Lagavulin","floor":7,"turns":5},{"damage":17,"enemies":"3 Sentries","floor":11,"turns":8},{"damage":0,"enemies":"Cultist","floor":12,"turns":3},{"damage":4,"enemies":"Large Slime","floor":13,"turns":4},{"damage":12,"enemies":"Lots of Slimes","floor":14,"turns":3},{"damage":24,"enemies":"The Guardian","floor":16,"turns":9},{"damage":12,"enemies":"Shell Parasite","floor":18,"turns":3},{"damage":18,"enemies":"Chosen","floor":19,"turns":4},{"damage":32,"enemies":"Snecko","floor":22,"turns":5},{"damage":46,"enemies":"Gremlin Leader","floor":24,"turns":4}],"seed_played":"6896799709348361192","potions_obtained":[{"floor":1,"key":"AttackPotion"},{"floor":7,"key":"SkillPotion"},{"floor":13,"key":"Dexterity Potion"},{"floor":16,"key":"GamblersBrew"},{"floor":18,"key":"FocusPotion"}],"is_trial":false,"path_per_floor":["M","$","M","?","?","R","E","R","T","R","E","M","M","M","R","B",null,"M","M","?","$","M","R","E"],"character_chosen":"DEFECT","items_purchased":["MealTicket","Molten Egg 2"],"campfire_rested":3,"item_purchase_floors":[2,21],"current_hp_per_floor":[68,68,68,68,61,61,31,31,31,53,36,38,34,24,47,23,65,53,35,35,50,18,41,0],"gold":23,"neow_bonus":"HUNDRED_GOLD","is_prod":false,"is_daily":false,"chose_seed":false,"campfire_upgraded":2,"win_rate":0,"timestamp":1554878097,"path_taken":["M","$","M","?","?","R","E","R","T","R","E","M","?","?","R","BOSS","M","M","?","$","?","R","E"],"build_version":"2019-01-23","purchased_purges":0,"victory":false,"max_hp_per_floor":[75,75,75,75,75,75,75,75,75,75,75,77,77,79,79,79,79,79,79,79,79,79,79,79],"card_choices":[{"not_picked":["Heatsinks","Steam"],"picked":"Chill","floor":1},{"not_picked":["Conserve Battery","Coolheaded"],"picked":"Ball Lightning","floor":3},{"not_picked":["Go for the Eyes","Hologram"],"picked":"Seek","floor":7},{"not_picked":["Tempest","Doom and Gloom"],"picked":"Static Discharge","floor":11},{"not_picked":["Steam Power","Hologram","Gash"],"picked":"Singing Bowl","floor":12},{"not_picked":["Rebound","Heatsinks"],"picked":"Go for the Eyes","floor":13},{"not_picked":["Stack","Chill","Glacier"],"picked":"Singing Bowl","floor":14},{"not_picked":["Amplify","Multi-Cast"],"picked":"Thunder Strike","floor":16},{"not_picked":["Barrage","Undo"],"picked":"Leap","floor":18},{"not_picked":["Beam Cell","Aggregate"],"picked":"Streamline+1","floor":19},{"not_picked":["Streamline+1","Cold Snap+1"],"picked":"Double Energy+1","floor":22}],"player_experience":536496,"relics_obtained":[{"floor":7,"key":"Potion Belt"},{"floor":9,"key":"Mummified Hand"},{"floor":11,"key":"Oddly Smooth Stone"}],"event_choices":[{"damage_healed":0,"gold_gain":0,"player_choice":"Box","damage_taken":0,"relics_obtained":["Singing Bowl"],"max_hp_gain":0,"max_hp_loss":0,"event_name":"Big Fish","floor":4,"gold_loss":0,"cards_obtained":["Regret"]},{"cards_removed":["Regret"],"damage_healed":0,"gold_gain":0,"player_choice":"Card Removal","damage_taken":7,"max_hp_gain":0,"max_hp_loss":0,"event_name":"Golden Wing","floor":5,"gold_loss":0},{"damage_healed":0,"gold_gain":0,"player_choice":"Traded Relic","damage_taken":0,"relics_obtained":["Nloth\u0027s Gift"],"max_hp_gain":0,"max_hp_loss":0,"event_name":"N\u0027loth","floor":20,"relics_lost":["Potion Belt"],"gold_loss":0}],"is_beta":false,"boss_relics":[{"not_picked":["Pandora\u0027s Box","Lizard Tail"],"picked":"Astrolabe"}],"items_purged_floors":[],"is_endless":false,"potions_floor_spawned":[1,7,13,16,18],"killed_by":"Gremlin Leader","ascension_level":8}