{"gold_per_floor":[117,134,146,146,164,164,195,215,215,232,232,243,254,254,254,350,350],"floor_reached":17,"playtime":673,"items_purged":[],"score":161,"play_id":"179a2b1c-0fa4-47f0-8ddf-50597c890818","local_time":"20190502163024","is_ascension_mode":false,"campfire_choices":[{"data":"Anger","floor":6,"key":"SMITH"},{"data":"Anger","floor":15,"key":"SMITH"}],"neow_cost":"NONE","seed_source_timestamp":758574003357300,"circlet_count":0,"master_deck":["Strike_R","Strike_R","Strike_R","Strike_R","Defend_R","Defend_R","Defend_R","Defend_R","Bash","Cleave","Anger+1","Whirlwind","Seeing Red","Anger+1","Flex","Immolate"],"special_seed":0,"relics":["Burning Blood","NeowsBlessing","PreservedInsect","Potion Belt","Ectoplasm"],"potions_floor_usage":[16,16],"damage_taken":[{"damage":0.0,"enemies":"2 Louse","floor":1.0,"turns":1.0},{"damage":0.0,"enemies":"Cultist","floor":2.0,"turns":1.0},{"damage":0,"enemies":"Jaw Worm","floor":3,"turns":1},{"damage":2,"enemies":"3 Louse","floor":5,"turns":2},{"damage":25,"enemies":"Gremlin Nob","floor":7,"turns":4},{"damage":0,"enemies":"Large Slime","floor":8,"turns":5},{"damage":9,"enemies":"Blue Slaver","floor":10,"turns":3},{"damage":14,"enemies":"Exordium Thugs","floor":12,"turns":5},{"damage":2,"enemies":"3 Louse","floor":13,"turns":2},{"damage":50,"enemies":"Hexaghost","floor":16,"turns":9}],"seed_played":"9223241294671639201","potions_obtained":[{"floor":3,"key":"Swift Potion"},{"floor":5,"key":"Explosive Potion"},{"floor":10,"key":"GamblersBrew"},{"floor":13,"key":"GamblersBrew"}],"is_trial":false,"path_per_floor":["M","M","M","?","M","R","E","M","T","M","$","M","M","$","R","B",null],"character_chosen":"IRONCLAD","items_purchased":[],"campfire_rested":0,"item_purchase_floors":[],"current_hp_per_floor":[80,80,80,80,80,80,61,67,67,64,64,56,60,60,60,16,80],"gold":350,"neow_bonus":"THREE_ENEMY_KILL","is_prod":false,"is_daily":false,"chose_seed":false,"campfire_upgraded":2,"win_rate":0,"timestamp":1556829024,"path_taken":["M","M","M","?","M","R","E","M","T","M","$","?","M","?","R","BOSS"],"build_version":"2019-01-23","purchased_purges":0,"victory":false,"max_hp_per_floor":[80,80,80,80,80,80,80,80,80,80,80,80,80,80,80,80,80],"card_choices":[{"not_picked":["Fire Breathing","Bloodletting"],"picked":"Cleave","floor":1.0},{"not_picked":["Battle Trance","Flex"],"picked":"Anger","floor":2},{"not_picked":["Wild Strike","Warcry"],"picked":"Whirlwind","floor":3},{"not_picked":["Warcry","Flex","Power Through"],"picked":"SKIP","floor":5},{"not_picked":["True Grit","Flame Barrier"],"picked":"Seeing Red","floor":7},{"not_picked":["Cleave","Rupture","Uppercut"],"picked":"SKIP","floor":8},{"not_picked":["Intimidate","Headbutt"],"picked":"Anger","floor":10},{"not_picked":["Hemokinesis","Cleave","Flame Barrier"],"picked":"SKIP","floor":12},{"not_picked":["Pommel Strike","Twin Strike"],"picked":"Flex","floor":13},{"not_picked":["Brutality","Limit Break"],"picked":"Immolate","floor":16}],"player_experience":412098,"relics_obtained":[{"floor":7,"key":"PreservedInsect"},{"floor":9,"key":"Potion Belt"}],"event_choices":[{"cards_removed":["Strike_R"],"damage_healed":0,"gold_gain":0,"player_choice":"Offered Basic","damage_taken":0,"max_hp_gain":0,"max_hp_loss":0,"event_name":"Bonfire Elementals","floor":4,"gold_loss":0}],"is_beta":false,"boss_relics":[{"not_picked":["Coffee Dripper","Mark of Pain"],"picked":"Ectoplasm"}],"items_purged_floors":[],"is_endless":false,"potions_floor_spawned":[3,5,10,13],"ascension_level":0}