{"gold_per_floor":[116,191,366,366,378,409,409,53,53,78,136,155,165,176,176,278,278,293,308,41,60,60,89,109,109,159,159,173,173,137,169,169,271,271,286,286,215,215,215,215,243,255,255,274,304,321,34,45,45,45],"floor_reached":51,"playtime":1575,"items_purged":["Doubt","Defend_B"],"score":1144,"play_id":"0050212e-45f5-4fee-96e3-a03476489750","local_time":"20180818200858","is_ascension_mode":true,"campfire_choices":[{"floor":7,"key":"REST"},{"floor":15,"key":"REST"},{"floor":29,"key":"REST"},{"floor":32,"key":"REST"},{"data":"Electrodynamics","floor":40,"key":"SMITH"},{"data":"Apotheosis","floor":49,"key":"SMITH"}],"neow_cost":"","seed_source_timestamp":6422097254265,"circlet_count":0,"master_deck":["Strike_B+1","Defend_B+1","Defend_B+1","Defend_B+1","Zap","Dualcast","Genetic Algorithm","Beam Cell","Electrodynamics+1","Ball Lightning","Defragment","Tempest","Echo Form","Tempest","Storm+1","Ghostly","Ghostly","Ghostly","Ghostly","Ghostly","BootSequence","Machine Learning","Flash of Steel","Finesse","Self Repair","Ghostly","Steam+1","Apotheosis+1"],"relics":["Cracked Core","Potion Belt","ClockworkSouvenir","Bottled Tornado","Pear","War Paint","Busted Crown","Toy Ornithopter","Lantern","Bronze Scales","Orichalcum","DataDisk","Empty Cage","Nunchaku","Bag of Preparation","Mummified Hand","Turnip"],"potions_floor_usage":[6,11,11,23,33,50,50,50],"damage_taken":[{"damage":0,"enemies":"Cultist","floor":1,"turns":3},{"damage":0,"enemies":"2 Louse","floor":5,"turns":3},{"damage":43,"enemies":"Lagavulin","floor":6,"turns":9},{"damage":21,"enemies":"Gremlin Nob","floor":10,"turns":4},{"damage":5,"enemies":"3 Sentries","floor":11,"turns":2},{"damage":0,"enemies":"Jaw Worm","floor":12,"turns":4},{"damage":0,"enemies":"2 Fungi Beasts","floor":13,"turns":2},{"damage":13,"enemies":"3 Louse","floor":14,"turns":2},{"damage":0,"enemies":"Slime Boss","floor":16,"turns":6},{"damage":3,"enemies":"3 Byrds","floor":18,"turns":2},{"damage":11,"enemies":"Spheric Guardian","floor":19,"turns":3},{"damage":15,"enemies":"Centurion and Healer","floor":21,"turns":4},{"damage":34,"enemies":"Slavers","floor":23,"turns":2},{"damage":10,"enemies":"Chosen and Byrds","floor":24,"turns":3},{"damage":0,"enemies":"Snake Plant","floor":28,"turns":3},{"damage":0,"enemies":"Gremlin Leader","floor":31,"turns":5},{"damage":0,"enemies":"Collector","floor":33,"turns":6},{"damage":0,"enemies":"Flame Bruiser 1 Orb","floor":35,"turns":5},{"damage":9,"enemies":"2 Orb Walkers","floor":41,"turns":3},{"damage":0,"enemies":"3 Darklings","floor":42,"turns":3},{"damage":0,"enemies":"Flame Bruiser 2 Orb","floor":44,"turns":3},{"damage":0,"enemies":"Nemesis","floor":45,"turns":6},{"damage":0,"enemies":"4 Shapes","floor":46,"turns":1},{"damage":0,"enemies":"Spire Growth","floor":48,"turns":4},{"damage":7,"enemies":"Awakened One","floor":50,"turns":11}],"seed_played":"-6233460939323636388","potions_obtained":[{"floor":1,"key":"EssenceOfSteel"},{"floor":6,"key":"Explosive Potion"},{"floor":10,"key":"Regen Potion"},{"floor":12,"key":"SpeedPotion"},{"floor":18,"key":"Energy Potion"},{"floor":21,"key":"FocusPotion"},{"floor":24,"key":"Strength Potion"},{"floor":41,"key":"EssenceOfSteel"},{"floor":44,"key":"Swift Potion"}],"is_trial":false,"path_per_floor":["M","?","?","?","M","E","R","$","T","E","?","M","M","M","R","B",null,"M","M","$","M","?","E","M","?","T","T","M","R","$","E","R","B",null,"M","?","$","?","T","R","E","M","T","M","E","M","$","M","R","B"],"character_chosen":"DEFECT","items_purchased":["Electrodynamics","ClockworkSouvenir","Toy Ornithopter","BootSequence","Self Repair","Apotheosis"],"campfire_rested":4,"item_purchase_floors":[8,8,20,30,37,47],"current_hp_per_floor":[75,64,64,49,49,6,28,28,28,17,17,17,17,4,29,29,71,68,57,57,42,42,11,1,1,1,1,1,13,13,13,25,28,39,39,34,34,34,34,34,25,32,32,39,42,42,42,42,42,42],"gold":45,"neow_bonus":"","is_prod":false,"is_daily":false,"chose_seed":false,"campfire_upgraded":2,"win_rate":0,"timestamp":1534615738,"path_taken":["M","?","?","?","M","E","R","$","T","E","?","M","M","M","R","BOSS","M","M","$","M","?","E","?","?","T","?","?","R","$","E","R","BOSS","M","?","$","?","?","R","E","M","T","M","E","M","$","M","R","BOSS"],"build_version":"2018-08-16","purchased_purges":2,"victory":true,"max_hp_per_floor":[75,75,75,75,75,75,75,75,75,85,85,85,85,85,85,85,85,85,85,85,85,85,85,85,42,42,42,42,42,42,42,42,42,42,42,42,42,42,42,42,42,42,42,42,42,42,42,42,42,42],"card_choices":[{"not_picked":["Barrage","Stack"],"picked":"Genetic Algorithm","floor":1},{"not_picked":["Steam Power","Redo","Hello World"],"picked":"SKIP","floor":5},{"not_picked":["Cold Snap","Redo"],"picked":"Beam Cell","floor":6},{"not_picked":["FTL","Force Field"],"picked":"Ball Lightning","floor":10},{"not_picked":["Hologram","Reprogram"],"picked":"Defragment","floor":11},{"not_picked":["Turbo","Steam","Beam Cell"],"picked":"SKIP","floor":12},{"not_picked":["Gash","Heatsinks","Sweeping Beam"],"picked":"SKIP","floor":13},{"not_picked":["Darkness","Compile Driver"],"picked":"Tempest","floor":14},{"not_picked":["Machine Learning","Multi-Cast"],"picked":"Echo Form","floor":16},{"not_picked":["Sweeping Beam+1"],"picked":"SKIP","floor":18},{"not_picked":["Glacier"],"picked":"SKIP","floor":19},{"not_picked":[],"picked":"Tempest","floor":21},{"not_picked":["Coolheaded"],"picked":"SKIP","floor":23},{"not_picked":[],"picked":"Storm+1","floor":24},{"not_picked":["Darkness"],"picked":"SKIP","floor":28},{"not_picked":["Barrage"],"picked":"SKIP","floor":31},{"not_picked":[],"picked":"Machine Learning","floor":33},{"not_picked":["Rebound"],"picked":"SKIP","floor":35},{"not_picked":[],"picked":"Flash of Steel","floor":36},{"not_picked":[],"picked":"Finesse","floor":36},{"not_picked":[],"picked":"Steam+1","floor":41},{"not_picked":["Steam Power+1"],"picked":"SKIP","floor":42},{"not_picked":["Sunder"],"picked":"SKIP","floor":44},{"not_picked":["Stack"],"picked":"SKIP","floor":45},{"not_picked":["Beam Cell+1"],"picked":"SKIP","floor":46},{"not_picked":["Rebound"],"picked":"SKIP","floor":48}],"player_experience":83232,"relics_obtained":[{"floor":6,"key":"Potion Belt"},{"floor":9,"key":"Bottled Tornado"},{"floor":10,"key":"Pear"},{"floor":11,"key":"War Paint"},{"floor":23,"key":"Lantern"},{"floor":26,"key":"Bronze Scales"},{"floor":27,"key":"Orichalcum"},{"floor":31,"key":"DataDisk"},{"floor":39,"key":"Nunchaku"},{"floor":41,"key":"Bag of Preparation"},{"floor":43,"key":"Mummified Hand"},{"floor":45,"key":"Turnip"}],"event_choices":[{"event_name":"World of Goop","player_choice":"Gather Gold","floor":2,"damage_taken":0},{"event_name":"Liars Game","player_choice":"agreed","floor":3,"damage_taken":0},{"event_name":"Shining Light","player_choice":"Entered Light","floor":4,"damage_taken":0},{"event_name":"Dead Adventurer","player_choice":"Searched \u00271\u0027 times","floor":11,"damage_taken":0},{"event_name":"Back to Basics","player_choice":"Elegance","floor":22,"damage_taken":0},{"event_name":"Ghosts","player_choice":"Became a Ghost","floor":25,"damage_taken":0},{"event_name":"SensoryStone","player_choice":"Memory 2","floor":36,"damage_taken":0},{"event_name":"Duplicator","player_choice":"One dupe","floor":38,"damage_taken":0}],"is_beta":true,"boss_relics":[{"not_picked":["Sozu","Fusion Hammer"],"picked":"Busted Crown"},{"not_picked":["Cursed Key","Runic Pyramid"],"picked":"Empty Cage"}],"items_purged_floors":[20,47],"is_endless":false,"potions_floor_spawned":[1,6,10,12,18,21,24,41,44],"ascension_level":5}