{"gold_per_floor":[112,37,37,55,55,55,93,108,108,122,122,153,173,197,197,316,316,341,341,365,265,288,288,288,304,304,304],"floor_reached":27,"playtime":790,"items_purged":["Strike_B","Strike_B"],"score":225,"play_id":"ce6f9de6-b811-433d-bf05-88b37eef58ea","local_time":"20180716165124","is_ascension_mode":false,"campfire_choices":[{"floor":6,"key":"REST"},{"floor":15,"key":"REST"},{"floor":23,"key":"REST"}],"neow_cost":"NONE","seed_source_timestamp":112993464666227,"circlet_count":0,"master_deck":["Strike_B","Defend_B","Defend_B","Defend_B","Defend_B","Dualcast","Gash","Gash","Beam Cell","Streamline","Coolheaded","Consume","Coolheaded","Meteor Strike","Recycle","Coolheaded"],"relics":["Fusion Hammer","Mango","Prayer Wheel","Turnip","Runic Pyramid","Nloth\u0027s Gift","Gremlin Horn"],"potions_floor_usage":[7,12,14,16,16,16,20,20,25],"damage_taken":[{"damage":1,"enemies":"Cultist","floor":1,"turns":3},{"damage":2,"enemies":"Small Slimes","floor":4,"turns":3},{"damage":29,"enemies":"Lagavulin","floor":7,"turns":6},{"damage":20,"enemies":"Jaw Worm","floor":8,"turns":4},{"damage":10,"enemies":"Looter","floor":10,"turns":3},{"damage":19,"enemies":"Gremlin Nob","floor":12,"turns":4},{"damage":7,"enemies":"Blue Slaver","floor":13,"turns":3},{"damage":1,"enemies":"2 Fungi Beasts","floor":14,"turns":5},{"damage":39,"enemies":"Slime Boss","floor":16,"turns":18},{"damage":33,"enemies":"Spheric Guardian","floor":18,"turns":6},{"damage":7,"enemies":"3 Byrds","floor":20,"turns":4},{"damage":31,"enemies":"Snake Plant","floor":22,"turns":6},{"damage":43,"enemies":"3 Cultists","floor":25,"turns":6},{"damage":5,"enemies":"Cultist and Chosen","floor":27,"turns":1}],"seed_played":"4798268895861712529","potions_obtained":[{"floor":3,"key":"Dexterity Potion"},{"floor":3,"key":"Ancient Potion"},{"floor":3,"key":"Ancient Potion"},{"floor":8,"key":"Dexterity Potion"},{"floor":12,"key":"FearPotion"},{"floor":13,"key":"Block Potion"},{"floor":14,"key":"Regen Potion"},{"floor":16,"key":"Fire Potion"},{"floor":18,"key":"LiquidBronze"},{"floor":20,"key":"Swift Potion"},{"floor":25,"key":"Block Potion"}],"is_trial":false,"path_per_floor":["M","$","?","M","?","R","E","M","T","M","?","E","M","M","R","B",null,"M","?","M","$","M","R","?","M","T"],"character_chosen":"DEFECT","items_purchased":[],"campfire_rested":3,"item_purchase_floors":[],"current_hp_per_floor":[74,74,74,72,54,75,60,40,40,30,30,11,4,3,29,5,89,56,56,49,49,18,44,44,1,1,0],"gold":304,"neow_bonus":"BOSS_RELIC","is_prod":false,"is_daily":false,"chose_seed":false,"campfire_upgraded":0,"win_rate":0,"timestamp":1531731084,"path_taken":["M","$","?","M","?","R","E","M","T","M","?","E","M","M","R","BOSS","M","?","M","$","M","R","?","M","T","M"],"build_version":"2018-07-12","purchased_purges":2,"victory":false,"max_hp_per_floor":[75,75,75,75,75,75,89,89,89,89,89,89,89,89,89,89,89,89,89,89,89,89,89,89,89,89,89],"card_choices":[{"not_picked":["Steam","Go for the Eyes"],"picked":"Gash","floor":1},{"not_picked":["Compile Driver","Hologram"],"picked":"Gash","floor":4},{"not_picked":["Go for the Eyes","Genetic Algorithm","Undo"],"picked":"SKIP","floor":7},{"not_picked":["Consume","Coolheaded"],"picked":"Beam Cell","floor":8},{"not_picked":["Recycle","Double Energy"],"picked":"Streamline","floor":10},{"not_picked":["Sunder","Genetic Algorithm","Barrage"],"picked":"SKIP","floor":10},{"not_picked":["Sweeping Beam","Double Energy"],"picked":"Coolheaded","floor":12},{"not_picked":["Go for the Eyes","Biased Cognition"],"picked":"Consume","floor":13},{"not_picked":["Steam","Cold Snap","Turbo"],"picked":"SKIP","floor":13},{"not_picked":["Rebound","Glacier"],"picked":"Coolheaded","floor":14},{"not_picked":["Steam","Streamline","Cold Snap"],"picked":"SKIP","floor":14},{"not_picked":["Buffer","Echo Form"],"picked":"Meteor Strike","floor":16},{"not_picked":["Doom and Gloom","Go for the Eyes","Capacitor"],"picked":"SKIP","floor":18},{"not_picked":["Force Field","Cold Snap","Turbo"],"picked":"SKIP","floor":18},{"not_picked":["Barrage+1","Leap+1","Hello World"],"picked":"SKIP","floor":20},{"not_picked":["Streamline+1","Stack","Conserve Battery"],"picked":"SKIP","floor":20},{"not_picked":["Sweeping Beam","Leap"],"picked":"Recycle","floor":22},{"not_picked":["Gash","Redo","Leap"],"picked":"SKIP","floor":22},{"not_picked":["Turbo","Ball Lightning+1"],"picked":"Coolheaded","floor":25},{"not_picked":["Rip and Tear","Reinforced Body","Turbo"],"picked":"SKIP","floor":25}],"player_experience":299913,"relics_obtained":[{"floor":7,"key":"Mango"},{"floor":9,"key":"Prayer Wheel"},{"floor":12,"key":"Turnip"},{"floor":26,"key":"Gremlin Horn"}],"event_choices":[{"event_name":"The Lab","player_choice":"Got Potions","floor":3,"damage_taken":0},{"event_name":"Golden Idol","player_choice":"Take Damage","floor":5,"damage_taken":0},{"event_name":"Bonfire Elementals","player_choice":"BASIC","floor":11,"damage_taken":0},{"event_name":"Back to Basics","player_choice":"Elegance","floor":19,"damage_taken":0},{"event_name":"N\u0027loth","player_choice":"Traded a Golden Idol","floor":24,"damage_taken":0}],"boss_relics":[{"not_picked":["Inserter","Ectoplasm"],"picked":"Runic Pyramid"}],"items_purged_floors":[2,21],"is_endless":false,"potions_floor_spawned":[8,12,13,14,16,18,20,25],"killed_by":"Cultist and Chosen","ascension_level":0}