{"gold_per_floor":[111,111,111,59,14,14,29,29,29,45,56,84,84,94,94,198,198,211,6,21,32,50,50,10,29,54,54,54],"floor_reached":28,"playtime":1542,"items_purged":[],"score":330,"play_id":"4f5989b0-922b-4641-9f1d-8f5c4bec31f6","local_time":"20180918110707","is_ascension_mode":true,"campfire_choices":[{"floor":6.0,"key":"REST"},{"data":"Streamline","floor":8.0,"key":"SMITH"},{"data":"Static Discharge","floor":13.0,"key":"SMITH"},{"data":"Hologram","floor":15.0,"key":"SMITH"},{"floor":23.0,"key":"REST"},{"floor":27.0,"key":"REST"}],"neow_cost":"TEN_PERCENT_HP_LOSS","seed_source_timestamp":0,"circlet_count":0,"master_deck":["Strike_B","Strike_B","Strike_B","Strike_B+1","Defend_B+1","Defend_B","Defend_B","Zap","Dualcast","AscendersBane","Conserve Battery","Streamline+1","Storm","Sweeping Beam","Skim","Static Discharge+1","Hologram+1","Echo Form","Beam Cell","Stack+1","Loop","Consume"],"special_seed":0,"relics":["Cracked Core","StoneCalendar","Emotion Chip","Bag of Preparation","Nuclear Battery","Toolbox","Vajra"],"potions_floor_usage":[],"damage_taken":[{"damage":7.0,"enemies":"Jaw Worm","floor":1.0,"turns":2.0},{"damage":0.0,"enemies":"Small Slimes","floor":7.0,"turns":2.0},{"damage":0.0,"enemies":"Cultist","floor":10.0,"turns":3.0},{"damage":5.0,"enemies":"Large Slime","floor":11.0,"turns":5.0},{"damage":16.0,"enemies":"Gremlin Nob","floor":12.0,"turns":3.0},{"damage":0.0,"enemies":"Red Slaver","floor":14.0,"turns":1.0},{"damage":33.0,"enemies":"Hexaghost","floor":16.0,"turns":5.0},{"damage":20.0,"enemies":"2 Thieves","floor":18.0,"turns":3.0},{"damage":12.0,"enemies":"Chosen","floor":20.0,"turns":4.0},{"damage":24.0,"enemies":"Centurion and Healer","floor":21.0,"turns":7.0},{"damage":0.0,"enemies":"Snake Plant","floor":22.0,"turns":5.0},{"damage":31.0,"enemies":"Chosen and Byrds","floor":25.0,"turns":4.0},{"damage":38,"enemies":"Shelled Parasite and Fungi","floor":28,"turns":2}],"seed_played":"-7445468539006464651","potions_obtained":[{"floor":10.0,"key":"Energy Potion"},{"floor":11.0,"key":"Regen Potion"},{"floor":12.0,"key":"Ancient Potion"},{"floor":20.0,"key":"Block Potion"},{"floor":25.0,"key":"Ancient Potion"}],"is_trial":false,"path_per_floor":["M","?","?","$","?","R","M","R","T","M","M","E","R","M","R","B",null,"M","$","M","M","M","R","$","M","T","R"],"character_chosen":"DEFECT","items_purchased":["Streamline","Toolbox","Consume"],"campfire_rested":3,"item_purchase_floors":[4,19,24],"current_hp_per_floor":[61,47,47,47,47,67,67,67,67,67,62,46,46,46,46,13,54,34,34,22,2,16,36,36,5,5,25,0],"gold":54,"neow_bonus":"ONE_RARE_RELIC","is_prod":false,"is_daily":false,"chose_seed":false,"campfire_upgraded":3,"win_rate":0,"timestamp":1537283227,"path_taken":["M","?","?","?","?","R","?","R","T","M","?","E","R","M","R","BOSS","M","$","M","?","M","R","$","M","T","R","M"],"build_version":"2018-09-06","purchased_purges":0,"victory":false,"max_hp_per_floor":[68,68,68,68,68,68,68,68,68,68,68,68,68,68,68,68,68,68,68,68,68,68,68,68,68,68,68,68],"card_choices":[{"not_picked":["Compile Driver","Barrage"],"picked":"Conserve Battery","floor":1.0},{"not_picked":["Reprogram","Force Field"],"picked":"Storm","floor":7.0},{"not_picked":["Steam","Compile Driver"],"picked":"Sweeping Beam","floor":10.0},{"not_picked":["Fusion","Scrape"],"picked":"Skim","floor":11.0},{"not_picked":["Capacitor","Scrape"],"picked":"Static Discharge","floor":12.0},{"not_picked":["Stack","Genetic Algorithm"],"picked":"Hologram","floor":14.0},{"not_picked":["Hyperbeam","Amplify"],"picked":"Echo Form","floor":16.0},{"not_picked":["Reprogram","Steam","Cold Snap+1"],"picked":"SKIP","floor":18.0},{"not_picked":["BootSequence","Cold Snap+1"],"picked":"Beam Cell","floor":20.0},{"not_picked":["Cold Snap+1","Defragment"],"picked":"Stack+1","floor":21.0},{"not_picked":["Sunder","Leap"],"picked":"Loop","floor":22.0},{"not_picked":["Ball Lightning","Defragment","Reboot"],"picked":"SKIP","floor":25.0}],"player_experience":553348,"relics_obtained":[{"floor":9.0,"key":"Emotion Chip"},{"floor":12.0,"key":"Bag of Preparation"},{"floor":26.0,"key":"Vajra"}],"event_choices":[{"event_name":"Shining Light","player_choice":"Entered Light","floor":2.0,"damage_taken":0.0},{"event_name":"Wheel of Change","player_choice":"Card Removal","floor":3.0,"damage_taken":0.0},{"event_name":"World of Goop","player_choice":"Left","floor":5.0,"damage_taken":0.0}],"is_beta":false,"boss_relics":[{"not_picked":["Runic Pyramid","Pandora\u0027s Box"],"picked":"Nuclear Battery"}],"items_purged_floors":[],"is_endless":false,"potions_floor_spawned":[10,11,12,20,25],"killed_by":"Shelled Parasite and Fungi","ascension_level":10}