{"gold_per_floor":[110,285,285,360,360,360,59,59,112,156,156,179,202,218,218,349,349,373,34,34,49,62,62,62,262,289,289,328,328,66,66],"floor_reached":31,"playtime":1117,"items_purged":["Decay","Injury"],"score":299,"play_id":"a84c88d7-1866-4684-b5ce-abfea060af7a","local_time":"20190317224455","is_ascension_mode":false,"campfire_choices":[{"data":"Neutralize","floor":6,"key":"SMITH"},{"data":"Survivor","floor":8,"key":"SMITH"},{"data":"Deadly Poison","floor":15,"key":"SMITH"},{"floor":23,"key":"REST"},{"floor":27,"key":"REST"},{"floor":29,"key":"REST"}],"neow_cost":"NONE","seed_source_timestamp":395425842591821,"circlet_count":0,"master_deck":["Defend_G","Defend_G","Defend_G","Defend_G","Defend_G","Strike_G","Strike_G","Strike_G","Strike_G","Strike_G","Survivor+1","Neutralize+1","Eviscerate","Infinite Blades+1","Unload","Deadly Poison+1","Caltrops+1","Choke","Envenom+1","Caltrops+1","Poisoned Stab","Caltrops+1","RitualDagger","Deadly Poison","Caltrops+1","Deadly Poison","Backstab"],"relics":["Ring of the Snake","NeowsBlessing","Golden Idol","Frozen Egg 2","Omamori","Torii","Calling Bell","Boot","Singing Bowl","Unceasing Top","Bronze Scales","Bag of Preparation","Letter Opener"],"potions_floor_usage":[16,16,22],"damage_taken":[{"damage":0,"enemies":"Jaw Worm","floor":1,"turns":1},{"damage":0,"enemies":"3 Sentries","floor":10,"turns":2},{"damage":0,"enemies":"2 Louse","floor":12,"turns":1},{"damage":0,"enemies":"Small Slimes","floor":13,"turns":3},{"damage":9,"enemies":"Red Slaver","floor":14,"turns":3},{"damage":17,"enemies":"The Guardian","floor":16,"turns":8},{"damage":32,"enemies":"Shell Parasite","floor":18,"turns":5},{"damage":2,"enemies":"Chosen","floor":21,"turns":3},{"damage":19,"enemies":"Snecko","floor":22,"turns":4},{"damage":55,"enemies":"Slavers","floor":28,"turns":4},{"damage":27,"enemies":"Centurion and Healer","floor":31,"turns":4}],"seed_played":"-4972168598872765835","potions_obtained":[{"floor":10,"key":"AttackPotion"},{"floor":11,"key":"Regen Potion"},{"floor":11,"key":"Swift Potion"},{"floor":18,"key":"Ancient Potion"}],"is_trial":false,"path_per_floor":["M","?","?","?","?","R","$","R","T","E","?","M","M","M","R","B",null,"M","$","?","M","M","R","?","?","T","R","E","R","$","M"],"character_chosen":"THE_SILENT","items_purchased":["Frozen Egg 2","Infinite Blades+1","Caltrops+1","Bronze Scales","Poisoned Stab","Caltrops+1","Deadly Poison","Backstab"],"campfire_rested":3,"item_purchase_floors":[7,7,19,19,19,30,30,30],"current_hp_per_floor":[70,70,70,59,52,52,52,52,52,52,52,52,52,43,43,41,70,40,40,40,38,21,43,37,37,37,59,4,26,26,0],"gold":66,"neow_bonus":"THREE_ENEMY_KILL","is_prod":false,"is_daily":false,"chose_seed":false,"campfire_upgraded":3,"win_rate":0.0,"timestamp":1552887895,"path_taken":["M","?","?","?","?","R","$","R","T","E","?","M","M","M","R","BOSS","M","$","?","M","M","R","?","?","T","R","E","R","$","?"],"build_version":"2019-01-23","purchased_purges":2,"victory":false,"max_hp_per_floor":[70,70,70,70,70,70,70,70,70,70,70,70,70,70,70,70,70,72,72,72,72,74,74,74,74,74,74,74,74,74,74],"card_choices":[{"not_picked":["Flying Knee","PiercingWail"],"picked":"Eviscerate","floor":1},{"not_picked":["Acrobatics","Adrenaline"],"picked":"Unload","floor":10},{"not_picked":["Dagger Throw","Escape Plan"],"picked":"Deadly Poison","floor":12},{"not_picked":["Acrobatics","Flying Knee"],"picked":"Caltrops+1","floor":13},{"not_picked":["Dagger Spray","Backflip"],"picked":"Choke","floor":14},{"not_picked":["Bullet Time","Doppelganger"],"picked":"Envenom+1","floor":16},{"not_picked":["Dodge and Roll","Deflect+1","Sucker Punch+1"],"picked":"Singing Bowl","floor":18},{"not_picked":["Bane+1","Tactician"],"picked":"Caltrops+1","floor":21},{"not_picked":["Reflex","Outmaneuver","Poisoned Stab+1"],"picked":"Singing Bowl","floor":22},{"not_picked":["Distraction","All Out Attack"],"picked":"Deadly Poison","floor":28}],"player_experience":267953,"relics_obtained":[{"floor":9,"key":"Omamori"},{"floor":10,"key":"Torii"},{"floor":17,"key":"Boot"},{"floor":17,"key":"Singing Bowl"},{"floor":17,"key":"Unceasing Top"},{"floor":26,"key":"Bag of Preparation"},{"floor":28,"key":"Letter Opener"}],"event_choices":[{"damage_healed":0,"gold_gain":175,"player_choice":"AGREE","damage_taken":0,"max_hp_gain":0,"max_hp_loss":0,"event_name":"Liars Game","floor":2,"gold_loss":0,"cards_obtained":["Doubt"]},{"damage_healed":0,"gold_gain":0,"player_choice":"Take Wound","damage_taken":0,"relics_obtained":["Golden Idol"],"max_hp_gain":0,"max_hp_loss":0,"event_name":"Golden Idol","floor":3,"gold_loss":0,"cards_obtained":["Injury"]},{"damage_healed":0,"gold_gain":75,"player_choice":"Gather Gold","damage_taken":11,"max_hp_gain":0,"max_hp_loss":0,"event_name":"World of Goop","floor":4,"gold_loss":0},{"cards_removed":["Doubt"],"damage_healed":0,"gold_gain":0,"player_choice":"Card Removal","damage_taken":7,"max_hp_gain":0,"max_hp_loss":0,"event_name":"Golden Wing","floor":5,"gold_loss":0},{"damage_healed":0,"gold_gain":0,"player_choice":"Got Potions","damage_taken":0,"max_hp_gain":0,"max_hp_loss":0,"event_name":"Lab","floor":11,"gold_loss":0},{"damage_healed":0,"gold_gain":0,"player_choice":"Ignored","damage_taken":0,"max_hp_gain":0,"max_hp_loss":0,"event_name":"Beggar","floor":20,"gold_loss":0},{"damage_healed":0,"gold_gain":0,"player_choice":"Joined the Cult","damage_taken":6,"max_hp_gain":0,"max_hp_loss":0,"event_name":"Nest","floor":24,"gold_loss":0,"cards_obtained":["RitualDagger"]},{"damage_healed":0,"gold_gain":250,"player_choice":"Bet on Owner","damage_taken":0,"max_hp_gain":0,"max_hp_loss":0,"event_name":"The Joust","floor":25,"gold_loss":50}],"is_beta":false,"boss_relics":[{"not_picked":["Lizard Tail","HoveringKite"],"picked":"Calling Bell"}],"items_purged_floors":[19,30],"is_endless":false,"potions_floor_spawned":[10,12,13,18],"killed_by":"Centurion and Healer","ascension_level":0}