{"gold_per_floor":[111,129,129,149,129,129,140,166,166,166,166,91,11,24,24,115,115,130,130,130,154,154,154,190,206,206,206,226,262,75,111,111,210,210,235,235,63,76,94,127,127,161,186,221,241,574,330,330,330,330,330,330,330,38,65,65],"floor_reached":57,"playtime":3357,"items_purged":["Defend_B+1","Defend_B+1"],"score":3442,"play_id":"1e69dd42-563c-4e07-8a41-3cdfcc74f2e4","local_time":"20190424171435","is_ascension_mode":true,"campfire_choices":[{"data":"Zap","floor":6.0,"key":"SMITH"},{"data":"Coolheaded","floor":10.0,"key":"SMITH"},{"data":"Dualcast","floor":15.0,"key":"SMITH"},{"data":"Recycle","floor":23.0,"key":"SMITH"},{"data":"Turbo","floor":27.0,"key":"SMITH"},{"data":"Heatsinks","floor":32.0,"key":"SMITH"},{"data":"Turbo","floor":41.0,"key":"SMITH"},{"floor":49.0,"key":"RECALL"},{"data":"Blizzard","floor":53,"key":"SMITH"}],"neow_cost":"NONE","seed_source_timestamp":90565823451843,"circlet_count":0,"master_deck":["AscendersBane","Defend_B+1","Zap+1","Dualcast+1","Genetic Algorithm+1","Turbo+1","Glacier+1","Coolheaded+1","Recycle+1","Undo+1","All For One+1","Beam Cell+1","Sunder+1","Machine Learning+1","Capacitor+1","Core Surge+1","Glacier+1","Cold Snap+1","Coolheaded+1","Self Repair+1","Skim+1","Creative AI+1","Heatsinks+1","Panacea+1","Double Energy+1","Thunder Strike+1","Blizzard+1","Turbo+1","Skim","Reinforced Body","Genetic Algorithm+1","Heatsinks","Secret Technique"],"special_seed":0,"relics":["Cracked Core","NeowsBlessing","FossilizedHelix","Kunai","Astrolabe","Enchiridion","Meat on the Bone","Incense Burner","Happy Flower","Matryoshka","Runic Pyramid","Mark of the Bloom","Bag of Preparation","Orichalcum","Darkstone Periapt","Sundial","The Courier","DollysMirror","Gambling Chip"],"potions_floor_usage":[51,56],"damage_taken":[{"damage":0.0,"enemies":"Jaw Worm","floor":1.0,"turns":1.0},{"damage":0.0,"enemies":"Small Slimes","floor":2.0,"turns":2.0},{"damage":0.0,"enemies":"Cultist","floor":4.0,"turns":1.0},{"damage":2.0,"enemies":"Blue Slaver","floor":7.0,"turns":5.0},{"damage":11.0,"enemies":"Lagavulin","floor":8.0,"turns":7.0},{"damage":0.0,"enemies":"2 Fungi Beasts","floor":14.0,"turns":4.0},{"damage":14.0,"enemies":"The Guardian","floor":16.0,"turns":17.0},{"damage":0.0,"enemies":"Spheric Guardian","floor":18.0,"turns":4.0},{"damage":0.0,"enemies":"Shell Parasite","floor":21.0,"turns":6.0},{"damage":22.0,"enemies":"Slavers","floor":24.0,"turns":8.0},{"damage":1.0,"enemies":"Shelled Parasite and Fungi","floor":25.0,"turns":5.0},{"damage":13.0,"enemies":"Sentry and Sphere","floor":28.0,"turns":7.0},{"damage":12.0,"enemies":"Book of Stabbing","floor":29.0,"turns":5.0},{"damage":12.0,"enemies":"Gremlin Leader","floor":31.0,"turns":8.0},{"damage":0.0,"enemies":"Champ","floor":33.0,"turns":14.0},{"damage":6.0,"enemies":"3 Shapes","floor":35.0,"turns":5.0},{"damage":0.0,"enemies":"3 Darklings","floor":38.0,"turns":4.0},{"damage":0.0,"enemies":"Sphere and 2 Shapes","floor":39.0,"turns":5.0},{"damage":0.0,"enemies":"Nemesis","floor":40.0,"turns":3.0},{"damage":0.0,"enemies":"Reptomancer","floor":42.0,"turns":3.0},{"damage":0.0,"enemies":"Nemesis","floor":44.0,"turns":5.0},{"damage":0.0,"enemies":"Spire Growth","floor":45.0,"turns":4.0},{"damage":0,"enemies":"Donu and Deca","floor":50,"turns":9},{"damage":0,"enemies":"Time Eater","floor":51,"turns":10},{"damage":0,"enemies":"Shield and Spear","floor":55,"turns":6},{"damage":0,"enemies":"The Heart","floor":56,"turns":11}],"seed_played":"-7738854909810894537","potions_obtained":[{"floor":1.0,"key":"PowerPotion"},{"floor":5.0,"key":"AttackPotion"},{"floor":16.0,"key":"Dexterity Potion"},{"floor":21.0,"key":"Strength Potion"},{"floor":39.0,"key":"GamblersBrew"},{"floor":45.0,"key":"FocusPotion"}],"is_trial":false,"path_per_floor":["M","M","?","M","?","R","M","E","T","R","?","?","$","M","R","B",null,"M","?","?","M","?","R","E","M","T","R","M","E","$","E","R","B",null,"M","?","$","M","M","E","R","E","T","E","M","?","$","?","R","B","B",null,"R","$","E","B",null],"character_chosen":"DEFECT","items_purchased":["Undo","Heatsinks","Panacea","Bag of Preparation","DollysMirror","Heatsinks","Secret Technique"],"campfire_rested":0,"item_purchase_floors":[13,30,30,37,47,54,54],"current_hp_per_floor":[64,64,64,64,64,64,62,51,51,51,51,51,51,51,51,37,57,57,36,36,36,36,36,14,25,25,25,34,44,44,54,54,64,64,64,64,64,64,64,64,64,64,64,64,64,64,64,61,61,61,61,61,61,61,61,61],"gold":65,"neow_bonus":"THREE_ENEMY_KILL","is_prod":false,"is_daily":false,"chose_seed":false,"campfire_upgraded":8,"win_rate":0,"timestamp":1556097275,"path_taken":["M","M","?","M","?","R","?","E","T","R","?","?","$","M","R","BOSS","M","?","?","M","?","R","E","?","T","R","M","E","$","E","R","BOSS","M","?","$","M","M","E","R","E","T","E","M","?","$","?","R","BOSS","BOSS","R","$","E","BOSS"],"build_version":"2019-01-23","purchased_purges":2,"victory":true,"max_hp_per_floor":[71,71,71,71,71,71,71,71,71,71,64,64,64,64,64,64,64,64,64,64,64,64,64,64,64,64,64,64,64,64,64,64,64,64,64,64,64,64,64,64,64,64,64,64,64,64,64,61,61,61,61,61,61,61,61,61],"card_choices":[{"not_picked":["Steam","Rebound"],"picked":"Genetic Algorithm","floor":1.0},{"not_picked":["Force Field","Ball Lightning"],"picked":"Turbo","floor":2.0},{"not_picked":["Ball Lightning","Streamline"],"picked":"Glacier","floor":4.0},{"not_picked":["Loop","Consume"],"picked":"Coolheaded","floor":7.0},{"not_picked":["Turbo","Redo"],"picked":"Recycle","floor":8.0},{"not_picked":["Reprogram","Hello World","Beam Cell"],"picked":"SKIP","floor":14.0},{"not_picked":["Buffer","Electrodynamics"],"picked":"All For One","floor":16.0},{"not_picked":["Stack+1","Conserve Battery","Lockon"],"picked":"SKIP","floor":18.0},{"not_picked":["Beam Cell","Conserve Battery"],"picked":"Capacitor","floor":21.0},{"not_picked":["Chill","Rebound"],"picked":"Coolheaded","floor":24.0},{"not_picked":["Gash","Barrage"],"picked":"Self Repair+1","floor":25.0},{"not_picked":["Genetic Algorithm","Cold Snap"],"picked":"Skim","floor":28.0},{"not_picked":["Leap","Chill"],"picked":"Creative AI","floor":29.0},{"not_picked":["Coolheaded+1","Barrage"],"picked":"Double Energy+1","floor":31.0},{"not_picked":["Reboot","All For One"],"picked":"Thunder Strike","floor":33.0},{"not_picked":["Sweeping Beam","Redo","Conserve Battery"],"picked":"SKIP","floor":35.0},{"not_picked":["Undo+1","Conserve Battery","FTL"],"picked":"SKIP","floor":38.0},{"not_picked":["Static Discharge","Melter"],"picked":"Blizzard","floor":39.0},{"not_picked":["Redo","Cold Snap"],"picked":"Turbo","floor":40.0},{"not_picked":["Go for the Eyes","Turbo","Steam+1"],"picked":"SKIP","floor":42.0},{"not_picked":["All For One","Stack"],"picked":"Skim","floor":44.0},{"not_picked":["Gash","Barrage"],"picked":"Reinforced Body","floor":45.0},{"not_picked":["Sweeping Beam","Sunder","Multi-Cast"],"picked":"SKIP","floor":55}],"player_experience":1459854,"relics_obtained":[{"floor":8.0,"key":"FossilizedHelix"},{"floor":9.0,"key":"Kunai"},{"floor":19.0,"key":"Enchiridion"},{"floor":24.0,"key":"Meat on the Bone"},{"floor":26.0,"key":"Incense Burner"},{"floor":29.0,"key":"Happy Flower"},{"floor":31.0,"key":"Matryoshka"},{"floor":40.0,"key":"Orichalcum"},{"floor":42.0,"key":"Darkstone Periapt"},{"floor":43.0,"key":"Sundial"},{"floor":44.0,"key":"The Courier"},{"floor":55,"key":"Gambling Chip"}],"event_choices":[{"cards_removed":["Strike_B"],"damage_healed":0.0,"max_hp_gain":0.0,"max_hp_loss":0.0,"gold_gain":0.0,"event_name":"Living Wall","player_choice":"Forget","floor":3.0,"gold_loss":0.0,"damage_taken":0.0},{"damage_healed":0.0,"max_hp_gain":0.0,"max_hp_loss":0.0,"gold_gain":0.0,"event_name":"The Woman in Blue","player_choice":"Bought 1 Potion","floor":5.0,"gold_loss":0.0,"damage_taken":0.0},{"damage_healed":0.0,"max_hp_gain":0.0,"max_hp_loss":7.0,"gold_gain":0.0,"event_name":"Golden Idol","player_choice":"Lose Max HP","floor":11.0,"gold_loss":0.0,"damage_taken":0.0,"relics_obtained":["Golden Idol"]},{"cards_removed":["Strike_B"],"damage_healed":0.0,"max_hp_gain":0.0,"max_hp_loss":0.0,"gold_gain":0.0,"event_name":"The Cleric","player_choice":"Card Removal","floor":12.0,"gold_loss":75.0,"damage_taken":0.0},{"damage_healed":0.0,"max_hp_gain":0.0,"max_hp_loss":0.0,"gold_gain":0.0,"event_name":"Cursed Tome","player_choice":"Obtained Book","floor":19.0,"gold_loss":0.0,"damage_taken":21.0},{"damage_healed":0.0,"max_hp_gain":0.0,"max_hp_loss":0.0,"gold_gain":0.0,"event_name":"The Mausoleum","player_choice":"Ignored","floor":20.0,"gold_loss":0.0,"damage_taken":0.0},{"damage_healed":0.0,"max_hp_gain":0.0,"max_hp_loss":0.0,"gold_gain":0.0,"event_name":"Match and Keep!","player_choice":"3 cards matched","floor":22.0,"gold_loss":0.0,"damage_taken":0.0,"cards_obtained":["Core Surge","Glacier","Cold Snap"]},{"damage_healed":0.0,"max_hp_gain":0.0,"max_hp_loss":0.0,"gold_gain":0.0,"event_name":"MindBloom","player_choice":"Upgrade","floor":36.0,"gold_loss":0.0,"damage_taken":0.0,"cards_upgraded":["Defend_B","Defend_B","Defend_B","Genetic Algorithm","Glacier","Undo","All For One","Capacitor","Core Surge","Glacier","Cold Snap","Coolheaded","Skim","Creative AI","Panacea","Thunder Strike"],"relics_obtained":["Mark of the Bloom"]},{"damage_healed":0.0,"max_hp_gain":0.0,"max_hp_loss":0.0,"gold_gain":333.0,"event_name":"The Moai Head","player_choice":"Gave Idol","floor":46.0,"relics_lost":["Golden Idol"],"gold_loss":0.0,"damage_taken":0.0},{"damage_healed":0.0,"max_hp_gain":0.0,"max_hp_loss":3.0,"gold_gain":0.0,"event_name":"Winding Halls","player_choice":"Max HP","floor":48.0,"gold_loss":0.0,"damage_taken":0.0}],"is_beta":false,"boss_relics":[{"not_picked":["Snecko Eye","Black Star"],"picked":"Astrolabe"},{"not_picked":["Calling Bell","Fusion Hammer"],"picked":"Runic Pyramid"}],"items_purged_floors":[47,54],"is_endless":false,"potions_floor_spawned":[1,7,16,21,28,35,39,45],"ascension_level":20}