{"gold_per_floor":[118,118,37,53,103,103,117,42,42,62,87,87,110,140,140,238,238,254,269,41,41,57,57,57,80,134,134,134],"floor_reached":28,"playtime":815,"items_purged":["Strike_G"],"score":416,"play_id":"2e0958bf-2a6b-491e-ad1b-999206056da8","local_time":"20190506165812","is_ascension_mode":true,"campfire_choices":[{"data":"Neutralize","floor":6.0,"key":"SMITH"},{"data":"Cloak And Dagger","floor":12.0,"key":"SMITH"},{"data":"Choke","floor":15.0,"key":"SMITH"},{"data":"Caltrops","floor":23.0,"key":"SMITH"},{"floor":27.0,"key":"REST"}],"neow_cost":"NONE","seed_source_timestamp":1014137341748229,"circlet_count":0,"master_deck":["AscendersBane","Defend_G","Defend_G","Defend_G","Defend_G","Defend_G","Survivor","Neutralize+1","Choke+1","Caltrops+1","Escape Plan","Cloak And Dagger+1","Acrobatics","After Image","Reflex"],"special_seed":0,"relics":["Ring of the Snake","Golden Idol","Bottled Tornado","Centennial Puzzle","Gambling Chip","Empty Cage","Medical Kit"],"potions_floor_usage":[],"damage_taken":[{"damage":3.0,"enemies":"2 Louse","floor":1.0,"turns":4.0},{"damage":2.0,"enemies":"Jaw Worm","floor":4.0,"turns":5.0},{"damage":0.0,"enemies":"Cultist","floor":7.0,"turns":4.0},{"damage":18.0,"enemies":"Exordium Thugs","floor":10.0,"turns":6.0},{"damage":3.0,"enemies":"Blue Slaver","floor":13.0,"turns":3.0},{"damage":18.0,"enemies":"The Guardian","floor":16.0,"turns":15.0},{"damage":1.0,"enemies":"3 Byrds","floor":18.0,"turns":3.0},{"damage":12.0,"enemies":"Shell Parasite","floor":19.0,"turns":5.0},{"damage":17.0,"enemies":"Cultist and Chosen","floor":22.0,"turns":8.0},{"damage":14.0,"enemies":"Snake Plant","floor":25.0,"turns":6.0},{"damage":0,"enemies":"Gremlin Leader","floor":28,"turns":3}],"seed_played":"2643144506254803982","potions_obtained":[{"floor":1.0,"key":"GhostInAJar"},{"floor":7.0,"key":"Strength Potion"},{"floor":10.0,"key":"Block Potion"},{"floor":18.0,"key":"LiquidBronze"},{"floor":19.0,"key":"Ancient Potion"},{"floor":22.0,"key":"AttackPotion"}],"is_trial":false,"path_per_floor":["M","?","$","M","?","R","M","$","T","M","T","R","M","?","R","B",null,"M","M","$","?","M","R","?","M","T","R","E"],"character_chosen":"THE_SILENT","items_purchased":["Caltrops","Medical Kit"],"campfire_rested":1,"item_purchase_floors":[3,20],"current_hp_per_floor":[56,56,56,54,48,48,48,48,48,30,30,30,27,27,27,9,47,46,34,34,34,17,17,17,3,3,21,21],"gold":134,"neow_bonus":"REMOVE_CARD","is_prod":false,"is_daily":false,"chose_seed":false,"campfire_upgraded":4,"win_rate":0,"timestamp":1557133092,"path_taken":["M","?","$","M","?","R","M","$","T","?","?","R","M","?","R","BOSS","M","M","$","?","?","R","?","M","T","R","E"],"build_version":"2019-01-23","purchased_purges":1,"victory":false,"max_hp_per_floor":[66,60,60,60,60,60,60,60,60,60,60,60,60,60,60,60,60,60,60,60,60,60,60,60,60,60,60,60],"card_choices":[{"not_picked":["Concentrate","Poisoned Stab"],"picked":"Choke","floor":1.0},{"not_picked":["Dagger Spray","Infinite Blades","Bane"],"picked":"SKIP","floor":4.0},{"not_picked":["Setup","Flechettes"],"picked":"Escape Plan","floor":7.0},{"not_picked":["Poisoned Stab","Dagger Throw"],"picked":"Cloak And Dagger","floor":10.0},{"not_picked":["Die Die Die","Dagger Throw"],"picked":"Acrobatics","floor":13.0},{"not_picked":["Bullet Time","Wraith Form v2"],"picked":"After Image","floor":16.0},{"not_picked":["Dodge and Roll","PiercingWail","Cloak And Dagger"],"picked":"SKIP","floor":18.0},{"not_picked":["Poisoned Stab","Prepared","Dodge and Roll"],"picked":"SKIP","floor":19.0},{"not_picked":["Dodge and Roll","Sucker Punch"],"picked":"Reflex","floor":22.0},{"not_picked":["Skewer","Flying Knee","Acrobatics"],"picked":"SKIP","floor":25.0}],"player_experience":1561523,"relics_obtained":[{"floor":9.0,"key":"Bottled Tornado"},{"floor":11.0,"key":"Centennial Puzzle"}],"event_choices":[{"damage_healed":0.0,"max_hp_gain":0.0,"max_hp_loss":6.0,"gold_gain":0.0,"event_name":"Golden Idol","player_choice":"Lose Max HP","floor":2.0,"gold_loss":0.0,"damage_taken":0.0,"relics_obtained":["Golden Idol"]},{"damage_healed":0.0,"max_hp_gain":0.0,"max_hp_loss":0.0,"gold_gain":50.0,"event_name":"FaceTrader","player_choice":"Touch","floor":5.0,"gold_loss":0.0,"damage_taken":6.0},{"damage_healed":0.0,"max_hp_gain":0.0,"max_hp_loss":0.0,"gold_gain":30.0,"event_name":"Dead Adventurer","player_choice":"Searched \u00272\u0027 times","floor":14.0,"gold_loss":0.0,"damage_taken":0.0,"relics_obtained":["Gambling Chip"]},{"cards_removed":["Strike_G"],"damage_healed":0.0,"max_hp_gain":0.0,"max_hp_loss":0.0,"gold_gain":0.0,"event_name":"Bonfire Elementals","player_choice":"Offered Basic","floor":21.0,"gold_loss":0.0,"damage_taken":0.0},{"damage_healed":0.0,"max_hp_gain":0.0,"max_hp_loss":0.0,"gold_gain":0.0,"event_name":"The Mausoleum","player_choice":"Ignored","floor":24.0,"gold_loss":0.0,"damage_taken":0.0}],"is_beta":false,"boss_relics":[{"not_picked":["Philosopher\u0027s Stone","Calling Bell"],"picked":"Empty Cage"}],"items_purged_floors":[8],"is_endless":false,"potions_floor_spawned":[1,7,10,13,18,19,22],"killed_by":"Gremlin Leader","ascension_level":20}