{"path_per_floor":["M","$","M","M","?","R","E","R","T","$","T","R","M","M","R","B",null,"M","?","M","?","M"],"character_chosen":"DEFECT","items_purchased":["Ball Lightning"],"gold_per_floor":[119,44,56,75,75,75,109,109,109,62,85,85,97,113,113,209,239,257,257,271,303,320,320],"floor_reached":23,"campfire_rested":1,"playtime":966,"current_hp_per_floor":[70,70,59,52,52,52,38,60,60,60,60,60,53,53,53,44,80,70,70,49,16,5,0],"items_purged":["Decay"],"gold":320,"score":191,"play_id":"c304d1b0-4937-47c2-a01c-4ea271698b2b","local_time":"20180427181418","is_prod":false,"is_daily":false,"chose_seed":false,"is_ascension_mode":false,"campfire_upgraded":3,"timestamp":1524867258,"path_taken":["M","$","M","?","?","R","E","R","T","$","?","R","?","M","R","BOSS","M","?","?","?","M","E"],"build_version":"2018-04-26v2","seed_source_timestamp":383864146357988,"purchased_purges":1,"victory":false,"master_deck":["Strike_B","Strike_B","Strike_B+1","Strike_B","Defend_B","Defend_B","Defend_B","Defend_B","Zap","Dualcast+1","Rainbow+1","Cold Snap+1","Static Discharge","Stack+1","White Noise+1","Ball Lightning","Go for the Eyes+1","Thunder Strike","Capacitor","Stack","Allocate+1"],"max_hp_per_floor":[75,75,75,75,75,75,75,75,75,75,75,75,75,75,75,75,80,80,80,80,80,80,80],"relics":["Cracked Core","Vajra","Pantograph","Whetstone","Tiny House","Red Mask"],"card_choices":[{"not_picked":["Reboot","Amplify"],"picked":"Rainbow","floor":0},{"not_picked":["Streamline","Darkness"],"picked":"Cold Snap","floor":1},{"not_picked":["Rebound","Reprogram"],"picked":"Static Discharge","floor":3},{"not_picked":["Hologram","Darkness"],"picked":"Stack","floor":4},{"not_picked":["Streamline","Rebound"],"picked":"White Noise","floor":7},{"not_picked":["Impulse","Streamline"],"picked":"Go for the Eyes","floor":14},{"not_picked":["Fission","Biased Cognition"],"picked":"Thunder Strike","floor":16},{"not_picked":["Skim","Rip and Tear"],"picked":"Capacitor","floor":17},{"not_picked":["Beam Cell","Coolheaded"],"picked":"Stack","floor":20},{"not_picked":["Steam Power","Darkness"],"picked":"Allocate","floor":22}],"player_experience":8911,"potions_floor_usage":[7,16,18,21,21,22,23],"damage_taken":[{"damage":5,"enemies":"Cultist","floor":1,"turns":4},{"damage":11,"enemies":"Jaw Worm","floor":3,"turns":3},{"damage":7,"enemies":"Small Slimes","floor":4,"turns":3},{"damage":14,"enemies":"Lagavulin","floor":7,"turns":8},{"damage":7,"enemies":"Exordium Thugs","floor":13,"turns":4},{"damage":0,"enemies":"Large Slime","floor":14,"turns":5},{"damage":31,"enemies":"The Guardian","floor":16,"turns":8},{"damage":10,"enemies":"2 Thieves","floor":18,"turns":4},{"damage":21,"enemies":"Shell Parasite","floor":20,"turns":5},{"damage":33,"enemies":"Masked Bandits","floor":21,"turns":4},{"damage":11,"enemies":"Chosen and Byrds","floor":22,"turns":6},{"damage":9,"enemies":"Slavers","floor":23,"turns":1}],"event_choices":[{"event_name":"Accursed Blacksmith","player_choice":"Forge","floor":5,"damage_taken":0},{"event_name":"Fountain of Cleansing","player_choice":"Removed Curse","floor":19,"damage_taken":0},{"event_name":"Masked Bandits","player_choice":"Fought over 271 gold","floor":21,"damage_taken":0}],"boss_relics":[{"not_picked":["Black Star","Velvet Choker"],"picked":"Tiny House"}],"potions_floor_spawned":[4,7,14,16,18,20,22],"seed_played":"-2232734287075998713","killed_by":"Slavers","ascension_level":0,"is_trial":false}