{"gold_per_floor":[109,37,56,73,73,73,87,97,121,121,73,87,87,101,101,199,199,215,215,155],"floor_reached":20,"playtime":658,"items_purged":[],"score":208,"play_id":"b6e1e9c3-f986-4add-b42e-6ab36bb4aa42","local_time":"20180715211639","is_ascension_mode":true,"campfire_choices":[{"data":"Defragment","floor":6,"key":"SMITH"},{"floor":10,"key":"REST"},{"floor":13,"key":"REST"},{"data":"Skim","floor":15,"key":"SMITH"}],"neow_cost":"NONE","seed_source_timestamp":337925068536579,"circlet_count":0,"master_deck":["Strike_B","Strike_B","Strike_B","Defend_B","Defend_B","Defend_B","Defend_B","Zap","Dualcast","Defragment+1","Gash","Gash","Gash","Skim+1","Gash","Echo Form","Gash"],"relics":["Sozu","Vajra","Bronze Scales","Philosopher\u0027s Stone"],"potions_floor_usage":[],"damage_taken":[{"damage":13,"enemies":"Jaw Worm","floor":1,"turns":4},{"damage":1,"enemies":"Cultist","floor":3,"turns":3},{"damage":5,"enemies":"Small Slimes","floor":4,"turns":3},{"damage":9,"enemies":"Red Slaver","floor":7,"turns":2},{"damage":26,"enemies":"Exordium Thugs","floor":8,"turns":4},{"damage":10,"enemies":"3 Louse","floor":12,"turns":2},{"damage":10,"enemies":"Gremlin Gang","floor":14,"turns":3},{"damage":35,"enemies":"The Guardian","floor":16,"turns":7},{"damage":38,"enemies":"Shell Parasite","floor":18,"turns":4},{"damage":37,"enemies":"2 Thieves","floor":20,"turns":2}],"seed_played":"4283308397485184300","potions_obtained":[],"is_trial":false,"path_per_floor":["M","$","M","M","?","R","M","M","T","R","$","M","R","M","R","B",null,"M","?"],"character_chosen":"DEFECT","items_purchased":["Defragment","Gash"],"campfire_rested":2,"item_purchase_floors":[2,11],"current_hp_per_floor":[62,62,61,56,53,53,44,18,18,40,40,30,52,42,42,7,75,37,37,0],"gold":155,"neow_bonus":"BOSS_RELIC","is_prod":false,"is_daily":false,"chose_seed":false,"campfire_upgraded":2,"win_rate":0,"timestamp":1531682199,"path_taken":["M","$","M","M","?","R","M","M","T","R","$","M","R","?","R","BOSS","M","?","M"],"build_version":"2018-07-12","purchased_purges":0,"victory":false,"max_hp_per_floor":[75,75,75,75,75,75,75,75,75,75,75,75,75,75,75,75,75,75,75,75],"card_choices":[{"not_picked":["Leap","Stack","Beam Cell"],"picked":"SKIP","floor":1},{"not_picked":["Compile Driver","Leap"],"picked":"Gash","floor":3},{"not_picked":["Undo","Sweeping Beam"],"picked":"Gash","floor":4},{"not_picked":["Heatsinks","Skim"],"picked":"Gash","floor":7},{"not_picked":["Beam Cell","Turbo"],"picked":"Skim","floor":8},{"not_picked":["Rebound","Steam","Lockon"],"picked":"SKIP","floor":12},{"not_picked":["Stack","Amplify","Rebound"],"picked":"SKIP","floor":14},{"not_picked":["Biased Cognition","Machine Learning"],"picked":"Echo Form","floor":16},{"not_picked":["Heatsinks","Genetic Algorithm"],"picked":"Gash","floor":18}],"player_experience":280352,"relics_obtained":[{"floor":9,"key":"Bronze Scales"}],"event_choices":[{"event_name":"Scrap Ooze","player_choice":"success","floor":5,"damage_taken":3},{"event_name":"Back to Basics","player_choice":"Elegance","floor":19,"damage_taken":0}],"boss_relics":[{"not_picked":["Busted Crown","Orrery"],"picked":"Philosopher\u0027s Stone"}],"items_purged_floors":[],"is_endless":false,"potions_floor_spawned":[3,12,14,16,18],"killed_by":"2 Thieves","ascension_level":2}