{"gold_per_floor":[109,109,109,72,92,105,129,129,180,214,51,82,100,61,61,61],"floor_reached":16,"playtime":336,"items_purged":["Regret"],"score":205,"play_id":"9d0ab499-1823-46ba-84db-c16dc0b13c80","local_time":"20181115161350","is_ascension_mode":true,"campfire_choices":[{"data":"Noxious Fumes","floor":8,"key":"SMITH"},{"data":"Footwork","floor":15,"key":"SMITH"}],"neow_cost":"NONE","seed_source_timestamp":80898153545715,"circlet_count":0,"master_deck":["AscendersBane","Defend_G","Defend_G","Defend_G","Defend_G","Defend_G","Strike_G","Strike_G","Strike_G","Strike_G","Strike_G","Survivor","Neutralize","Dagger Spray+1","Noxious Fumes+1","Masterful Stab","Footwork","Finisher","Footwork","Dagger Spray","Footwork+1"],"relics":["Coffee Dripper","Lantern","Boot","Anchor","Mummified Hand","Snake Skull"],"potions_floor_usage":[6,10,10],"damage_taken":[{"damage":5,"enemies":"2 Louse","floor":1,"turns":4},{"damage":3,"enemies":"Cultist","floor":5,"turns":4},{"damage":4,"enemies":"Jaw Worm","floor":6,"turns":3},{"damage":18,"enemies":"Lagavulin","floor":10,"turns":6},{"damage":16,"enemies":"Gremlin Nob","floor":12,"turns":4},{"damage":0,"enemies":"Gremlin Gang","floor":13,"turns":4},{"damage":28,"enemies":"Slime Boss","floor":16,"turns":3}],"seed_played":"6819938686150790190","potions_obtained":[{"floor":1,"key":"SpeedPotion"},{"floor":5,"key":"AttackPotion"},{"floor":6,"key":"GamblersBrew"}],"is_trial":false,"path_per_floor":["M","?","?","$","M","M","T","R","T","E","$","E","M","$","R","B"],"character_chosen":"THE_SILENT","items_purchased":["Noxious Fumes","Footwork","Footwork"],"campfire_rested":0,"item_purchase_floors":[4,11,14],"current_hp_per_floor":[54,54,54,54,51,47,47,47,47,29,29,13,13,13,13,0],"gold":61,"neow_bonus":"BOSS_RELIC","is_prod":false,"is_daily":false,"chose_seed":false,"campfire_upgraded":2,"win_rate":0,"timestamp":1542316430,"path_taken":["M","?","?","$","?","M","?","R","T","E","$","E","?","$","R","BOSS"],"build_version":"2018-11-08","purchased_purges":1,"victory":false,"max_hp_per_floor":[66,66,66,66,66,66,66,66,66,66,66,66,66,66,66,66],"card_choices":[{"not_picked":["Eviscerate","Outmaneuver"],"picked":"Dagger Spray","floor":1},{"not_picked":["Bane","Deadly Poison"],"picked":"Masterful Stab","floor":5},{"not_picked":["Setup","Reflex"],"picked":"Footwork","floor":6},{"not_picked":["PiercingWail","Poisoned Stab"],"picked":"Finisher","floor":10},{"not_picked":["Slice","Concentrate","Finisher"],"picked":"SKIP","floor":12},{"not_picked":["Dagger Throw","Bane"],"picked":"Dagger Spray","floor":13}],"player_experience":724897,"relics_obtained":[{"floor":7,"key":"Boot"},{"floor":9,"key":"Anchor"},{"floor":10,"key":"Mummified Hand"},{"floor":12,"key":"Snake Skull"}],"event_choices":[{"damage_healed":0,"gold_gain":0,"player_choice":"Box","damage_taken":0,"relics_obtained":["Lantern"],"max_hp_gain":0,"max_hp_loss":0,"event_name":"Big Fish","floor":2,"gold_loss":0,"cards_obtained":["Regret"]},{"damage_healed":0,"gold_gain":0,"player_choice":"Forge","damage_taken":0,"max_hp_gain":0,"max_hp_loss":0,"event_name":"Accursed Blacksmith","floor":3,"gold_loss":0,"cards_upgraded":["Dagger Spray"]}],"is_beta":false,"boss_relics":[],"items_purged_floors":[11],"is_endless":false,"potions_floor_spawned":[1,5,6],"killed_by":"Slime Boss","ascension_level":18}