{"gold_per_floor":[118,118,128,140,140,473,490,269,269,269,282,282,310,322,322,425,425,436,410,440,451,451,451,461,461,541,553,553,553,564,581,581,581],"floor_reached":33,"playtime":2326,"items_purged":["Strike_G"],"score":414,"play_id":"99101d84-7226-4944-8774-10cf7b0fe568","local_time":"20190428012705","is_ascension_mode":true,"campfire_choices":[{"floor":10.0,"key":"REST"},{"data":"Dodge and Roll","floor":12.0,"key":"SMITH"},{"floor":15.0,"key":"REST"},{"floor":23.0,"key":"REST"},{"data":"Noxious Fumes","floor":25.0,"key":"SMITH"},{"data":"Dodge and Roll","floor":28.0,"key":"SMITH"},{"floor":32,"key":"REST"}],"neow_cost":"NONE","seed_source_timestamp":0,"circlet_count":0,"master_deck":["AscendersBane","Defend_G","Defend_G","Defend_G","Defend_G","Defend_G","Strike_G","Strike_G","Strike_G","Strike_G","Survivor","Neutralize+1","Dodge and Roll+1","Cloak And Dagger","Sucker Punch","Sucker Punch","Dash","Poisoned Stab","Noxious Fumes+1","Flying Knee","Burst","PiercingWail","Backflip","Dodge and Roll+1","Deflect","Noxious Fumes+1"],"special_seed":0,"relics":["Ring of the Snake","Centennial Puzzle","CultistMask","Old Coin","Oddly Smooth Stone","Nunchaku","Turnip","Busted Crown","Red Mask","Bottled Lightning"],"potions_floor_usage":[33,33],"damage_taken":[{"damage":2.0,"enemies":"2 Louse","floor":1.0,"turns":4.0},{"damage":2.0,"enemies":"Cultist","floor":3.0,"turns":4.0},{"damage":1.0,"enemies":"Small Slimes","floor":4.0,"turns":5.0},{"damage":29.0,"enemies":"Lagavulin","floor":6.0,"turns":8.0},{"damage":4.0,"enemies":"2 Fungi Beasts","floor":7.0,"turns":4.0},{"damage":0.0,"enemies":"Blue Slaver","floor":11.0,"turns":4.0},{"damage":10.0,"enemies":"3 Sentries","floor":13.0,"turns":10.0},{"damage":2.0,"enemies":"Exordium Thugs","floor":14.0,"turns":4.0},{"damage":13.0,"enemies":"Hexaghost","floor":16.0,"turns":13.0},{"damage":0.0,"enemies":"Spheric Guardian","floor":18.0,"turns":4.0},{"damage":40.0,"enemies":"Masked Bandits","floor":20.0,"turns":8.0},{"damage":0.0,"enemies":"Chosen","floor":21.0,"turns":6.0},{"damage":1.0,"enemies":"Colosseum Slavers","floor":22.0,"turns":6.0},{"damage":11.0,"enemies":"Sentry and Sphere","floor":24.0,"turns":7.0},{"damage":0.0,"enemies":"Centurion and Healer","floor":27.0,"turns":8.0},{"damage":12.0,"enemies":"Snake Plant","floor":30.0,"turns":6.0},{"damage":6.0,"enemies":"Cultist and Chosen","floor":31.0,"turns":8.0},{"damage":52,"enemies":"Collector","floor":33,"turns":8}],"seed_played":"7951557028283921806","potions_obtained":[{"floor":3.0,"key":"Poison Potion"},{"floor":6.0,"key":"GamblersBrew"},{"floor":11.0,"key":"FearPotion"},{"floor":13.0,"key":"Fire Potion"},{"floor":14.0,"key":"GhostInAJar"},{"floor":16.0,"key":"Energy Potion"},{"floor":24.0,"key":"FearPotion"},{"floor":31.0,"key":"Ancient Potion"}],"is_trial":false,"path_per_floor":["M","?","M","M","?","E","M","$","T","R","M","R","E","M","R","B",null,"M","$","?","M","?","R","M","R","T","M","R","?","M","M","R","B"],"character_chosen":"THE_SILENT","items_purchased":["Oddly Smooth Stone","Backflip"],"campfire_rested":4,"item_purchase_floors":[8,19],"current_hp_per_floor":[61,61,59,58,58,29,25,25,25,46,46,46,36,34,55,42,63,63,63,23,23,22,43,32,32,32,32,32,32,20,14,35,0],"gold":581,"neow_bonus":"RANDOM_COMMON_RELIC","is_prod":false,"is_daily":false,"chose_seed":false,"campfire_upgraded":3,"win_rate":0,"timestamp":1556429225,"path_taken":["M","?","M","?","?","E","M","$","T","R","?","R","E","M","R","BOSS","M","$","?","M","?","R","M","R","T","M","R","?","?","M","R","BOSS"],"build_version":"2019-01-23","purchased_purges":1,"victory":false,"max_hp_per_floor":[70,70,70,70,70,70,70,70,70,70,70,70,70,70,70,70,70,70,70,70,70,70,70,70,70,70,70,70,70,70,70,70,70],"card_choices":[{"not_picked":["Bane","Slice"],"picked":"Dodge and Roll","floor":1.0},{"not_picked":["Calculated Gamble","Bane"],"picked":"Cloak And Dagger","floor":3.0},{"not_picked":["Caltrops","Concentrate"],"picked":"Sucker Punch","floor":4.0},{"not_picked":["Dagger Spray","Tools of the Trade"],"picked":"Sucker Punch","floor":6.0},{"not_picked":["PiercingWail","Cloak And Dagger"],"picked":"Dash","floor":7.0},{"not_picked":["Blade Dance","Caltrops"],"picked":"Poisoned Stab","floor":11.0},{"not_picked":["Riddle With Holes","Backflip"],"picked":"Noxious Fumes","floor":13.0},{"not_picked":["Flechettes","Infinite Blades"],"picked":"Flying Knee","floor":14.0},{"not_picked":["Bullet Time","Grand Finale"],"picked":"Burst","floor":16.0},{"not_picked":[],"picked":"PiercingWail","floor":18.0},{"not_picked":[],"picked":"Dodge and Roll","floor":21.0},{"not_picked":["Acrobatics"],"picked":"SKIP","floor":24.0},{"not_picked":[],"picked":"Deflect","floor":27.0},{"not_picked":["Accuracy"],"picked":"SKIP","floor":30.0},{"not_picked":["Choke"],"picked":"SKIP","floor":31.0}],"player_experience":388118,"relics_obtained":[{"floor":6.0,"key":"Old Coin"},{"floor":9.0,"key":"Nunchaku"},{"floor":13.0,"key":"Turnip"},{"floor":20.0,"key":"Red Mask"},{"floor":26.0,"key":"Bottled Lightning"}],"event_choices":[{"damage_healed":0.0,"max_hp_gain":0.0,"max_hp_loss":0.0,"gold_gain":0.0,"event_name":"Accursed Blacksmith","player_choice":"Forge","floor":2.0,"gold_loss":0.0,"damage_taken":0.0,"cards_upgraded":["Neutralize"]},{"damage_healed":0.0,"max_hp_gain":0.0,"max_hp_loss":0.0,"gold_gain":0.0,"event_name":"FaceTrader","player_choice":"Trade","floor":5.0,"gold_loss":0.0,"damage_taken":0.0,"relics_obtained":["CultistMask"]},{"damage_healed":0.0,"max_hp_gain":0.0,"max_hp_loss":0.0,"gold_gain":0.0,"event_name":"Masked Bandits","player_choice":"Fought Bandits","floor":20.0,"gold_loss":0.0,"damage_taken":0.0},{"damage_healed":0.0,"max_hp_gain":0.0,"max_hp_loss":0.0,"gold_gain":0.0,"event_name":"Colosseum","player_choice":"Fight","floor":22.0,"gold_loss":0.0,"damage_taken":0.0},{"damage_healed":0.0,"max_hp_gain":0.0,"max_hp_loss":0.0,"gold_gain":0.0,"event_name":"Colosseum","player_choice":"Fled From Nobs","floor":22.0,"gold_loss":0.0,"damage_taken":0.0},{"damage_healed":0.0,"max_hp_gain":0.0,"max_hp_loss":0.0,"gold_gain":0.0,"event_name":"Duplicator","player_choice":"Copied","floor":29.0,"gold_loss":0.0,"damage_taken":0.0,"cards_obtained":["Noxious Fumes"]}],"is_beta":false,"boss_relics":[{"not_picked":["Lizard Tail","Tiny House"],"picked":"Busted Crown"}],"items_purged_floors":[8],"is_endless":false,"potions_floor_spawned":[3,6,11,13,14,16,18,24,27,31],"killed_by":"Collector","ascension_level":12}