{"gold_per_floor":[109,109,72,82,93,93,123,123,123,135,135,135],"floor_reached":12,"playtime":245,"items_purged":[],"score":156,"play_id":"c88e5f34-03b4-4880-bcc3-421dda13dbc0","local_time":"20190311184558","is_ascension_mode":true,"campfire_choices":[{"data":"Neutralize","floor":6,"key":"SMITH"},{"data":"Calculated Gamble","floor":8,"key":"SMITH"}],"neow_cost":"NONE","seed_source_timestamp":0,"circlet_count":0,"master_deck":["AscendersBane","Defend_G","Defend_G","Defend_G","Defend_G","Defend_G","Strike_G","Strike_G","Strike_G","Strike_G","Survivor","Neutralize+1","Die Die Die","Dagger Spray+1","Terror","Choke","Finisher","Calculated Gamble+1","Blade Dance"],"special_seed":0,"relics":["Ring of the Snake","Unceasing Top","StoneCalendar"],"potions_floor_usage":[],"damage_taken":[{"damage":0.0,"enemies":"2 Louse","floor":1.0,"turns":3.0},{"damage":0,"enemies":"Small Slimes","floor":4,"turns":1},{"damage":1,"enemies":"Cultist","floor":5,"turns":3},{"damage":20,"enemies":"3 Sentries","floor":7,"turns":5},{"damage":9,"enemies":"Red Slaver","floor":10,"turns":3},{"damage":0,"enemies":"Large Slime","floor":12,"turns":3}],"seed_played":"2846687826700731237","potions_obtained":[{"floor":5,"key":"GhostInAJar"}],"is_trial":false,"path_per_floor":["M","?","$","M","M","R","E","R","T","M","?","M"],"character_chosen":"THE_SILENT","items_purchased":["Terror"],"campfire_rested":0,"item_purchase_floors":[3],"current_hp_per_floor":[59,59,59,59,58,58,38,38,38,29,29,29],"gold":135,"neow_bonus":"ONE_RANDOM_RARE_CARD","is_prod":false,"is_daily":false,"chose_seed":false,"campfire_upgraded":2,"win_rate":0,"timestamp":1552344358,"path_taken":["M","?","$","M","M","R","E","R","T","M","?","M"],"build_version":"2019-01-23","purchased_purges":0,"victory":false,"max_hp_per_floor":[66,66,66,66,66,66,66,66,66,66,66,66],"card_choices":[{"not_picked":["Dodge and Roll","Prepared"],"picked":"Dagger Spray","floor":1},{"not_picked":["PiercingWail","Deflect"],"picked":"Choke","floor":4},{"not_picked":["Poisoned Stab","Catalyst"],"picked":"Finisher","floor":5},{"not_picked":["Distraction","Predator"],"picked":"Calculated Gamble","floor":7},{"not_picked":["Slice","Riddle With Holes"],"picked":"Blade Dance","floor":10}],"player_experience":869053,"relics_obtained":[{"floor":7,"key":"Unceasing Top"},{"floor":9,"key":"StoneCalendar"}],"event_choices":[{"damage_healed":0,"gold_gain":0,"player_choice":"Grow","damage_taken":0,"max_hp_gain":0,"max_hp_loss":0,"event_name":"Living Wall","floor":2,"gold_loss":0,"cards_upgraded":["Dagger Spray"]},{"cards_removed":["Strike_G"],"damage_healed":0,"gold_gain":0,"player_choice":"Purged","damage_taken":0,"max_hp_gain":0,"max_hp_loss":0,"event_name":"Purifier","floor":11,"gold_loss":0}],"is_beta":false,"boss_relics":[],"items_purged_floors":[],"is_endless":false,"potions_floor_spawned":[5],"killed_by":"Large Slime","ascension_level":20}