{"gold_per_floor":[113,113,125,300,44,77,152,187,212,212],"floor_reached":10,"playtime":200,"items_purged":[],"score":78,"play_id":"0ea5bd16-8d67-4dad-86ef-31680d8af99b","local_time":"20180917003901","is_ascension_mode":true,"campfire_choices":[],"neow_cost":"TEN_PERCENT_HP_LOSS","seed_source_timestamp":198005882507906,"circlet_count":0,"master_deck":["Strike_B","Strike_B","Strike_B","Defend_B","Defend_B","Defend_B","Defend_B","Zap","Dualcast","Electrodynamics","Lockon","Beam Cell","Doubt","Redo","Self Repair"],"relics":["Cracked Core","Symbiotic Virus","Blood Vial","Potion Belt","Vajra"],"potions_floor_usage":[8],"damage_taken":[{"damage":0,"enemies":"2 Louse","floor":1,"turns":2},{"damage":3,"enemies":"Jaw Worm","floor":3,"turns":3},{"damage":18,"enemies":"3 Sentries","floor":6,"turns":5},{"damage":13,"enemies":"Gremlin Nob","floor":8,"turns":3},{"damage":22,"enemies":"3 Sentries","floor":10,"turns":3}],"seed_played":"-511664645253352437","potions_obtained":[{"floor":6,"key":"FocusPotion"},{"floor":8,"key":"Poison Potion"}],"is_trial":false,"path_per_floor":["M","?","M","?","$","E","?","E","T"],"character_chosen":"DEFECT","items_purchased":["Symbiotic Virus"],"campfire_rested":0,"item_purchase_floors":[5],"current_hp_per_floor":[68,61,58,58,58,40,29,18,18,0],"gold":212,"neow_bonus":"THREE_RARE_CARDS","is_prod":false,"is_daily":false,"chose_seed":false,"campfire_upgraded":0,"win_rate":0,"timestamp":1537137541,"path_taken":["M","?","?","?","$","E","?","E","T","E"],"build_version":"2018-09-12","purchased_purges":0,"victory":false,"max_hp_per_floor":[68,68,68,68,68,68,68,68,68,68],"card_choices":[{"not_picked":["Meteor Strike","Hyperbeam"],"picked":"Electrodynamics","floor":0},{"not_picked":["Beam Cell","Turbo"],"picked":"Lockon","floor":1},{"not_picked":["Hologram","Sweeping Beam"],"picked":"Beam Cell","floor":3},{"not_picked":["Melter","Barrage"],"picked":"Redo","floor":6},{"not_picked":["Glacier","Leap"],"picked":"Self Repair","floor":8}],"player_experience":93879,"relics_obtained":[{"floor":6,"key":"Blood Vial"},{"floor":8,"key":"Potion Belt"},{"floor":9,"key":"Vajra"}],"event_choices":[{"event_name":"Golden Wing","player_choice":"Card Removal","floor":2,"damage_taken":0},{"event_name":"Liars Game","player_choice":"agreed","floor":4,"damage_taken":0},{"event_name":"World of Goop","player_choice":"Gather Gold","floor":7,"damage_taken":0}],"is_beta":true,"boss_relics":[],"items_purged_floors":[],"is_endless":false,"potions_floor_spawned":[6,8],"killed_by":"3 Sentries","ascension_level":1}