{"gold_per_floor":[114,130,130,45,45,77,77,105,105,105],"floor_reached":10,"playtime":261,"items_purged":[],"score":198,"play_id":"a20e9d8d-96dc-40b4-8077-b02d9fc6fe0f","local_time":"20190129143652","is_ascension_mode":true,"campfire_choices":[{"data":"Pummel","floor":7,"key":"SMITH"}],"neow_cost":"NONE","seed_source_timestamp":175001425022101,"circlet_count":0,"master_deck":["AscendersBane","Strike_R","Strike_R","Strike_R","Strike_R","Defend_R","Defend_R","Defend_R","Defend_R","Bash","Cleave","Pummel+1","Corruption","Flame Barrier"],"relics":["Burning Blood","NeowsBlessing","Frozen Egg 2","Singing Bowl","Bottled Lightning","Toxic Egg 2"],"potions_floor_usage":[8],"damage_taken":[{"damage":0,"enemies":"Jaw Worm","floor":1,"turns":1},{"damage":0,"enemies":"Cultist","floor":2,"turns":1},{"damage":0,"enemies":"Lagavulin","floor":6,"turns":1},{"damage":65,"enemies":"3 Sentries","floor":8,"turns":11},{"damage":1,"enemies":"2 Louse","floor":10,"turns":2}],"seed_played":"2493424454519038061","potions_obtained":[{"floor":2,"key":"PowerPotion"},{"floor":8,"key":"Dexterity Potion"}],"is_trial":false,"path_per_floor":["M","M","?","$","T","E","R","E","T","M"],"character_chosen":"IRONCLAD","items_purchased":["Corruption"],"campfire_rested":0,"item_purchase_floors":[4],"current_hp_per_floor":[74,75,75,75,75,77,77,18,18,17],"gold":105,"neow_bonus":"THREE_ENEMY_KILL","is_prod":false,"is_daily":false,"chose_seed":false,"campfire_upgraded":1,"win_rate":0,"timestamp":1548790612,"path_taken":["M","M","?","$","?","E","R","E","T","M"],"build_version":"2019-01-23","purchased_purges":0,"victory":false,"max_hp_per_floor":[75,75,75,75,75,77,77,77,77,77],"card_choices":[{"not_picked":["Sword Boomerang","Heavy Blade"],"picked":"Cleave","floor":1},{"not_picked":["Sword Boomerang","Cleave"],"picked":"Pummel","floor":2},{"not_picked":["Bludgeon","Cleave","Pommel Strike"],"picked":"Singing Bowl","floor":6},{"not_picked":["Disarm","Sword Boomerang"],"picked":"Flame Barrier","floor":8}],"player_experience":811823,"relics_obtained":[{"floor":5,"key":"Frozen Egg 2"},{"floor":6,"key":"Singing Bowl"},{"floor":8,"key":"Bottled Lightning"},{"floor":9,"key":"Toxic Egg 2"}],"event_choices":[{"cards_removed":["Strike_R"],"damage_healed":0,"gold_gain":0,"player_choice":"Offered Basic","damage_taken":0,"max_hp_gain":0,"max_hp_loss":0,"event_name":"Bonfire Elementals","floor":3,"gold_loss":0}],"is_beta":false,"boss_relics":[],"items_purged_floors":[],"is_endless":false,"potions_floor_spawned":[2,8],"killed_by":"2 Louse","ascension_level":20}