{"path_per_floor":["M","M","?","$","T","R","M","E","T","R","M","?","R","E","R","B",null,"M","$","?"],"character_chosen":"IRONCLAD","items_purchased":["Orichalcum","Inflame"],"gold_per_floor":[115,132,132,57,81,81,100,125,125,125,145,110,110,142,142,213,213,228,1,1],"floor_reached":21,"campfire_rested":1,"playtime":640,"current_hp_per_floor":[74,74,67,67,67,67,72,46,56,56,46,66,66,54,78,18,66,28,28,28],"items_purged":["Writhe"],"gold":0,"score":324,"play_id":"ac94314c-7a4a-4ddb-a520-39fce61d09fc","local_time":"20180308074335","is_prod":false,"is_daily":false,"is_ascension_mode":true,"campfire_upgraded":3,"timestamp":1520513015,"path_taken":["M","M","?","$","?","R","M","E","T","R","M","?","R","E","R","BOSS","M","$","?","M"],"build_version":"2018-03-01-PROD1","purchased_purges":2,"victory":false,"master_deck":["Strike_R","Strike_R","Strike_R","Strike_R","Strike_R","Defend_R+1","Defend_R","Defend_R","Defend_R+1","Bash","Flex","Flex+1","Pummel+1","Perfected Strike+1","Thunderclap","Dual Wield","Reaper","Sword Boomerang","Inflame"],"max_hp_per_floor":[75,75,72,72,72,72,72,72,82,82,82,82,82,82,82,82,82,82,82,82],"relics":["Black Blood","Ice Cream","Anchor","War Paint","Pear","Happy Flower","Orichalcum"],"card_choices":[{"not_picked":["Feel No Pain","Cleave"],"picked":"Flex"},{"not_picked":["Headbutt","Clash"],"picked":"Flex"},{"not_picked":["Wild Strike","Bloodletting"],"picked":"Pummel"},{"not_picked":["Shrug It Off","Bludgeon"],"picked":"Perfected Strike"},{"not_picked":["Wild Strike","Rage"],"picked":"Thunderclap"},{"not_picked":["Juggernaut","Intimidate"],"picked":"Dual Wield"},{"not_picked":["Berserk","Juggernaut"],"picked":"Reaper"},{"not_picked":["Clothesline","Power Through"],"picked":"Sword Boomerang"}],"player_experience":426952,"potions_floor_usage":[21],"damage_taken":[{"damage":0.0,"enemies":"Small Slimes","floor":1.0,"turns":3.0},{"damage":6.0,"enemies":"Jaw Worm","floor":2.0,"turns":4.0},{"damage":1.0,"enemies":"Cultist","floor":7.0,"turns":3.0},{"damage":32.0,"enemies":"Gremlin Nob","floor":8.0,"turns":4.0},{"damage":16.0,"enemies":"Exordium Thugs","floor":11.0,"turns":3.0},{"damage":18.0,"enemies":"3 Sentries","floor":14.0,"turns":5.0},{"damage":66,"enemies":"The Guardian","floor":16,"turns":11},{"damage":52,"enemies":"Spheric Guardian","floor":18,"turns":6},{"damage":30,"enemies":"2 Thieves","floor":21,"turns":3}],"event_choices":[{"event_name":"Golden Wing","player_choice":"Card Removal","floor":3.0,"damage_taken":0.0},{"event_name":"The Cleric","player_choice":"Healed","floor":12.0,"damage_taken":0.0},{"event_name":"Drug Dealer","player_choice":"Ignored","floor":20,"damage_taken":0}],"boss_relics":[{"not_picked":["Runic Cube","Velvet Choker"],"picked":"Black Blood"}],"potions_floor_spawned":[1,14,16],"seed_played":"2737644829997334157","killed_by":"2 Thieves","ascension_level":15,"is_trial":false}