{"path_per_floor":["M","?","?","M","?","R","?","M","T","M","R","M","?","M","R","B",null,"M","T","?","$","M","M","M","R","T","$","E","R","M","M","R"],"character_chosen":"IRONCLAD","items_purchased":[],"gold_per_floor":[20,20,20,39,39,39,39,59,59,69,69,87,87,103,103,198,198,214,214,214,139,155,173,190,190,190,90,117,117,134,145,145,145],"floor_reached":33,"campfire_rested":0,"playtime":1071,"item_purchase_floors":[],"current_hp_per_floor":[80,80,64,61,58,58,58,63,63,68,68,73,73,79,79,30,80,64,64,56,56,56,56,42,42,42,42,31,31,56,56,56,0],"items_purged":["Injury","Regret"],"gold":145,"score":284,"play_id":"aa535590-2815-4881-9b40-a723311b05cd","local_time":"20180530080149","is_prod":false,"is_daily":false,"chose_seed":false,"is_ascension_mode":false,"campfire_upgraded":6,"win_rate":0,"timestamp":1527638509,"campfire_choices":[{"data":"Bash","floor":6,"key":"SMITH"},{"data":"Strike_R","floor":11,"key":"SMITH"},{"data":"Strike_R","floor":15,"key":"SMITH"},{"data":"Bite","floor":25,"key":"SMITH"},{"data":"Bite","floor":29,"key":"SMITH"},{"data":"Bite","floor":32,"key":"SMITH"}],"path_taken":["M","?","?","?","?","R","?","M","T","?","R","?","?","M","R","BOSS","M","?","?","$","?","M","M","R","T","$","E","R","M","M","R","BOSS"],"build_version":"2018-05-24","seed_source_timestamp":171337644458666,"purchased_purges":2,"victory":false,"master_deck":["Defend_R+1","Defend_R+1","Bash+1","Seeing Red","Bite+1","Bite+1","Bite","Bite+1","Bite"],"max_hp_per_floor":[80,80,80,80,80,80,80,80,80,80,80,80,80,80,80,80,80,80,80,56,56,56,56,56,56,56,56,56,56,56,56,56,56],"relics":["Burning Blood","Anchor","Champion Belt","Cursed Key","Blue Candle","Mummified Hand","Orichalcum"],"card_choices":[{"not_picked":["Iron Wave","Pummel","Body Slam"],"picked":"SKIP","floor":1},{"not_picked":["Battle Trance","Power Through","Seeing Red"],"picked":"SKIP","floor":4},{"not_picked":["Armaments","Uppercut","Shrug It Off"],"picked":"SKIP","floor":8},{"not_picked":["Spot Weakness","Thunderclap","Heavy Blade"],"picked":"SKIP","floor":10},{"not_picked":["Thunderclap","Feel No Pain","Flame Barrier"],"picked":"SKIP","floor":12},{"not_picked":["Disarm","True Grit","Body Slam"],"picked":"SKIP","floor":14},{"not_picked":["Headbutt","Clothesline+1","True Grit+1"],"picked":"SKIP","floor":18},{"not_picked":["Whirlwind+1","Thunderclap","Cleave"],"picked":"SKIP","floor":22},{"not_picked":["Heavy Blade","Seeing Red","Armaments"],"picked":"SKIP","floor":23},{"not_picked":["Flex","Clash","Reckless Charge"],"picked":"SKIP","floor":24},{"not_picked":["Pummel+1","Headbutt","Wild Strike"],"picked":"SKIP","floor":28},{"not_picked":["Iron Wave","Shockwave","Whirlwind+1"],"picked":"SKIP","floor":30},{"not_picked":["Carnage","Clash","Flex"],"picked":"SKIP","floor":31}],"player_experience":199429,"potions_floor_usage":[16,16,16,28,28,31,33],"damage_taken":[{"damage":5,"enemies":"Small Slimes","floor":1,"turns":3},{"damage":9,"enemies":"Cultist","floor":4,"turns":4},{"damage":1,"enemies":"Jaw Worm","floor":8,"turns":2},{"damage":1,"enemies":"Blue Slaver","floor":10,"turns":3},{"damage":1,"enemies":"Exordium Wildlife","floor":12,"turns":4},{"damage":0,"enemies":"Looter","floor":14,"turns":2},{"damage":70,"enemies":"Hexaghost","floor":16,"turns":11},{"damage":22,"enemies":"Spheric Guardian","floor":18,"turns":4},{"damage":12,"enemies":"2 Thieves","floor":22,"turns":5},{"damage":13,"enemies":"Snake Plant","floor":23,"turns":4},{"damage":26,"enemies":"Centurion and Healer","floor":24,"turns":5},{"damage":50,"enemies":"Slavers","floor":28,"turns":8},{"damage":9,"enemies":"3 Cultists","floor":30,"turns":5},{"damage":9,"enemies":"Snake Plant","floor":31,"turns":4},{"damage":115,"enemies":"Automaton","floor":33,"turns":12}],"relics_obtained":[{"floor":9,"key":"Champion Belt"},{"floor":19,"key":"Blue Candle"},{"floor":26,"key":"Mummified Hand"},{"floor":28,"key":"Orichalcum"}],"event_choices":[{"event_name":"Transmorgrifier","player_choice":"Transform","floor":2,"damage_taken":0},{"event_name":"Shining Light","player_choice":"Entered Light","floor":3,"damage_taken":0},{"event_name":"Scrap Ooze","player_choice":"success","floor":5,"damage_taken":3},{"event_name":"Bonfire Elementals","player_choice":"BASIC","floor":7,"damage_taken":0},{"event_name":"Upgrade Shrine","player_choice":"Upgraded","floor":13,"damage_taken":0},{"event_name":"Vampires","player_choice":"Became a vampire","floor":20,"damage_taken":0}],"boss_relics":[{"not_picked":["Snecko Eye","Runic Cube"],"picked":"Cursed Key"}],"items_purged_floors":[21,27],"potions_floor_spawned":[1,10,14,18,23,30,31],"seed_played":"-1044698176318847428","killed_by":"Automaton","ascension_level":0,"potions_obtained":[{"floor":1,"key":"SkillPotion"},{"floor":10,"key":"Dexterity Potion"},{"floor":14,"key":"Regen Potion"},{"floor":18,"key":"Explosive Potion"},{"floor":23,"key":"Weak Potion"},{"floor":30,"key":"AttackPotion"},{"floor":31,"key":"SpeedPotion"}],"is_trial":false}