{"gold_per_floor":[211,211,211,50,125,125,46,46,46,46,62,76,96,39,39,39],"floor_reached":16,"playtime":324,"items_purged":["Strike_B"],"score":176,"play_id":"1f14d6af-65f1-40ad-be2e-71547e4c62a8","local_time":"20190506232655","is_ascension_mode":true,"campfire_choices":[{"data":"Zap","floor":6.0,"key":"SMITH"},{"data":"Defragment","floor":8.0,"key":"SMITH"},{"data":"Dualcast","floor":15.0,"key":"SMITH"}],"neow_cost":"NONE","seed_source_timestamp":1038103249240151,"circlet_count":0,"master_deck":["AscendersBane","Strike_B","Strike_B","Defend_B","Defend_B","Defend_B","Defend_B","Zap+1","Dualcast+1","Cold Snap","Storm","Defragment+1","Turbo","Coolheaded"],"special_seed":0,"relics":["Cracked Core","Mummified Hand","Golden Idol","Sundial"],"potions_floor_usage":[16],"damage_taken":[{"damage":4.0,"enemies":"Jaw Worm","floor":1.0,"turns":5.0},{"damage":4.0,"enemies":"Small Slimes","floor":11.0,"turns":3.0},{"damage":4.0,"enemies":"2 Louse","floor":12.0,"turns":3.0},{"damage":9.0,"enemies":"Gremlin Gang","floor":13.0,"turns":4.0},{"damage":12,"enemies":"Slime Boss","floor":16,"turns":9}],"seed_played":"-6542015548520078157","potions_obtained":[{"floor":1.0,"key":"GamblersBrew"},{"floor":11.0,"key":"EssenceOfSteel"},{"floor":13.0,"key":"PowerPotion"}],"is_trial":false,"path_per_floor":["M","?","?","$","?","R","$","R","T","?","M","M","M","$","R","B"],"character_chosen":"DEFECT","items_purchased":["Storm","Defragment","Coolheaded"],"campfire_rested":0,"item_purchase_floors":[4,7,14],"current_hp_per_floor":[60,34,34,34,23,23,23,23,23,23,19,15,6,6,6,0],"gold":39,"neow_bonus":"HUNDRED_GOLD","is_prod":false,"is_daily":false,"chose_seed":false,"campfire_upgraded":3,"win_rate":0,"timestamp":1557156415,"path_taken":["M","?","?","$","?","R","?","R","T","?","M","M","?","?","R","BOSS"],"build_version":"2019-01-23","purchased_purges":1,"victory":false,"max_hp_per_floor":[71,71,64,64,64,64,64,64,64,64,64,64,64,64,64,64],"card_choices":[{"not_picked":["Steam","Barrage"],"picked":"Cold Snap","floor":1.0},{"not_picked":["Hello World","Steam","Static Discharge"],"picked":"SKIP","floor":11.0},{"not_picked":["Consume","Rebound","Leap"],"picked":"SKIP","floor":12.0},{"not_picked":["Go for the Eyes","Scrape"],"picked":"Turbo","floor":13.0}],"player_experience":1571776,"relics_obtained":[{"floor":9.0,"key":"Sundial"}],"event_choices":[{"damage_healed":0.0,"max_hp_gain":0.0,"max_hp_loss":0.0,"gold_gain":0.0,"event_name":"Scrap Ooze","player_choice":"Success","floor":2.0,"gold_loss":0.0,"damage_taken":26.0,"relics_obtained":["Mummified Hand"]},{"damage_healed":0.0,"max_hp_gain":0.0,"max_hp_loss":7.0,"gold_gain":0.0,"event_name":"Golden Idol","player_choice":"Lose Max HP","floor":3.0,"gold_loss":0.0,"damage_taken":0.0,"relics_obtained":["Golden Idol"]},{"damage_healed":0.0,"max_hp_gain":0.0,"max_hp_loss":0.0,"gold_gain":75.0,"event_name":"World of Goop","player_choice":"Gather Gold","floor":5.0,"gold_loss":0.0,"damage_taken":11.0},{"cards_removed":["Strike_B"],"damage_healed":0.0,"max_hp_gain":0.0,"max_hp_loss":0.0,"gold_gain":0.0,"event_name":"Bonfire Elementals","player_choice":"Offered Basic","floor":10.0,"gold_loss":0.0,"damage_taken":0.0}],"is_beta":false,"boss_relics":[],"items_purged_floors":[4],"is_endless":false,"potions_floor_spawned":[1,11,13],"killed_by":"Slime Boss","ascension_level":20}