{"gold_per_floor":[119,119,119,135,153,153,153,186,256,256,272,287,303,275,275,275],"floor_reached":16,"playtime":2601,"items_purged":[],"score":102,"play_id":"d299ccc7-0a8e-414f-ae5e-370fc15b9002","local_time":"20180705124002","is_ascension_mode":false,"campfire_choices":[{"data":"Iron Wave","floor":6,"key":"SMITH"},{"data":"Bash","floor":10,"key":"SMITH"},{"data":"Defend_R","floor":15,"key":"SMITH"}],"neow_cost":"","seed_source_timestamp":150558358299073,"circlet_count":0,"master_deck":["Strike_R","Strike_R","Strike_R","Strike_R","Strike_R","Defend_R+1","Defend_R","Defend_R","Defend_R","Bash+1","Iron Wave+1","Seeing Red","Cleave","Thunderclap","Armaments","Perfected Strike","Anger"],"relics":["Burning Blood","Blood Vial","Ginger","Bottled Flame"],"potions_floor_usage":[8,16],"damage_taken":[{"damage":3,"enemies":"2 Louse","floor":1,"turns":4},{"damage":5,"enemies":"Jaw Worm","floor":4,"turns":4},{"damage":3,"enemies":"Small Slimes","floor":5,"turns":3},{"damage":28,"enemies":"Gremlin Nob","floor":8,"turns":5},{"damage":0,"enemies":"2 Fungi Beasts","floor":11,"turns":3},{"damage":2,"enemies":"Large Slime","floor":12,"turns":5},{"damage":9,"enemies":"Red Slaver","floor":13,"turns":3},{"damage":84,"enemies":"The Guardian","floor":16,"turns":10}],"seed_played":"3902076402347987064","potions_obtained":[{"floor":1,"key":"LiquidBronze"},{"floor":5,"key":"Fruit Juice"}],"is_trial":false,"path_per_floor":["M","?","?","M","M","R","?","E","T","R","M","M","M","?","R"],"character_chosen":"IRONCLAD","items_purchased":[],"campfire_rested":0,"item_purchase_floors":[],"current_hp_per_floor":[80,80,85,85,85,85,82,62,62,62,70,76,75,75,75,0],"gold":275,"neow_bonus":"","is_prod":false,"is_daily":false,"chose_seed":false,"campfire_upgraded":3,"win_rate":0.0,"timestamp":1530787202,"path_taken":["M","?","?","?","M","R","?","E","T","R","M","M","M","?","R","BOSS"],"build_version":"2018-06-28","purchased_purges":0,"victory":false,"max_hp_per_floor":[80,80,85,85,85,85,85,85,85,85,85,85,85,85,85,90],"card_choices":[{"not_picked":["Flame Barrier","Headbutt"],"picked":"Iron Wave","floor":1},{"not_picked":["Thunderclap","True Grit"],"picked":"Seeing Red","floor":4},{"not_picked":["Dual Wield","Pommel Strike"],"picked":"Cleave","floor":5},{"not_picked":["Dual Wield","Warcry"],"picked":"Thunderclap","floor":8},{"not_picked":["Whirlwind","Reckless Charge"],"picked":"Armaments","floor":11},{"not_picked":["Anger","Twin Strike"],"picked":"Perfected Strike","floor":12},{"not_picked":["Sever Soul","Power Through"],"picked":"Anger","floor":13}],"player_experience":0,"relics_obtained":[{"floor":8,"key":"Ginger"},{"floor":9,"key":"Bottled Flame"}],"event_choices":[{"event_name":"Liars Game","player_choice":"disagreed","floor":2,"damage_taken":0},{"event_name":"Big Fish","player_choice":"Donut","floor":3,"damage_taken":0},{"event_name":"Scrap Ooze","player_choice":"success","floor":7,"damage_taken":3},{"event_name":"World of Goop","player_choice":"Left","floor":14,"damage_taken":0}],"boss_relics":[],"items_purged_floors":[],"is_endless":false,"potions_floor_spawned":[1,5],"killed_by":"The Guardian","ascension_level":0}