{"path_per_floor":["M","M","$","M","?","R","$","M","T","M","M","M","M","M","R","B",null,"M","?","?","$","M","R","M","E","T"],"character_chosen":"DEFECT","items_purchased":["Scrape","Gash","Scrape"],"gold_per_floor":[116,131,16,30,205,205,51,67,67,80,95,110,129,144,144,243,243,256,256,256,55,73,73,93,123,205,205],"floor_reached":27,"campfire_rested":2,"playtime":1160,"item_purchase_floors":[3,7,21],"current_hp_per_floor":[67,67,67,67,67,67,67,67,67,59,54,46,41,37,59,21,75,47,47,33,33,22,46,46,43,43,0],"items_purged":["Strike_B","Strike_B","Doubt"],"gold":205,"score":229,"play_id":"e2881294-72a0-41df-b251-023a807b51ca","local_time":"20180607225347","is_prod":false,"is_daily":false,"chose_seed":false,"is_ascension_mode":false,"campfire_upgraded":1,"win_rate":0,"timestamp":1528383227,"campfire_choices":[{"data":"Dualcast","floor":6,"key":"SMITH"},{"floor":15,"key":"REST"},{"floor":23,"key":"REST"}],"path_taken":["M","M","$","M","?","R","$","M","T","M","?","M","?","M","R","BOSS","M","?","?","$","M","R","M","E","T","E"],"build_version":"2018-05-31","seed_source_timestamp":19691291361162,"purchased_purges":3,"victory":false,"master_deck":["Strike_B","Strike_B","Defend_B","Defend_B","Defend_B","Defend_B","Zap","Dualcast+1","Beam Cell","Go for the Eyes","Scrape","Coolheaded","Gash","Gash","Conserve Battery","Blizzard","Multi-Cast","All For One","Coolheaded+1","Scrape","Reboot","Streamline"],"max_hp_per_floor":[75,75,75,75,75,75,75,75,75,75,75,75,75,75,75,75,75,75,75,80,80,80,80,80,80,80,80],"relics":["Cracked Core","Calipers","Sozu","Torii","Dream Catcher","Question Card"],"card_choices":[{"not_picked":["Aggregate","Redo"],"picked":"Beam Cell","floor":1},{"not_picked":["Blizzard","Genetic Algorithm"],"picked":"Go for the Eyes","floor":2},{"not_picked":["Leap","Reinforced Body"],"picked":"Coolheaded","floor":4},{"not_picked":["Heatsinks","Beam Cell","Compile Driver"],"picked":"SKIP","floor":8},{"not_picked":["Compile Driver","Buffer"],"picked":"Gash","floor":10},{"not_picked":["Chaos","Compile Driver"],"picked":"Conserve Battery","floor":11},{"not_picked":["Fusion","Ball Lightning","Redo"],"picked":"SKIP","floor":12},{"not_picked":["Cold Snap","Beam Cell"],"picked":"Blizzard","floor":13},{"not_picked":["Stack","Rip and Tear"],"picked":"Multi-Cast","floor":14},{"not_picked":["Thunder Strike","Meteor Strike"],"picked":"All For One","floor":16},{"not_picked":["Tempest","Steam Power+1"],"picked":"Coolheaded+1","floor":18},{"not_picked":["Redo","Heatsinks+1","Sweeping Beam"],"picked":"SKIP","floor":22},{"not_picked":["Go for the Eyes","Conserve Battery"],"picked":"Reboot","floor":24},{"not_picked":["Stack+1","Sweeping Beam+1"],"picked":"Streamline","floor":25}],"player_experience":236620,"potions_floor_usage":[8,10,14,16,16,16],"damage_taken":[{"damage":8,"enemies":"Jaw Worm","floor":1,"turns":3},{"damage":0,"enemies":"Small Slimes","floor":2,"turns":2},{"damage":0,"enemies":"2 Louse","floor":4,"turns":3},{"damage":0,"enemies":"Red Slaver","floor":8,"turns":2},{"damage":8,"enemies":"Lots of Slimes","floor":10,"turns":4},{"damage":5,"enemies":"Blue Slaver","floor":11,"turns":3},{"damage":8,"enemies":"Large Slime","floor":12,"turns":6},{"damage":5,"enemies":"Looter","floor":13,"turns":2},{"damage":4,"enemies":"Exordium Thugs","floor":14,"turns":5},{"damage":38,"enemies":"Hexaghost","floor":16,"turns":10},{"damage":28,"enemies":"Spheric Guardian","floor":18,"turns":5},{"damage":11,"enemies":"2 Thieves","floor":22,"turns":4},{"damage":0,"enemies":"Centurion and Healer","floor":24,"turns":6},{"damage":3,"enemies":"Book of Stabbing","floor":25,"turns":4},{"damage":44,"enemies":"Gremlin Leader","floor":27,"turns":6}],"relics_obtained":[{"floor":9,"key":"Calipers"},{"floor":25,"key":"Dream Catcher"},{"floor":26,"key":"Question Card"}],"event_choices":[{"event_name":"Liars Game","player_choice":"agreed","floor":5,"damage_taken":0},{"event_name":"The Mausoleum","player_choice":"Yes","floor":19,"damage_taken":0},{"event_name":"Forgotten Altar","player_choice":"Shed Blood","floor":20,"damage_taken":0}],"boss_relics":[{"not_picked":["Calling Bell","Velvet Choker"],"picked":"Sozu"}],"items_purged_floors":[3,7,21],"potions_floor_spawned":[1,2,4,12,13,14,18],"seed_played":"-7727668973977784173","killed_by":"Gremlin Leader","ascension_level":0,"potions_obtained":[{"floor":1,"key":"Fire Potion"},{"floor":2,"key":"SpeedPotion"},{"floor":4,"key":"FearPotion"},{"floor":12,"key":"Dexterity Potion"},{"floor":13,"key":"Strength Potion"},{"floor":14,"key":"Poison Potion"}],"is_trial":false}