{"gold_per_floor":[119,33,33,33,44,44,59,72,72,72,72,72,72,92,92,171,171,151,171,91,91,91],"floor_reached":22,"playtime":514,"items_purged":[],"score":348,"play_id":"fdbc1835-a132-4fb6-b7e8-d43c210e1894","local_time":"20190408164325","is_ascension_mode":true,"campfire_choices":[{"floor":6,"key":"DIG"},{"floor":10,"key":"DIG"},{"floor":12,"key":"DIG"},{"floor":15,"key":"DIG"}],"neow_cost":"NONE","seed_source_timestamp":255418661733458,"circlet_count":0,"master_deck":["AscendersBane","Survivor","Neutralize+1","Finisher","Infinite Blades","Regret","Sucker Punch","Footwork","Choke","Wraith Form v2","Night Terror","Predator","Unload","Acrobatics","Poisoned Stab","Phantasmal Killer","Predator","Storm of Steel","Expertise","Riddle With Holes","Noxious Fumes+1","Accuracy"],"relics":["Ring of the Snake","NeowsBlessing","Shovel","Dodecahedron","Prayer Wheel","Whetstone","Ninja Scroll","Mango","Bag of Preparation","Pandora\u0027s Box","MutagenicStrength"],"potions_floor_usage":[8,16,16],"damage_taken":[{"damage":0,"enemies":"2 Louse","floor":1,"turns":1},{"damage":0,"enemies":"Small Slimes","floor":5,"turns":1},{"damage":0,"enemies":"Jaw Worm","floor":7,"turns":1},{"damage":4,"enemies":"3 Louse","floor":8,"turns":3},{"damage":5,"enemies":"Blue Slaver","floor":14,"turns":4},{"damage":34,"enemies":"Slime Boss","floor":16,"turns":7},{"damage":13,"enemies":"2 Thieves","floor":18,"turns":4},{"damage":32,"enemies":"Shell Parasite","floor":19,"turns":6},{"damage":22,"enemies":"Colosseum Slavers","floor":22,"turns":3}],"seed_played":"-159396301889602987","potions_obtained":[{"floor":1,"key":"Block Potion"},{"floor":5,"key":"Strength Potion"},{"floor":7,"key":"AttackPotion"},{"floor":14,"key":"GamblersBrew"}],"is_trial":false,"path_per_floor":["M","$","?","$","M","R","M","M","T","R","?","R","?","M","R","B",null,"M","M","$","?","?"],"character_chosen":"THE_SILENT","items_purchased":["Infinite Blades","Accuracy"],"campfire_rested":0,"item_purchase_floors":[2,20],"current_hp_per_floor":[59,59,59,59,59,59,59,55,55,55,55,55,58,53,53,19,65,52,20,20,20,0],"gold":91,"neow_bonus":"THREE_ENEMY_KILL","is_prod":false,"is_daily":false,"chose_seed":false,"campfire_upgraded":0,"win_rate":0,"timestamp":1554756205,"path_taken":["M","$","?","$","M","R","M","M","T","R","?","R","?","M","R","BOSS","M","M","$","?","?"],"build_version":"2019-01-23","purchased_purges":0,"victory":false,"max_hp_per_floor":[66,66,66,66,66,66,66,66,66,66,66,66,80,80,80,80,80,80,80,80,80,80],"card_choices":[{"not_picked":["Leg Sweep","Outmaneuver"],"picked":"Finisher","floor":1},{"not_picked":["Deflect","Dodge and Roll"],"picked":"Sucker Punch","floor":5},{"not_picked":["Backstab","Deadly Poison"],"picked":"Footwork","floor":7},{"not_picked":["Poisoned Stab","Cloak And Dagger"],"picked":"Choke","floor":8},{"not_picked":["Deflect","Dagger Throw","Sucker Punch"],"picked":"SKIP","floor":14},{"not_picked":["Crippling Poison","Tactician","Quick Slash"],"picked":"SKIP","floor":14},{"not_picked":["Doppelganger","Burst"],"picked":"Wraith Form v2","floor":16},{"not_picked":["Well Laid Plans+1","Poisoned Stab"],"picked":"Noxious Fumes+1","floor":18},{"not_picked":["PiercingWail","Cloak And Dagger","Dagger Throw"],"picked":"SKIP","floor":18},{"not_picked":["Catalyst","Riddle With Holes","Sucker Punch"],"picked":"SKIP","floor":19},{"not_picked":["Slice","Flying Knee","Acrobatics"],"picked":"SKIP","floor":19}],"player_experience":885817,"relics_obtained":[{"floor":6,"key":"Dodecahedron"},{"floor":9,"key":"Prayer Wheel"},{"floor":10,"key":"Whetstone"},{"floor":12,"key":"Ninja Scroll"},{"floor":15,"key":"Bag of Preparation"}],"event_choices":[{"damage_healed":0,"gold_gain":0,"player_choice":"Box","damage_taken":0,"relics_obtained":["Shovel"],"max_hp_gain":0,"max_hp_loss":0,"event_name":"Big Fish","floor":3,"gold_loss":0,"cards_obtained":["Regret"]},{"damage_healed":0,"gold_gain":0,"player_choice":"Leave","damage_taken":0,"max_hp_gain":0,"max_hp_loss":0,"event_name":"The Cleric","floor":11,"gold_loss":0},{"damage_healed":0,"gold_gain":0,"player_choice":"Success","damage_taken":11,"relics_obtained":["Mango"],"max_hp_gain":0,"max_hp_loss":0,"event_name":"Scrap Ooze","floor":13,"gold_loss":0},{"damage_healed":0,"gold_gain":0,"player_choice":"Inject Mutagens","damage_taken":0,"relics_obtained":["MutagenicStrength"],"max_hp_gain":0,"max_hp_loss":0,"event_name":"Drug Dealer","floor":21,"gold_loss":0},{"damage_healed":0,"gold_gain":0,"player_choice":"Fight","damage_taken":0,"max_hp_gain":0,"max_hp_loss":0,"event_name":"Colosseum","floor":22,"gold_loss":0}],"is_beta":false,"boss_relics":[{"not_picked":["Calling Bell","Sozu"],"picked":"Pandora\u0027s Box"}],"items_purged_floors":[],"is_endless":false,"potions_floor_spawned":[1,5,7,14],"killed_by":"Colosseum Slavers","ascension_level":20}