{"gold_per_floor":[118,130,130,130,149,149,162,162,162,192,204,252,264,11,11,107,107,130,130,30,30,43,70,70,70,70,80,80,80,80,99,99,99],"floor_reached":33,"playtime":795,"items_purged":["Strike_R","Perfected Strike+1"],"score":460,"play_id":"38c9d460-747e-4aef-ba51-29296da29260","local_time":"20190303222827","is_ascension_mode":true,"campfire_choices":[{"data":"Whirlwind","floor":6.0,"key":"SMITH"},{"data":"Shockwave","floor":11.0,"key":"SMITH"},{"data":"Battle Trance","floor":13.0,"key":"SMITH"},{"data":"Power Through","floor":15.0,"key":"SMITH"},{"data":"Flex","floor":24,"key":"SMITH"},{"floor":28,"key":"REST"},{"floor":30,"key":"REST"},{"floor":32,"key":"REST"}],"neow_cost":"TEN_PERCENT_HP_LOSS","seed_source_timestamp":99116622050188,"circlet_count":0,"master_deck":["AscendersBane","Defend_R","Defend_R","Defend_R","Bash","Shockwave+1","Whirlwind+1","Power Through+1","Battle Trance+1","Sever Soul+1","Dual Wield+1","Flex+1"],"special_seed":0,"relics":["Burning Blood","Bloody Idol","MawBank","Bottled Flame","ClockworkSouvenir","Astrolabe","Torii","Magic Flower","Enchiridion"],"potions_floor_usage":[16],"damage_taken":[{"damage":11.0,"enemies":"2 Louse","floor":1.0,"turns":3.0},{"damage":11.0,"enemies":"Small Slimes","floor":2.0,"turns":5.0},{"damage":4.0,"enemies":"Cultist","floor":5.0,"turns":4.0},{"damage":18.0,"enemies":"Blue Slaver","floor":7.0,"turns":4.0},{"damage":6.0,"enemies":"Red Slaver","floor":10.0,"turns":3.0},{"damage":30.0,"enemies":"3 Sentries","floor":12.0,"turns":8.0},{"damage":4,"enemies":"Slime Boss","floor":16,"turns":8},{"damage":6,"enemies":"3 Byrds","floor":18,"turns":3},{"damage":29,"enemies":"Colosseum Slavers","floor":21,"turns":3},{"damage":22,"enemies":"2 Thieves","floor":22,"turns":3},{"damage":18,"enemies":"Gremlin Leader","floor":23,"turns":5},{"damage":7,"enemies":"Centurion and Healer","floor":27,"turns":4},{"damage":0,"enemies":"3 Cultists","floor":31,"turns":3},{"damage":23,"enemies":"Champ","floor":33,"turns":11}],"seed_played":"-5889825951706788449","potions_obtained":[{"floor":2.0,"key":"Poison Potion"},{"floor":5.0,"key":"Explosive Potion"},{"floor":7.0,"key":"FearPotion"},{"floor":12.0,"key":"AttackPotion"},{"floor":22,"key":"Poison Potion"}],"is_trial":false,"path_per_floor":["M","M","?","?","M","R","M","?","T","M","R","E","R","$","R","B",null,"M","?","$","?","M","E","R","$","T","M","R","?","R","M","R","B"],"character_chosen":"IRONCLAD","items_purchased":["ClockworkSouvenir"],"campfire_rested":3,"item_purchase_floors":[14],"current_hp_per_floor":[63,58,58,58,60,60,48,48,48,48,48,24,24,24,24,26,53,53,53,53,30,24,17,17,17,17,24,42,21,39,53,62,39],"gold":99,"neow_bonus":"REMOVE_TWO","is_prod":false,"is_daily":false,"chose_seed":false,"campfire_upgraded":5,"win_rate":0,"timestamp":1551623307,"path_taken":["M","M","?","?","?","R","M","?","T","?","R","E","R","$","R","BOSS","M","?","$","?","M","E","R","$","T","M","R","?","R","M","R","BOSS"],"build_version":"2019-01-23","purchased_purges":2,"victory":false,"max_hp_per_floor":[68,68,62,62,62,62,62,62,62,62,62,62,62,62,62,62,62,62,62,62,62,62,62,62,62,62,62,62,62,62,62,62,62],"card_choices":[{"not_picked":["Warcry","Metallicize"],"picked":"Shockwave","floor":1.0},{"not_picked":["Warcry","Iron Wave"],"picked":"Whirlwind","floor":2.0},{"not_picked":["Cleave","Intimidate","Brutality"],"picked":"SKIP","floor":5.0},{"not_picked":["Twin Strike","Dual Wield"],"picked":"Power Through","floor":7.0},{"not_picked":["Anger","Perfected Strike"],"picked":"Battle Trance","floor":10.0},{"not_picked":["Sever Soul","Headbutt","Havoc"],"picked":"SKIP","floor":12.0},{"not_picked":["True Grit","Sentinel","Heavy Blade"],"picked":"SKIP","floor":18},{"not_picked":["Pommel Strike","Bludgeon"],"picked":"Flex","floor":22},{"not_picked":["Warcry","Carnage","Havoc"],"picked":"SKIP","floor":23},{"not_picked":["Armaments","Warcry","Dropkick"],"picked":"SKIP","floor":27},{"not_picked":["True Grit","Twin Strike","Iron Wave"],"picked":"SKIP","floor":31}],"player_experience":1093082,"relics_obtained":[{"floor":9.0,"key":"MawBank"},{"floor":12.0,"key":"Bottled Flame"},{"floor":23,"key":"Torii"},{"floor":26,"key":"Magic Flower"},{"floor":29,"key":"Enchiridion"}],"event_choices":[{"damage_healed":0.0,"max_hp_gain":0.0,"max_hp_loss":6.0,"gold_gain":0.0,"event_name":"Golden Idol","player_choice":"Lose Max HP","floor":3.0,"gold_loss":0.0,"damage_taken":0.0,"relics_obtained":["Golden Idol"]},{"damage_healed":0.0,"max_hp_gain":0.0,"max_hp_loss":0.0,"gold_gain":0.0,"event_name":"Match and Keep!","player_choice":"0 cards matched","floor":4.0,"gold_loss":0.0,"damage_taken":0.0,"cards_obtained":[]},{"damage_healed":0.0,"max_hp_gain":0.0,"max_hp_loss":0.0,"gold_gain":0.0,"event_name":"Lab","player_choice":"Got Potions","floor":8.0,"gold_loss":0.0,"damage_taken":0.0},{"damage_healed":0,"gold_gain":0,"player_choice":"Gave Idol","damage_taken":0,"relics_obtained":["Bloody Idol"],"max_hp_gain":0,"max_hp_loss":0,"event_name":"Forgotten Altar","floor":19,"relics_lost":["Golden Idol"],"gold_loss":0},{"damage_healed":0,"gold_gain":0,"player_choice":"Fight","damage_taken":0,"max_hp_gain":0,"max_hp_loss":0,"event_name":"Colosseum","floor":21,"gold_loss":0},{"damage_healed":0,"gold_gain":0,"player_choice":"Fled From Nobs","damage_taken":0,"max_hp_gain":0,"max_hp_loss":0,"event_name":"Colosseum","floor":21,"gold_loss":0},{"damage_healed":0,"gold_gain":0,"player_choice":"Obtained Book","damage_taken":21,"max_hp_gain":0,"max_hp_loss":0,"event_name":"Cursed Tome","floor":29,"gold_loss":0}],"is_beta":false,"boss_relics":[{"not_picked":["Black Blood","Eternal Feather"],"picked":"Astrolabe"}],"items_purged_floors":[14,20],"is_endless":false,"potions_floor_spawned":[2,5,7,12,22,27],"killed_by":"Champ","ascension_level":15}