{"gold_per_floor":[117,134,59,71,88,88,88,88,88,115,115],"floor_reached":11,"playtime":262,"items_purged":["Defend_B"],"score":113,"play_id":"72258bfb-875c-44b9-93e5-04b314670b2b","local_time":"20190425095600","is_ascension_mode":true,"campfire_choices":[{"data":"Zap","floor":6,"key":"SMITH"},{"data":"Coolheaded","floor":8,"key":"SMITH"}],"neow_cost":"PERCENT_DAMAGE","seed_source_timestamp":130248338923400,"circlet_count":0,"master_deck":["AscendersBane","Strike_B","Strike_B","Strike_B","Defend_B","Defend_B","Zap+1","Dualcast","Double Energy","Conserve Battery","Sunder","Coolheaded+1"],"relics":["Cracked Core","Sundial","PreservedInsect","Oddly Smooth Stone"],"potions_floor_usage":[10],"damage_taken":[{"damage":10,"enemies":"Small Slimes","floor":1,"turns":3},{"damage":2,"enemies":"Jaw Worm","floor":2,"turns":3},{"damage":1,"enemies":"Cultist","floor":4,"turns":3},{"damage":0,"enemies":"Exordium Wildlife","floor":5,"turns":1},{"damage":16,"enemies":"Gremlin Nob","floor":10,"turns":3},{"damage":21,"enemies":"Gremlin Gang","floor":11,"turns":1}],"seed_played":"-7796998058066360491","potions_obtained":[{"floor":2,"key":"Dexterity Potion"},{"floor":5,"key":"SteroidPotion"}],"is_trial":false,"path_per_floor":["M","M","$","M","M","R","?","R","T","E","M"],"character_chosen":"DEFECT","items_purchased":[],"campfire_rested":0,"item_purchase_floors":[],"current_hp_per_floor":[40,38,38,37,37,37,37,37,37,21,0],"gold":115,"neow_bonus":"REMOVE_TWO","is_prod":false,"is_daily":false,"chose_seed":false,"campfire_upgraded":2,"win_rate":0,"timestamp":1556157360,"path_taken":["M","M","$","M","M","R","?","R","T","E","M"],"build_version":"2019-01-23","purchased_purges":1,"victory":false,"max_hp_per_floor":[75,75,75,75,75,75,75,75,75,75,75],"card_choices":[{"not_picked":["Redo","Stack"],"picked":"Double Energy","floor":1},{"not_picked":["Ball Lightning","Stack"],"picked":"Conserve Battery","floor":2},{"not_picked":["Force Field","Compile Driver"],"picked":"Sunder","floor":4},{"not_picked":["Streamline","Consume"],"picked":"Coolheaded","floor":5},{"not_picked":["Electrodynamics","Rainbow","Double Energy"],"picked":"SKIP","floor":10}],"player_experience":530813,"relics_obtained":[{"floor":9,"key":"PreservedInsect"},{"floor":10,"key":"Oddly Smooth Stone"}],"event_choices":[{"damage_healed":0,"gold_gain":0,"player_choice":"Searched \u00271\u0027 times","damage_taken":0,"relics_obtained":["Sundial"],"max_hp_gain":0,"max_hp_loss":0,"event_name":"Dead Adventurer","floor":7,"gold_loss":0}],"is_beta":false,"boss_relics":[],"items_purged_floors":[3],"is_endless":false,"potions_floor_spawned":[2,5],"killed_by":"Gremlin Gang","ascension_level":11}