{"gold_per_floor":[113,129,140,160,137,153,182,182,228,239,259,284,299,334,334,433,433,451,260,276,276,292,292,321,321,321,321,352,365,365,397,397,502,502,521,534,534,534,256,283,283,294,344,401,431,478,506,147,147,147],"floor_reached":51,"playtime":2268,"items_purged":["Strike_R","Strike_R"],"score":889,"play_id":"0d4a4716-4283-4b84-9065-2e3482087b87","local_time":"20190508032510","is_ascension_mode":false,"campfire_choices":[{"data":"Perfected Strike","floor":8,"key":"SMITH"},{"data":"Armaments","floor":15,"key":"SMITH"},{"data":"Shockwave","floor":23,"key":"SMITH"},{"data":"Perfected Strike","floor":25,"key":"SMITH"},{"data":"Limit Break","floor":27,"key":"SMITH"},{"data":"Enlightenment","floor":32,"key":"SMITH"},{"data":"Corruption","floor":41,"key":"SMITH"},{"data":"Offering","floor":49,"key":"SMITH"}],"neow_cost":"NONE","seed_source_timestamp":339432730939700,"circlet_count":0,"master_deck":["Strike_R","Strike_R","Strike_R","Defend_R","Defend_R","Defend_R","Defend_R","Bash","Limit Break+1","Perfected Strike+1","Spot Weakness","Clothesline","Armaments+1","Shrug It Off","Uppercut+1","Perfected Strike+1","Seeing Red","Shockwave+1","Flame Barrier","Twin Strike","Cleave","Feed","Rage","Headbutt","Enlightenment+1","Intimidate","Anger","Battle Trance","Flame Barrier+1","Reaper","Headbutt+1","Ghostly Armor+1","Madness","Madness","Apotheosis","Corruption+1","Feel No Pain+1","Shrug It Off+1","Offering+1","Headbutt","Metallicize","Dark Shackles"],"relics":["Burning Blood","Vajra","Omamori","Dodecahedron","Art of War","Velvet Choker","Necronomicon","Letter Opener","Blood Vial","Kunai","Blue Candle","Philosopher\u0027s Stone","Oddly Smooth Stone","MawBank","Incense Burner","Pen Nib","Mummified Hand"],"potions_floor_usage":[6,7,7,46,50,50,50],"damage_taken":[{"damage":1,"enemies":"Cultist","floor":1,"turns":4},{"damage":1,"enemies":"2 Louse","floor":2,"turns":3},{"damage":9,"enemies":"Jaw Worm","floor":3,"turns":5},{"damage":6,"enemies":"Exordium Wildlife","floor":4,"turns":2},{"damage":0,"enemies":"Large Slime","floor":6,"turns":6},{"damage":1,"enemies":"3 Sentries","floor":7,"turns":6},{"damage":2,"enemies":"Blue Slaver","floor":10,"turns":3},{"damage":0,"enemies":"Exordium Thugs","floor":11,"turns":3},{"damage":17,"enemies":"Lagavulin","floor":12,"turns":6},{"damage":9,"enemies":"Red Slaver","floor":13,"turns":2},{"damage":17,"enemies":"Gremlin Nob","floor":14,"turns":3},{"damage":17,"enemies":"The Guardian","floor":16,"turns":9},{"damage":0,"enemies":"Spheric Guardian","floor":18,"turns":3},{"damage":0,"enemies":"Chosen","floor":20,"turns":3},{"damage":5,"enemies":"Centurion and Healer","floor":22,"turns":4},{"damage":0,"enemies":"Gremlin Leader","floor":24,"turns":4},{"damage":3,"enemies":"Book of Stabbing","floor":28,"turns":2},{"damage":2,"enemies":"3 Cultists","floor":29,"turns":4},{"damage":23,"enemies":"Slavers","floor":31,"turns":7},{"damage":25,"enemies":"Champ","floor":33,"turns":9},{"damage":0,"enemies":"3 Shapes","floor":35,"turns":3},{"damage":5,"enemies":"Orb Walker","floor":36,"turns":2},{"damage":2,"enemies":"Giant Head","floor":40,"turns":9},{"damage":5,"enemies":"Maw","floor":42,"turns":5},{"damage":30,"enemies":"2 Orb Walkers","floor":44,"turns":4},{"damage":0,"enemies":"Transient","floor":45,"turns":5},{"damage":22,"enemies":"Reptomancer","floor":46,"turns":5},{"damage":0,"enemies":"Spire Growth","floor":47,"turns":4},{"damage":43,"enemies":"Time Eater","floor":50,"turns":9}],"seed_played":"918424319040450022","potions_obtained":[{"floor":1,"key":"Explosive Potion"},{"floor":3,"key":"Poison Potion"},{"floor":4,"key":"EssenceOfSteel"},{"floor":12,"key":"BloodPotion"},{"floor":13,"key":"Regen Potion"},{"floor":18,"key":"Ancient Potion"},{"floor":22,"key":"Regen Potion"},{"floor":28,"key":"Dexterity Potion"},{"floor":35,"key":"Swift Potion"},{"floor":47,"key":"Strength Potion"}],"is_trial":false,"path_per_floor":["M","M","M","M","$","M","E","R","T","M","M","E","M","E","R","B",null,"M","$","M","?","M","R","E","R","T","R","E","M","?","E","R","B",null,"M","M","?","?","$","E","R","M","T","?","M","E","M","$","R","B",null],"character_chosen":"IRONCLAD","items_purchased":["Shrug It Off","Headbutt","Enlightenment","Apotheosis","Metallicize","Dark Shackles","Mummified Hand"],"campfire_rested":0,"item_purchase_floors":[5,19,19,39,48,48,48],"current_hp_per_floor":[80,80,77,77,77,80,80,80,80,80,80,69,66,55,55,44,80,83,83,83,67,68,68,74,74,74,74,79,86,86,69,69,55,89,89,89,89,78,78,89,89,93,93,77,85,81,96,96,96,96],"gold":147,"neow_bonus":"ONE_RANDOM_RARE_CARD","is_prod":false,"is_daily":false,"chose_seed":false,"campfire_upgraded":8,"win_rate":1,"timestamp":1557311110,"path_taken":["M","M","M","M","$","M","E","R","T","M","M","E","M","E","R","BOSS","M","$","M","?","M","R","E","R","T","R","E","M","?","E","R","BOSS","M","M","?","?","?","E","R","M","T","?","M","E","?","$","R","BOSS"],"build_version":"2019-01-23","purchased_purges":2,"victory":true,"max_hp_per_floor":[80,80,80,80,80,80,80,80,80,80,80,80,80,80,80,80,80,83,83,83,83,83,83,83,83,83,83,83,86,86,86,86,89,89,89,89,89,89,89,89,89,93,93,96,96,96,96,96,96,96],"card_choices":[{"not_picked":["Entrench","Sever Soul"],"picked":"Perfected Strike","floor":1},{"not_picked":["Perfected Strike","Clothesline"],"picked":"Spot Weakness","floor":2},{"not_picked":["Evolve","Sentinel"],"picked":"Clothesline","floor":3},{"not_picked":["Havoc","Perfected Strike"],"picked":"Armaments","floor":4},{"not_picked":["Shrug It Off","Flex"],"picked":"Uppercut","floor":6},{"not_picked":["Dark Embrace","Rampage"],"picked":"Perfected Strike","floor":7},{"not_picked":["Twin Strike","Dual Wield"],"picked":"Seeing Red","floor":10},{"not_picked":["Entrench","Perfected Strike"],"picked":"Shockwave","floor":11},{"not_picked":["Metallicize","True Grit"],"picked":"Flame Barrier","floor":12},{"not_picked":["Reckless Charge","Combust"],"picked":"Twin Strike","floor":13},{"not_picked":["Sword Boomerang","Thunderclap"],"picked":"Cleave","floor":14},{"not_picked":["Fiend Fire","Demon Form"],"picked":"Feed","floor":16},{"not_picked":["Evolve","Thunderclap"],"picked":"Rage","floor":18},{"not_picked":["Searing Blow","Heavy Blade"],"picked":"Intimidate","floor":20},{"not_picked":["Sword Boomerang","True Grit"],"picked":"Anger","floor":22},{"not_picked":["Iron Wave","Clash+1","Infernal Blade"],"picked":"SKIP","floor":24},{"not_picked":["Wild Strike+1","Juggernaut"],"picked":"Battle Trance","floor":28},{"not_picked":["Thunderclap+1","Entrench","Reckless Charge"],"picked":"SKIP","floor":29},{"not_picked":["Thunderclap","Flex"],"picked":"Flame Barrier+1","floor":31},{"not_picked":["Impervious","Feed"],"picked":"Reaper","floor":33},{"not_picked":["Iron Wave","Clash"],"picked":"Headbutt+1","floor":35},{"not_picked":["Cleave","Warcry"],"picked":"Ghostly Armor+1","floor":36},{"not_picked":["Heavy Blade","Bloodletting+1"],"picked":"Corruption","floor":40},{"not_picked":["Headbutt+1","Anger+1"],"picked":"Feel No Pain+1","floor":42},{"not_picked":["Iron Wave+1","Combust+1"],"picked":"Shrug It Off+1","floor":44},{"not_picked":["Thunderclap","Clothesline"],"picked":"Offering","floor":45},{"not_picked":["Flex","Anger+1","Second Wind"],"picked":"SKIP","floor":46},{"not_picked":["Ghostly Armor+1","Shrug It Off"],"picked":"Headbutt","floor":47}],"player_experience":753810,"relics_obtained":[{"floor":7,"key":"Vajra"},{"floor":9,"key":"Omamori"},{"floor":12,"key":"Dodecahedron"},{"floor":14,"key":"Art of War"},{"floor":21,"key":"Necronomicon"},{"floor":24,"key":"Letter Opener"},{"floor":26,"key":"Blood Vial"},{"floor":28,"key":"Kunai"},{"floor":31,"key":"Blue Candle"},{"floor":40,"key":"Oddly Smooth Stone"},{"floor":43,"key":"MawBank"},{"floor":44,"key":"Incense Burner"},{"floor":46,"key":"Pen Nib"}],"event_choices":[{"damage_healed":0,"gold_gain":0,"player_choice":"Obtained Book","damage_taken":16,"max_hp_gain":0,"max_hp_loss":0,"event_name":"Cursed Tome","floor":21,"gold_loss":0},{"damage_healed":0,"gold_gain":0,"player_choice":"Upgraded","damage_taken":0,"max_hp_gain":0,"max_hp_loss":0,"event_name":"Upgrade Shrine","floor":30,"gold_loss":0,"cards_upgraded":["Uppercut"]},{"damage_healed":0,"gold_gain":0,"player_choice":"Ignored","damage_taken":0,"max_hp_gain":0,"max_hp_loss":0,"event_name":"Tomb of Lord Red Mask","floor":37,"gold_loss":0},{"damage_healed":0,"gold_gain":0,"player_choice":"Embrace Madness","damage_taken":11,"max_hp_gain":0,"max_hp_loss":0,"event_name":"Winding Halls","floor":38,"gold_loss":0,"cards_obtained":["Madness","Madness"]},{"damage_healed":0,"gold_gain":0,"player_choice":"Fight","damage_taken":0,"max_hp_gain":0,"max_hp_loss":0,"event_name":"Mysterious Sphere","floor":44,"gold_loss":0}],"is_beta":false,"boss_relics":[{"not_picked":["Snecko Eye","Eternal Feather"],"picked":"Velvet Choker"},{"not_picked":["Orrery","Black Blood"],"picked":"Philosopher\u0027s Stone"}],"items_purged_floors":[19,39],"is_endless":false,"potions_floor_spawned":[1,3,4,12,13,18,22,28,33,35,36,42,44,47],"ascension_level":0}