{"gold_per_floor":[113,27,45,45,61,61,91,91,139,166,176,194,194,194,194,194],"floor_reached":16,"playtime":454,"items_purged":[],"score":204,"play_id":"779371eb-6be8-419c-853b-45b993fbefc2","local_time":"20190316082246","is_ascension_mode":true,"campfire_choices":[{"data":"Defragment","floor":6.0,"key":"SMITH"},{"data":"Zap","floor":8.0,"key":"SMITH"},{"floor":13,"key":"REST"},{"data":"Dualcast","floor":15,"key":"SMITH"}],"neow_cost":"NONE","seed_source_timestamp":0,"circlet_count":0,"master_deck":["AscendersBane","Strike_B","Strike_B","Strike_B","Strike_B","Defend_B","Defend_B","Defend_B","Defend_B","Zap+1","Dualcast+1","Echo Form","Beam Cell","Hologram","Cold Snap","Defragment+1","Amplify","Self Repair+1"],"special_seed":0,"relics":["Cracked Core","Odd Mushroom","Strawberry","Frozen Egg 2"],"potions_floor_usage":[14],"damage_taken":[{"damage":6.0,"enemies":"Cultist","floor":1.0,"turns":3.0},{"damage":5.0,"enemies":"2 Louse","floor":3.0,"turns":4.0},{"damage":10.0,"enemies":"Small Slimes","floor":5.0,"turns":4.0},{"damage":6.0,"enemies":"The Mushroom Lair","floor":7.0,"turns":3.0},{"damage":19.0,"enemies":"Lagavulin","floor":10.0,"turns":6.0},{"damage":0.0,"enemies":"Exordium Wildlife","floor":11.0,"turns":4.0},{"damage":7,"enemies":"Looter","floor":12,"turns":3},{"damage":2,"enemies":"Exordium Thugs","floor":14,"turns":2},{"damage":31,"enemies":"The Guardian","floor":16,"turns":5}],"seed_played":"-5840286650896818145","potions_obtained":[{"floor":5.0,"key":"Poison Potion"},{"floor":10.0,"key":"SmokeBomb"},{"floor":11.0,"key":"SteroidPotion"}],"is_trial":false,"path_per_floor":["M","$","M","$","M","R","?","R","T","E","M","M","R","M","R","B"],"character_chosen":"DEFECT","items_purchased":["PowerPotion","Hologram"],"campfire_rested":1,"item_purchase_floors":[2,2],"current_hp_per_floor":[58,58,53,53,43,43,37,37,44,25,25,18,41,39,39,8],"gold":194,"neow_bonus":"ONE_RANDOM_RARE_CARD","is_prod":false,"is_daily":false,"chose_seed":false,"campfire_upgraded":3,"win_rate":0,"timestamp":1552738966,"path_taken":["M","$","M","$","?","R","?","R","T","E","M","M","R","M","R","BOSS"],"build_version":"2019-01-23","purchased_purges":0,"victory":false,"max_hp_per_floor":[71,71,71,71,71,71,71,71,78,78,78,78,78,78,78,78],"card_choices":[{"not_picked":["Turbo","Steam"],"picked":"Beam Cell","floor":1.0},{"not_picked":["Heatsinks","Skim"],"picked":"Cold Snap","floor":3.0},{"not_picked":["Tempest","Leap"],"picked":"Defragment","floor":5.0},{"not_picked":["Beam Cell","Gash","Aggregate"],"picked":"SKIP","floor":10.0},{"not_picked":["Hologram","Streamline"],"picked":"Amplify","floor":11.0},{"not_picked":["Defragment+1","Beam Cell"],"picked":"Self Repair+1","floor":12}],"player_experience":872262,"relics_obtained":[{"floor":7.0,"key":"Odd Mushroom"},{"floor":9.0,"key":"Strawberry"},{"floor":10.0,"key":"Frozen Egg 2"}],"event_choices":[{"damage_healed":0.0,"max_hp_gain":0.0,"max_hp_loss":0.0,"gold_gain":0.0,"event_name":"Mushrooms","player_choice":"Fought Mushrooms","floor":7.0,"gold_loss":0.0,"damage_taken":0.0}],"is_beta":false,"boss_relics":[],"items_purged_floors":[],"is_endless":false,"potions_floor_spawned":[5,10,11,14],"killed_by":"The Guardian","ascension_level":20}