{"gold_per_floor":[118,43,43,63,81,109,9,9,9,9,21,47,47],"floor_reached":13,"playtime":386,"items_purged":["Strike_R","Strike_R"],"score":130,"play_id":"42fa9eff-9cbd-402b-a5f5-a21caf1e993b","local_time":"20190416203955","is_ascension_mode":true,"campfire_choices":[{"data":"Sword Boomerang","floor":8,"key":"SMITH"},{"data":"Burning Pact","floor":10,"key":"SMITH"}],"neow_cost":"NONE","seed_source_timestamp":476364077918700,"circlet_count":0,"master_deck":["Strike_R","Strike_R","Strike_R","Defend_R","Defend_R","Defend_R","Defend_R","Bash","Burning Pact+1","Sword Boomerang+1","Seeing Red","Corruption"],"relics":["Burning Blood","FaceOfCleric","Self Forming Clay","Singing Bowl","Blue Candle"],"potions_floor_usage":[6],"damage_taken":[{"damage":18,"enemies":"Jaw Worm","floor":1,"turns":4},{"damage":6,"enemies":"Cultist","floor":4,"turns":3},{"damage":10,"enemies":"Small Slimes","floor":5,"turns":3},{"damage":35,"enemies":"3 Sentries","floor":6,"turns":8},{"damage":8,"enemies":"Blue Slaver","floor":11,"turns":3},{"damage":22,"enemies":"Lagavulin","floor":12,"turns":6},{"damage":0,"enemies":"The Mushroom Lair","floor":13,"turns":1}],"seed_played":"3919103718647189932","potions_obtained":[{"floor":4,"key":"SteroidPotion"},{"floor":12,"key":"GamblersBrew"}],"is_trial":false,"path_per_floor":["M","$","?","M","M","E","$","R","T","R","M","E","?"],"character_chosen":"IRONCLAD","items_purchased":[],"campfire_rested":0,"item_purchase_floors":[],"current_hp_per_floor":[60,60,60,61,58,30,30,30,30,30,29,16,16],"gold":47,"neow_bonus":"THREE_CARDS","is_prod":false,"is_daily":false,"chose_seed":false,"campfire_upgraded":2,"win_rate":0,"timestamp":1555418395,"path_taken":["M","$","?","M","?","E","$","R","T","R","M","E","?"],"build_version":"2019-01-23","purchased_purges":2,"victory":false,"max_hp_per_floor":[80,80,80,81,82,83,83,83,83,83,84,87,87],"card_choices":[{"not_picked":["Carnage","True Grit"],"picked":"Burning Pact","floor":0},{"not_picked":["Perfected Strike","Cleave"],"picked":"Sword Boomerang","floor":1},{"not_picked":["Wild Strike","Body Slam","Anger"],"picked":"SKIP","floor":4},{"not_picked":["Blood for Blood","Berserk"],"picked":"Seeing Red","floor":5},{"not_picked":["Sword Boomerang","Burning Pact","Berserk"],"picked":"SKIP","floor":6},{"not_picked":["Flame Barrier","Cleave"],"picked":"Corruption","floor":11},{"not_picked":["Pommel Strike","Bloodletting","Uppercut"],"picked":"Singing Bowl","floor":12}],"player_experience":497500,"relics_obtained":[{"floor":6,"key":"Self Forming Clay"},{"floor":9,"key":"Singing Bowl"},{"floor":12,"key":"Blue Candle"}],"event_choices":[{"damage_healed":0,"gold_gain":0,"player_choice":"Trade","damage_taken":0,"relics_obtained":["FaceOfCleric"],"max_hp_gain":0,"max_hp_loss":0,"event_name":"FaceTrader","floor":3,"gold_loss":0},{"damage_healed":0,"gold_gain":0,"player_choice":"Fought Mushrooms","damage_taken":0,"max_hp_gain":0,"max_hp_loss":0,"event_name":"Mushrooms","floor":13,"gold_loss":0}],"is_beta":false,"boss_relics":[],"items_purged_floors":[2,7],"is_endless":false,"potions_floor_spawned":[4,12],"killed_by":"The Mushroom Lair","ascension_level":8}