{"path_per_floor":["M","M","$","M","M","R","M","E","T","R","$","R","?","M","R","B",null,"M","?","$","M","M","R","M","?","T","E","M","R","M","M","R","B",null,"M","M","$","?","T","R","$","M","T","?","R","M","R","M","R","B"],"character_chosen":"DEFECT","items_purchased":["Molten Egg 2","Good Instincts","Dark Shackles","Flash of Steel","Dark Shackles"],"gold_per_floor":[369,380,13,24,37,37,50,78,132,132,38,38,38,62,62,191,191,210,210,42,60,75,75,92,7,7,38,51,51,61,74,74,177,177,191,204,8,54,126,126,1,15,15,15,15,27,27,45,45,45],"floor_reached":51,"campfire_rested":3,"playtime":2894,"current_hp_per_floor":[37,37,37,34,28,50,43,38,38,38,38,38,38,33,55,13,75,61,61,61,58,52,52,41,41,41,35,40,40,19,24,46,33,75,75,75,75,55,70,70,70,75,75,75,75,66,66,78,78,13],"items_purged":["Injury","Defend_B","Defend_B"],"gold":45,"score":646,"play_id":"4d9fd7df-f129-4388-8791-b6a8afe08fd3","local_time":"20180505090922","is_prod":false,"is_daily":false,"chose_seed":false,"is_ascension_mode":false,"campfire_upgraded":6,"timestamp":1525525762,"path_taken":["M","?","$","M","M","R","M","E","T","R","?","R","?","M","R","BOSS","M","?","$","M","M","R","M","?","T","E","M","R","M","M","R","BOSS","M","M","$","?","?","R","$","M","T","?","R","M","R","M","R","BOSS"],"build_version":"2018-05-03","seed_source_timestamp":1040437721991159,"purchased_purges":3,"victory":true,"master_deck":["Strike_B+1","Strike_B+1","Strike_B","Strike_B","Defend_B","Defend_B","Zap+1","Dualcast+1","Beam Cell","Defragment+1","Good Instincts","Skim","Chill","Rainbow+1","Darkness+1","Dark Shackles","Glacier+1","Biased Cognition+1","Flash of Steel+1","Leap","Lockon+1","Hologram+1","Chill+1","Rainbow","Machine Learning","Doom and Gloom+1","Dark Shackles","Aggregate+1","Self Repair","Rainbow+1"],"max_hp_per_floor":[75,75,75,75,75,75,75,75,75,75,75,75,75,75,75,75,75,75,75,75,75,75,75,75,75,75,75,75,75,75,75,75,75,75,75,75,75,75,85,85,85,85,85,85,85,85,85,85,85,85],"relics":["Cracked Core","Molten Egg 2","Toolbox","Juzu Bracelet","Bloody Idol","Black Star","Gremlin Horn","Whetstone","Happy Flower","War Paint","Sozu","Girya","Pear","Letter Opener"],"card_choices":[{"not_picked":["Capacitor","Rebound"],"picked":"Beam Cell","floor":1},{"not_picked":["Hologram","Rainbow"],"picked":"Defragment","floor":2},{"not_picked":["Ball Lightning","Leap"],"picked":"Skim","floor":4},{"not_picked":["Sunder","FTL"],"picked":"Chill","floor":5},{"not_picked":["Go for the Eyes","Ball Lightning"],"picked":"Rainbow","floor":7},{"not_picked":["Hello World","Stack"],"picked":"Darkness","floor":8},{"not_picked":["Go for the Eyes","Skim"],"picked":"Glacier","floor":14},{"not_picked":["Creative AI","Amplify"],"picked":"Biased Cognition","floor":16},{"not_picked":["Sweeping Beam","Capacitor"],"picked":"Leap","floor":21},{"not_picked":["Nova","Hologram"],"picked":"Lockon","floor":22},{"not_picked":["Rebound","Darkness"],"picked":"Hologram","floor":24},{"not_picked":["Force Field","Axe Kick"],"picked":"Chill","floor":27},{"not_picked":["Coolheaded","Skim"],"picked":"Rainbow","floor":31},{"not_picked":["Amplify","Hyperbeam"],"picked":"Machine Learning","floor":33},{"not_picked":["Ball Lightning","Go for the Eyes"],"picked":"Doom and Gloom","floor":36},{"not_picked":["Beam Cell","Tempest"],"picked":"Aggregate","floor":38},{"not_picked":["Axe Kick","Blizzard"],"picked":"Self Repair","floor":42}],"player_experience":43486,"potions_floor_usage":[5,8,22,24,27,27,33],"damage_taken":[{"damage":1,"enemies":"Cultist","floor":1,"turns":3},{"damage":0,"enemies":"Small Slimes","floor":2,"turns":2},{"damage":3,"enemies":"Jaw Worm","floor":4,"turns":4},{"damage":6,"enemies":"Exordium Wildlife","floor":5,"turns":5},{"damage":7,"enemies":"2 Fungi Beasts","floor":7,"turns":3},{"damage":5,"enemies":"3 Sentries","floor":8,"turns":8},{"damage":5,"enemies":"3 Louse","floor":14,"turns":4},{"damage":42,"enemies":"Slime Boss","floor":16,"turns":8},{"damage":14,"enemies":"Chosen","floor":18,"turns":6},{"damage":8,"enemies":"Spheric Guardian","floor":21,"turns":4},{"damage":11,"enemies":"Slaver and Parasite","floor":22,"turns":9},{"damage":16,"enemies":"Centurion and Healer","floor":24,"turns":6},{"damage":11,"enemies":"Book of Stabbing","floor":27,"turns":5},{"damage":0,"enemies":"Snake Plant","floor":28,"turns":5},{"damage":26,"enemies":"Snecko","floor":30,"turns":7},{"damage":0,"enemies":"Slaver and Parasite","floor":31,"turns":5},{"damage":18,"enemies":"Champ","floor":33,"turns":11},{"damage":1,"enemies":"3 Darklings","floor":35,"turns":7},{"damage":0,"enemies":"Orb Walker","floor":36,"turns":4},{"damage":25,"enemies":"Mysterious Sphere","floor":38,"turns":7},{"damage":0,"enemies":"3 Darklings","floor":42,"turns":4},{"damage":14,"enemies":"Spire Growth","floor":46,"turns":4},{"damage":0,"enemies":"Maw","floor":48,"turns":7},{"damage":75,"enemies":"Donu and Deca","floor":50,"turns":13}],"event_choices":[{"event_name":"Golden Idol","player_choice":"Take Wound","floor":13,"damage_taken":0},{"event_name":"Forgotten Altar","player_choice":"Gave Idol","floor":19,"damage_taken":0},{"event_name":"Addict","player_choice":"Obtained Relic","floor":25,"damage_taken":0},{"event_name":"Mysterious Sphere","player_choice":"Fight","floor":38,"damage_taken":0},{"event_name":"Match and Keep!","player_choice":"1 cards matched","floor":44,"damage_taken":0}],"boss_relics":[{"not_picked":["Snecko Eye","Runic Dome"],"picked":"Black Star"},{"not_picked":["Tiny House","Philosopher\u0027s Stone"],"picked":"Sozu"}],"potions_floor_spawned":[2,5,7,21,22,24,31,36,46,48],"seed_played":"-4476679557123094819","ascension_level":0,"is_trial":false}