{"gold_per_floor":[109,109,89,106,125,125,151,151,151,170,205,135,135,163,163,263,263,281,206,476,489,489,489,517,517,517,168,168,181,280,280,280,385,385,402,421,421,441,441,441,456,472,499,599,132,132,132,7,7,7],"floor_reached":50,"playtime":2952,"items_purged":["Shame","Doubt","Injury"],"score":625,"play_id":"c32c047e-e20a-470e-88c4-f5ec66347457","local_time":"20190407151244","is_ascension_mode":true,"campfire_choices":[{"floor":6,"key":"RECALL"},{"data":"Demon Form","floor":15,"key":"SMITH"},{"floor":23,"key":"REST"},{"data":"Infernal Blade","floor":25,"key":"SMITH"},{"data":"Pummel","floor":28,"key":"SMITH"},{"data":"Blood for Blood","floor":32,"key":"SMITH"},{"floor":40,"key":"REST"},{"floor":46,"key":"REST"},{"data":"Blood for Blood","floor":49,"key":"SMITH"}],"neow_cost":"NONE","seed_source_timestamp":141512095643046,"circlet_count":0,"master_deck":["Strike_R","Strike_R","Strike_R","Defend_R","Defend_R","Defend_R","Defend_R","Bash","Blood for Blood+1","Thunderclap","Rage","Clothesline","Anger","Infernal Blade+1","Demon Form+1","Twin Strike","Juggernaut","Dual Wield+1","Pummel+1","Twin Strike","Pummel+1","Twin Strike+1","Twin Strike","Limit Break+1","Cleave","Twin Strike+1","Trip+1","Twin Strike","Sword Boomerang","Blood for Blood+1","Flex+1","Feed"],"relics":["Burning Blood","Meat on the Bone","Happy Flower","Lantern","Cursed Key","Regal Pillow","Bag of Marbles","Toxic Egg 2","HandDrill","White Beast Statue","PreservedInsect","Charon\u0027s Ashes","Ice Cream","Shuriken"],"potions_floor_usage":[7,11,18,35,35,36,42,44,44,50],"damage_taken":[{"damage":0,"enemies":"Small Slimes","floor":1,"turns":5},{"damage":5,"enemies":"2 Louse","floor":4,"turns":3},{"damage":0,"enemies":"Cultist","floor":5,"turns":3},{"damage":30,"enemies":"Lagavulin","floor":7,"turns":7},{"damage":4,"enemies":"Blue Slaver","floor":10,"turns":4},{"damage":31,"enemies":"3 Sentries","floor":11,"turns":7},{"damage":21,"enemies":"Lagavulin","floor":14,"turns":6},{"damage":0,"enemies":"Slime Boss","floor":16,"turns":6},{"damage":10,"enemies":"2 Thieves","floor":18,"turns":4},{"damage":5,"enemies":"Chosen","floor":21,"turns":4},{"damage":32,"enemies":"Gremlin Leader","floor":24,"turns":4},{"damage":2,"enemies":"Centurion and Healer","floor":29,"turns":4},{"damage":34,"enemies":"Champ","floor":33,"turns":7},{"damage":25,"enemies":"3 Shapes","floor":35,"turns":4},{"damage":17,"enemies":"3 Darklings","floor":36,"turns":3},{"damage":35,"enemies":"Jaw Worm Horde","floor":38,"turns":3},{"damage":10,"enemies":"Transient","floor":41,"turns":5},{"damage":32,"enemies":"Sphere and 2 Shapes","floor":42,"turns":5},{"damage":53,"enemies":"Mind Bloom Boss Battle","floor":44,"turns":9},{"damage":93,"enemies":"Donu and Deca","floor":50,"turns":5}],"seed_played":"3519812773674913727","potions_obtained":[{"floor":3,"key":"GamblersBrew"},{"floor":4,"key":"FearPotion"},{"floor":7,"key":"SpeedPotion"},{"floor":10,"key":"SteroidPotion"},{"floor":14,"key":"Fire Potion"},{"floor":29,"key":"Explosive Potion"},{"floor":35,"key":"Energy Potion"},{"floor":36,"key":"LiquidBronze"},{"floor":38,"key":"BloodPotion"},{"floor":41,"key":"Regen Potion"},{"floor":42,"key":"Swift Potion"},{"floor":44,"key":"Dexterity Potion"}],"is_trial":false,"path_per_floor":["M","?","?","M","M","R","E","?","T","M","E","$","$","E","R","B",null,"M","?","?","M","?","R","E","R","T","$","R","M","?","?","R","B",null,"M","M","?","M","?","R","M","M","T","?","$","R","T","$","R","B"],"character_chosen":"IRONCLAD","items_purchased":["Demon Form","Pummel","HandDrill","Feed","Ice Cream"],"campfire_rested":3,"item_purchase_floors":[12,27,27,45,45],"current_hp_per_floor":[80,80,80,80,80,80,56,56,56,58,45,45,45,42,42,48,80,76,76,44,57,57,80,54,54,54,54,54,58,58,58,58,42,80,61,50,50,33,33,72,68,54,54,33,33,72,72,72,72,0],"gold":7,"neow_bonus":"TRANSFORM_CARD","is_prod":false,"is_daily":false,"chose_seed":false,"campfire_upgraded":5,"win_rate":0,"timestamp":1554667964,"path_taken":["M","?","?","M","?","R","E","?","T","?","E","?","$","E","R","BOSS","M","?","?","?","?","R","E","R","T","$","R","M","?","?","R","BOSS","M","M","?","M","?","R","M","M","T","?","$","R","?","$","R","BOSS"],"build_version":"2019-01-23","purchased_purges":3,"victory":false,"max_hp_per_floor":[80,80,80,80,80,80,80,80,80,80,80,80,80,80,80,80,80,80,80,80,80,80,80,80,80,80,80,80,80,80,80,80,80,80,80,80,80,80,80,80,80,80,80,80,80,80,80,80,80,80],"card_choices":[{"not_picked":["Headbutt","Burning Pact"],"picked":"Thunderclap","floor":1},{"not_picked":["Shrug It Off","Armaments"],"picked":"Rage","floor":4},{"not_picked":["Sever Soul","Seeing Red"],"picked":"Clothesline","floor":5},{"not_picked":["Carnage","Evolve"],"picked":"Anger","floor":7},{"not_picked":["Flex","Cleave"],"picked":"Infernal Blade","floor":10},{"not_picked":["Bloodletting","Whirlwind","Fire Breathing"],"picked":"SKIP","floor":11},{"not_picked":["Flex","Intimidate"],"picked":"Twin Strike","floor":14},{"not_picked":["Barricade","Bludgeon"],"picked":"Juggernaut","floor":16},{"not_picked":["True Grit","Shrug It Off"],"picked":"Dual Wield+1","floor":18},{"not_picked":["Corruption","Clash+1"],"picked":"Pummel+1","floor":21},{"not_picked":["Anger","Flex"],"picked":"Twin Strike","floor":24},{"not_picked":["Offering+1","Clash"],"picked":"Twin Strike+1","floor":29},{"not_picked":["Immolate","Barricade"],"picked":"Limit Break+1","floor":33},{"not_picked":["Second Wind+1","Body Slam+1"],"picked":"Cleave","floor":35},{"not_picked":["Shrug It Off+1","Impervious+1"],"picked":"Twin Strike+1","floor":36},{"not_picked":["Purity+1","Dark Shackles+1"],"picked":"Trip+1","floor":37},{"not_picked":["Sentinel+1","Anger+1"],"picked":"Twin Strike","floor":38},{"not_picked":["Seeing Red+1","Feel No Pain"],"picked":"Sword Boomerang","floor":41},{"not_picked":["Clothesline+1","Wild Strike+1"],"picked":"Blood for Blood","floor":42},{"not_picked":["Headbutt+1","Wild Strike"],"picked":"Flex+1","floor":44}],"player_experience":148193,"relics_obtained":[{"floor":7,"key":"Meat on the Bone"},{"floor":11,"key":"Happy Flower"},{"floor":14,"key":"Lantern"},{"floor":24,"key":"Bag of Marbles"},{"floor":26,"key":"Toxic Egg 2"},{"floor":43,"key":"PreservedInsect"},{"floor":44,"key":"Charon\u0027s Ashes"},{"floor":47,"key":"Shuriken"}],"event_choices":[{"damage_healed":0,"gold_gain":0,"player_choice":"Leave","damage_taken":0,"max_hp_gain":0,"max_hp_loss":0,"event_name":"The Cleric","floor":2,"gold_loss":0},{"damage_healed":0,"gold_gain":0,"player_choice":"Bought 1 Potion","damage_taken":0,"max_hp_gain":0,"max_hp_loss":0,"event_name":"The Woman in Blue","floor":3,"gold_loss":0},{"damage_healed":0,"gold_gain":0,"cards_transformed":["Strike_R"],"player_choice":"Transformed","damage_taken":0,"max_hp_gain":0,"max_hp_loss":0,"event_name":"Transmorgrifier","floor":8,"gold_loss":0,"cards_obtained":["Corruption"]},{"cards_removed":["Corruption"],"damage_healed":0,"gold_gain":0,"player_choice":"Gave Gold","damage_taken":0,"max_hp_gain":0,"max_hp_loss":0,"event_name":"Beggar","floor":19,"gold_loss":75},{"damage_healed":0,"gold_gain":270,"player_choice":"GOLD GOLD GOLD ","damage_taken":32,"max_hp_gain":0,"max_hp_loss":0,"event_name":"Knowing Skull","floor":20,"potions_obtained":[],"gold_loss":0,"cards_obtained":[]},{"damage_healed":0,"gold_gain":0,"player_choice":"Opened","damage_taken":0,"relics_obtained":["Regal Pillow"],"max_hp_gain":0,"max_hp_loss":0,"event_name":"The Mausoleum","floor":22,"gold_loss":0},{"damage_healed":0,"gold_gain":99,"player_choice":"Stole From Cult","damage_taken":0,"max_hp_gain":0,"max_hp_loss":0,"event_name":"Nest","floor":30,"gold_loss":0},{"damage_healed":0,"gold_gain":0,"player_choice":"Read","damage_taken":0,"max_hp_gain":0,"max_hp_loss":0,"event_name":"The Library","floor":31,"gold_loss":0,"cards_obtained":["Twin Strike"]},{"damage_healed":0,"gold_gain":0,"player_choice":"Memory 1","damage_taken":0,"max_hp_gain":0,"max_hp_loss":0,"event_name":"SensoryStone","floor":37,"gold_loss":0},{"damage_healed":0,"gold_gain":0,"player_choice":"Ignored","damage_taken":0,"max_hp_gain":0,"max_hp_loss":0,"event_name":"Tomb of Lord Red Mask","floor":39,"gold_loss":0},{"damage_healed":0,"gold_gain":0,"player_choice":"Fight","damage_taken":0,"max_hp_gain":0,"max_hp_loss":0,"event_name":"MindBloom","floor":44,"gold_loss":0}],"is_beta":false,"boss_relics":[{"not_picked":["Pandora\u0027s Box","Busted Crown"],"picked":"Cursed Key"},{"not_picked":["Calling Bell","Runic Pyramid"],"picked":"White Beast Statue"}],"items_purged_floors":[27,45,48],"is_endless":false,"potions_floor_spawned":[4,7,10,14,29,35,36,38,41,42,44],"killed_by":"Donu and Deca","ascension_level":1}