{"gold_per_floor":[113,130,141,141,154,180,197,162,188,202,277,308,230,244,244,321,321,338,261,271,271,271,271],"floor_reached":23,"playtime":587,"items_purged":[],"score":406,"play_id":"431ab3b0-4815-4721-a7b6-d7637b0727fb","local_time":"20190504071857","is_ascension_mode":true,"campfire_choices":[{"floor":15.0,"key":"REST"}],"neow_cost":"NONE","seed_source_timestamp":0,"circlet_count":0,"master_deck":["AscendersBane","Defend_G","Defend_G","Defend_G","Strike_G","Strike_G","Strike_G","Survivor","Neutralize","Noxious Fumes","Noxious Fumes","Bane","Deflect","Poisoned Stab","Bane","Cloak And Dagger","Catalyst","Burst","Bullet Time","Quick Slash+1","Noxious Fumes+1","Dagger Spray+1","Accuracy","Footwork"],"special_seed":0,"relics":["Ring of the Snake","NeowsBlessing","Juzu Bracelet","Orichalcum","Centennial Puzzle","Astrolabe","CultistMask"],"potions_floor_usage":[],"damage_taken":[{"damage":0.0,"enemies":"Jaw Worm","floor":1.0,"turns":1.0},{"damage":0.0,"enemies":"Cultist","floor":2.0,"turns":1.0},{"damage":0.0,"enemies":"2 Louse","floor":3.0,"turns":1.0},{"damage":4.0,"enemies":"Blue Slaver","floor":5.0,"turns":3.0},{"damage":5.0,"enemies":"Lagavulin","floor":6.0,"turns":6.0},{"damage":6.0,"enemies":"Looter","floor":7.0,"turns":4.0},{"damage":8.0,"enemies":"Red Slaver","floor":10.0,"turns":4.0},{"damage":20.0,"enemies":"Gremlin Nob","floor":12.0,"turns":4.0},{"damage":12.0,"enemies":"Lots of Slimes","floor":14.0,"turns":4.0},{"damage":14.0,"enemies":"Hexaghost","floor":16.0,"turns":9.0},{"damage":28.0,"enemies":"Shell Parasite","floor":18.0,"turns":6.0},{"damage":19.0,"enemies":"Spheric Guardian","floor":20.0,"turns":5.0},{"damage":0,"enemies":"Slavers","floor":23,"turns":1}],"seed_played":"7027007178765793353","potions_obtained":[{"floor":1.0,"key":"Weak Potion"},{"floor":3.0,"key":"SpeedPotion"},{"floor":10.0,"key":"PowerPotion"},{"floor":12.0,"key":"Dexterity Potion"},{"floor":20,"key":"Poison Potion"}],"is_trial":false,"path_per_floor":["M","M","M","?","M","E","M","?","T","M","?","E","$","M","R","B",null,"M","$","M","?","?","E"],"character_chosen":"THE_SILENT","items_purchased":["Catalyst","Footwork"],"campfire_rested":1,"item_purchase_floors":[13,19],"current_hp_per_floor":[59,59,59,59,55,50,44,60,60,52,41,21,21,9,28,14,53,25,25,6,6,6,6],"gold":271,"neow_bonus":"THREE_ENEMY_KILL","is_prod":false,"is_daily":false,"chose_seed":false,"campfire_upgraded":0,"win_rate":0,"timestamp":1556968737,"path_taken":["M","M","M","?","?","E","M","?","T","M","?","E","?","M","R","BOSS","M","$","M","?","?","E"],"build_version":"2019-01-23","purchased_purges":0,"victory":false,"max_hp_per_floor":[66,66,66,66,66,66,66,66,66,66,66,66,66,66,66,66,66,66,66,66,66,66,66],"card_choices":[{"not_picked":["Tactician","Flying Knee"],"picked":"Noxious Fumes","floor":1.0},{"not_picked":["Dagger Throw","Poisoned Stab"],"picked":"Noxious Fumes","floor":2.0},{"not_picked":["Flying Knee","Acrobatics"],"picked":"Bane","floor":3.0},{"not_picked":["Acrobatics","Dagger Throw"],"picked":"Deflect","floor":5.0},{"not_picked":["Quick Slash","Grand Finale"],"picked":"Poisoned Stab","floor":6.0},{"not_picked":["Dagger Spray","Dodge and Roll"],"picked":"Bane","floor":7.0},{"not_picked":["Dagger Spray","Quick Slash"],"picked":"Cloak And Dagger","floor":10.0},{"not_picked":["Noxious Fumes","Predator","Concentrate"],"picked":"SKIP","floor":12.0},{"not_picked":["Poisoned Stab","Slice"],"picked":"Burst","floor":14.0},{"not_picked":["After Image","Phantasmal Killer"],"picked":"Bullet Time","floor":16.0},{"not_picked":["Concentrate+1","Leg Sweep+1"],"picked":"Accuracy","floor":18.0},{"not_picked":["Deflect","Sucker Punch","Underhanded Strike+1"],"picked":"SKIP","floor":20}],"player_experience":945128,"relics_obtained":[{"floor":6.0,"key":"Juzu Bracelet"},{"floor":9.0,"key":"Orichalcum"},{"floor":12.0,"key":"Centennial Puzzle"}],"event_choices":[{"cards_removed":["Strike_G"],"damage_healed":0.0,"max_hp_gain":0.0,"max_hp_loss":0.0,"gold_gain":0.0,"event_name":"Purifier","player_choice":"Purged","floor":4.0,"gold_loss":0.0,"damage_taken":0.0},{"damage_healed":16.0,"max_hp_gain":0.0,"max_hp_loss":0.0,"gold_gain":0.0,"event_name":"The Cleric","player_choice":"Healed","floor":8.0,"gold_loss":35.0,"damage_taken":0.0},{"damage_healed":0.0,"max_hp_gain":0.0,"max_hp_loss":0.0,"gold_gain":75.0,"event_name":"World of Goop","player_choice":"Gather Gold","floor":11.0,"gold_loss":0.0,"damage_taken":11.0},{"damage_healed":0,"gold_gain":0,"player_choice":"0 cards matched","damage_taken":0,"max_hp_gain":0,"max_hp_loss":0,"event_name":"Match and Keep!","floor":21,"gold_loss":0,"cards_obtained":[]},{"damage_healed":0,"gold_gain":0,"player_choice":"Trade","damage_taken":0,"relics_obtained":["CultistMask"],"max_hp_gain":0,"max_hp_loss":0,"event_name":"FaceTrader","floor":22,"gold_loss":0}],"is_beta":false,"boss_relics":[{"not_picked":["Busted Crown","Runic Dome"],"picked":"Astrolabe"}],"items_purged_floors":[],"is_endless":false,"potions_floor_spawned":[1,3,10,12,20],"killed_by":"Slavers","ascension_level":20}