{"gold_per_floor":[116,116,134,146,161,161,488,500,500,500,500,517,545,562,562,660,660,676,74,85,98,117,150,150,150,150,163,163,163,189,204,204,308,358,376,39,55,68,15,15,15,27,78,97,97,197,242,257,257,257],"floor_reached":50,"playtime":3559,"items_purged":[],"score":548,"play_id":"c79a6fce-f22a-4cc6-8ff5-cf697fbed12f","local_time":"20190427145131","is_ascension_mode":false,"campfire_choices":[{"data":"Flechettes","floor":6,"key":"SMITH"},{"floor":11,"key":"REST"},{"data":"Backstab","floor":15,"key":"SMITH"},{"floor":24,"key":"REST"},{"floor":28,"key":"REST"},{"data":"Noxious Fumes","floor":32,"key":"SMITH"},{"floor":40,"key":"REST"},{"floor":49,"key":"REST"}],"neow_cost":"NONE","seed_source_timestamp":1450628711947600,"circlet_count":0,"master_deck":["Defend_G","Defend_G","Defend_G","Defend_G","Strike_G","Strike_G","Strike_G","Strike_G","Strike_G","Neutralize","Backstab","Flechettes+1","Backflip","Finisher","Backstab+1","Endless Agony","Dagger Spray","PiercingWail","Night Terror","Noxious Fumes+1","Malaise","Footwork+1","Metamorphosis","Panacea","Dodge and Roll+1","Poisoned Stab","Poisoned Stab","Dagger Spray+1","RitualDagger","Finisher","Skewer","Poisoned Stab+1","Envenom","Crippling Poison","Slice","Apotheosis","Caltrops","Skewer+1","Flying Knee","Deadly Poison+1","Backflip","Terror+1","Expertise+1","Glass Knife"],"relics":["Ring of the Snake","Old Coin","Mercury Hourglass","The Specimen","Velvet Choker","Bag of Marbles","ClockworkSouvenir","Ornamental Fan","Paper Crane","Bottled Flame","Tiny House","PreservedInsect","Happy Flower","FossilizedHelix","Incense Burner"],"potions_floor_usage":[7,16,16,33,33,50],"damage_taken":[{"damage":0,"enemies":"Small Slimes","floor":1,"turns":3},{"damage":4,"enemies":"Cultist","floor":3,"turns":5},{"damage":1,"enemies":"2 Louse","floor":4,"turns":2},{"damage":12,"enemies":"Gremlin Gang","floor":5,"turns":4},{"damage":31,"enemies":"Lagavulin","floor":7,"turns":5},{"damage":0,"enemies":"3 Louse","floor":8,"turns":1},{"damage":0,"enemies":"Large Slime","floor":12,"turns":3},{"damage":1,"enemies":"Gremlin Nob","floor":13,"turns":3},{"damage":0,"enemies":"Red Slaver","floor":14,"turns":1},{"damage":30,"enemies":"Hexaghost","floor":16,"turns":9},{"damage":0,"enemies":"3 Byrds","floor":18,"turns":4},{"damage":2,"enemies":"Spheric Guardian","floor":20,"turns":4},{"damage":11,"enemies":"Centurion and Healer","floor":21,"turns":8},{"damage":3,"enemies":"Chosen and Byrds","floor":22,"turns":5},{"damage":34,"enemies":"Slavers","floor":23,"turns":5},{"damage":5,"enemies":"Shelled Parasite and Fungi","floor":27,"turns":6},{"damage":4,"enemies":"Gremlin Leader","floor":30,"turns":5},{"damage":3,"enemies":"Centurion and Healer","floor":31,"turns":2},{"damage":50,"enemies":"Champ","floor":33,"turns":10},{"damage":0,"enemies":"Orb Walker","floor":35,"turns":1},{"damage":2,"enemies":"3 Shapes","floor":37,"turns":3},{"damage":29,"enemies":"Transient","floor":38,"turns":5},{"damage":25,"enemies":"3 Darklings","floor":42,"turns":5},{"damage":26,"enemies":"Sphere and 2 Shapes","floor":44,"turns":4},{"damage":22,"enemies":"Mind Bloom Boss Battle","floor":46,"turns":5},{"damage":32,"enemies":"2 Orb Walkers","floor":47,"turns":4},{"damage":10,"enemies":"Jaw Worm Horde","floor":48,"turns":3},{"damage":46,"enemies":"Awakened One","floor":50,"turns":4}],"seed_played":"-5830206174896412717","potions_obtained":[{"floor":4,"key":"Dexterity Potion"},{"floor":7,"key":"GamblersBrew"},{"floor":12,"key":"FearPotion"},{"floor":14,"key":"FearPotion"},{"floor":18,"key":"Regen Potion"},{"floor":20,"key":"Fire Potion"},{"floor":22,"key":"FairyPotion"},{"floor":34,"key":"Swift Potion"},{"floor":35,"key":"SkillPotion"}],"is_trial":false,"path_per_floor":["M","?","M","M","M","R","E","M","T","?","R","M","E","M","R","B",null,"M","$","M","M","M","E","R","?","T","M","R","?","E","M","R","B",null,"M","$","M","M","$","R","$","M","T","M","?","?","?","M","R","B"],"character_chosen":"THE_SILENT","items_purchased":["Bag of Marbles","Metamorphosis","Panacea","ClockworkSouvenir","PreservedInsect","Apotheosis","Flying Knee"],"campfire_rested":5,"item_purchase_floors":[19,19,19,19,36,36,39],"current_hp_per_floor":[77,77,73,72,60,60,29,29,29,29,52,52,51,51,51,21,77,77,77,75,64,61,27,50,44,44,39,62,62,58,55,55,20,82,82,82,80,51,51,75,75,50,50,24,72,50,18,8,29,0],"gold":257,"neow_bonus":"TEN_PERCENT_HP_BONUS","is_prod":false,"is_daily":false,"chose_seed":false,"campfire_upgraded":3,"win_rate":0.0,"timestamp":1556391091,"path_taken":["M","?","M","M","?","R","E","M","T","?","R","M","E","M","R","BOSS","M","$","?","M","M","E","R","?","T","M","R","?","E","M","R","BOSS","M","$","M","M","$","R","$","M","T","M","?","?","?","M","R","BOSS"],"build_version":"2019-01-23","purchased_purges":0,"victory":false,"max_hp_per_floor":[77,77,77,77,77,77,77,77,77,77,77,77,77,77,77,77,77,77,77,77,77,77,77,77,77,77,77,77,77,77,77,77,77,82,82,82,82,82,82,82,82,82,82,82,72,72,72,72,72,72],"card_choices":[{"not_picked":["Outmaneuver","Backflip"],"picked":"Backstab","floor":1},{"not_picked":["PiercingWail","Dodge and Roll"],"picked":"Backflip","floor":3},{"not_picked":["Slice","Dodge and Roll"],"picked":"Finisher","floor":4},{"not_picked":["Dodge and Roll","Sucker Punch"],"picked":"Backstab","floor":5},{"not_picked":["Well Laid Plans","Acrobatics"],"picked":"Endless Agony","floor":7},{"not_picked":["A Thousand Cuts","All Out Attack"],"picked":"Dagger Spray","floor":8},{"not_picked":["Caltrops","Blur"],"picked":"PiercingWail","floor":12},{"not_picked":["Deflect","Acrobatics"],"picked":"Night Terror","floor":13},{"not_picked":["Masterful Stab","Dodge and Roll"],"picked":"Noxious Fumes","floor":14},{"not_picked":["Unload","Night Terror"],"picked":"Malaise","floor":16},{"not_picked":["Backflip","Expertise"],"picked":"Footwork+1","floor":18},{"not_picked":["Deflect","Dagger Throw+1"],"picked":"Dodge and Roll","floor":20},{"not_picked":["Endless Agony","Underhanded Strike"],"picked":"Poisoned Stab","floor":21},{"not_picked":["Prepared","Bullet Time"],"picked":"Poisoned Stab","floor":22},{"not_picked":["Choke+1","Dodge and Roll"],"picked":"Dagger Spray+1","floor":23},{"not_picked":["Eviscerate+1","Acrobatics"],"picked":"Finisher","floor":27},{"not_picked":["Malaise","Infinite Blades"],"picked":"Skewer","floor":30},{"not_picked":["Dagger Throw+1","Acrobatics+1"],"picked":"Poisoned Stab+1","floor":31},{"not_picked":["Bullet Time","Night Terror"],"picked":"Envenom","floor":33},{"not_picked":["Prepared","Slice"],"picked":"Crippling Poison","floor":34},{"not_picked":["Dodge and Roll","Outmaneuver"],"picked":"Slice","floor":35},{"not_picked":["Sucker Punch+1","Dodge and Roll+1"],"picked":"Caltrops","floor":37},{"not_picked":["Prepared","Noxious Fumes"],"picked":"Skewer+1","floor":38},{"not_picked":["Caltrops","Slice"],"picked":"Deadly Poison+1","floor":42},{"not_picked":["Underhanded Strike+1","Dagger Throw+1"],"picked":"Backflip","floor":44},{"not_picked":["Acrobatics","Flying Knee+1"],"picked":"Terror+1","floor":46},{"not_picked":["Tactician+1","Acrobatics"],"picked":"Expertise+1","floor":47},{"not_picked":["Outmaneuver","Underhanded Strike+1"],"picked":"Glass Knife","floor":48}],"player_experience":1738,"relics_obtained":[{"floor":7,"key":"Old Coin"},{"floor":9,"key":"Mercury Hourglass"},{"floor":13,"key":"The Specimen"},{"floor":23,"key":"Ornamental Fan"},{"floor":26,"key":"Paper Crane"},{"floor":30,"key":"Bottled Flame"},{"floor":43,"key":"Happy Flower"},{"floor":46,"key":"FossilizedHelix"},{"floor":47,"key":"Incense Burner"}],"event_choices":[{"damage_healed":0,"gold_gain":0,"cards_transformed":["Defend_G"],"player_choice":"Transformed","damage_taken":0,"max_hp_gain":0,"max_hp_loss":0,"event_name":"Transmorgrifier","floor":2,"gold_loss":0,"cards_obtained":["Flechettes"]},{"cards_removed":["Survivor"],"damage_healed":0,"gold_gain":0,"player_choice":"Purged","damage_taken":0,"max_hp_gain":0,"max_hp_loss":0,"event_name":"Purifier","floor":10,"gold_loss":0},{"damage_healed":0,"gold_gain":0,"player_choice":"Joined the Cult","damage_taken":6,"max_hp_gain":0,"max_hp_loss":0,"event_name":"Nest","floor":25,"gold_loss":0,"cards_obtained":["RitualDagger"]},{"damage_healed":0,"gold_gain":0,"player_choice":"Bought 0 Potions","damage_taken":0,"max_hp_gain":0,"max_hp_loss":0,"event_name":"The Woman in Blue","floor":29,"gold_loss":0},{"damage_healed":72,"gold_gain":0,"player_choice":"Heal","damage_taken":0,"max_hp_gain":0,"max_hp_loss":10,"event_name":"The Moai Head","floor":45,"gold_loss":0},{"damage_healed":0,"gold_gain":0,"player_choice":"Fight","damage_taken":0,"max_hp_gain":0,"max_hp_loss":0,"event_name":"MindBloom","floor":46,"gold_loss":0},{"damage_healed":0,"gold_gain":0,"player_choice":"Fight","damage_taken":0,"max_hp_gain":0,"max_hp_loss":0,"event_name":"Mysterious Sphere","floor":47,"gold_loss":0}],"is_beta":false,"boss_relics":[{"not_picked":["Cursed Key","Empty Cage"],"picked":"Velvet Choker"},{"not_picked":["Ring of the Serpent","Fusion Hammer"],"picked":"Tiny House"}],"items_purged_floors":[],"is_endless":false,"potions_floor_spawned":[4,7,12,14,18,20,22,23,27,35,38,44,47],"killed_by":"Awakened One","ascension_level":0}