{"path_per_floor":["M","$","?","M","M","R","M","$","T","M","M","R","?","M","R","B",null,"M","$","M","?","M"],"character_chosen":"IRONCLAD","items_purchased":["Inflame"],"gold_per_floor":[114,39,39,52,68,68,81,41,68,88,98,98,98,118,118,221,221,236,136,152,152,170,170],"floor_reached":23,"campfire_rested":0,"playtime":721,"item_purchase_floors":[8],"current_hp_per_floor":[76,76,69,64,64,64,64,64,64,66,67,67,67,64,64,40,80,63,63,55,55,34,0],"items_purged":["Pain","Normality"],"gold":170,"score":210,"play_id":"c5f7efce-a202-4d50-80c6-2cb562cbda2f","local_time":"20180531133816","is_prod":false,"is_daily":false,"chose_seed":false,"is_ascension_mode":false,"campfire_upgraded":3,"win_rate":0,"timestamp":1527745096,"campfire_choices":[{"data":"Bash","floor":6,"key":"SMITH"},{"data":"Inflame","floor":12,"key":"SMITH"},{"data":"Strike_R","floor":15,"key":"SMITH"}],"path_taken":["M","$","?","?","M","R","M","?","T","M","M","R","?","M","R","BOSS","M","$","M","?","M","E"],"build_version":"2018-05-24","seed_source_timestamp":278280084624410,"purchased_purges":2,"victory":false,"master_deck":["Defend_R","Defend_R","Defend_R","Defend_R","Bash+1","Inflame+1","Purity","Bash","Offering","Rage+1","Bite","Bite","Bite","Bite","Bite","Warcry"],"max_hp_per_floor":[80,80,80,80,80,80,80,80,80,80,80,80,80,80,80,80,80,80,80,80,56,56,56],"relics":["Calling Bell","Lantern","Mercury Hourglass","Du-Vu Doll","Orichalcum","Mark of Pain"],"card_choices":[{"not_picked":["Clothesline","Flame Barrier","Armaments"],"picked":"SKIP","floor":1},{"not_picked":["Perfected Strike","Twin Strike","Shrug It Off"],"picked":"SKIP","floor":4},{"not_picked":["Armaments","Wild Strike","Immolate"],"picked":"SKIP","floor":5},{"not_picked":["Armaments","Wild Strike","Immolate"],"picked":"SKIP","floor":5},{"not_picked":["Power Through","Uppercut","Searing Blow"],"picked":"SKIP","floor":7},{"not_picked":["Wild Strike","Twin Strike","Pummel"],"picked":"SKIP","floor":10},{"not_picked":["Pummel","Wild Strike","Headbutt"],"picked":"SKIP","floor":11},{"not_picked":["Pummel","Wild Strike","Headbutt"],"picked":"SKIP","floor":11},{"not_picked":["Wild Strike","Thunderclap","Armaments"],"picked":"SKIP","floor":14},{"not_picked":["Double Tap","Demon Form"],"picked":"Offering","floor":16},{"not_picked":["Power Through","True Grit"],"picked":"Rage+1","floor":18},{"not_picked":["Heavy Blade","Anger","Infernal Blade+1"],"picked":"SKIP","floor":20},{"not_picked":["Corruption","Headbutt"],"picked":"Warcry","floor":22}],"player_experience":202825,"potions_floor_usage":[10,11,16,20,22,23],"damage_taken":[{"damage":4,"enemies":"Jaw Worm","floor":1,"turns":3},{"damage":5,"enemies":"2 Louse","floor":4,"turns":2},{"damage":0,"enemies":"Small Slimes","floor":5,"turns":2},{"damage":0,"enemies":"Exordium Wildlife","floor":7,"turns":3},{"damage":6,"enemies":"Gremlin Gang","floor":10,"turns":4},{"damage":7,"enemies":"Red Slaver","floor":11,"turns":2},{"damage":3,"enemies":"2 Fungi Beasts","floor":14,"turns":2},{"damage":24,"enemies":"Slime Boss","floor":16,"turns":9},{"damage":17,"enemies":"Shell Parasite","floor":18,"turns":3},{"damage":8,"enemies":"2 Thieves","floor":20,"turns":3},{"damage":36,"enemies":"Sentry and Sphere","floor":22,"turns":6},{"damage":46,"enemies":"Book of Stabbing","floor":23,"turns":5}],"relics_obtained":[{"floor":0,"key":"Lantern"},{"floor":0,"key":"Mercury Hourglass"},{"floor":0,"key":"Du-Vu Doll"},{"floor":9,"key":"Orichalcum"}],"event_choices":[{"event_name":"Golden Wing","player_choice":"Card Removal","floor":3,"damage_taken":0},{"event_name":"Match and Keep!","player_choice":"2 cards matched","floor":13,"damage_taken":0},{"event_name":"Vampires","player_choice":"Became a vampire","floor":21,"damage_taken":0}],"boss_relics":[{"not_picked":["Pandora\u0027s Box","Eternal Feather"],"picked":"Mark of Pain"}],"items_purged_floors":[2,19],"potions_floor_spawned":[5,7,10,14,16,18],"seed_played":"-8596694278553483032","killed_by":"Book of Stabbing","ascension_level":0,"potions_obtained":[{"floor":5,"key":"BloodPotion"},{"floor":7,"key":"EssenceOfSteel"},{"floor":10,"key":"BloodPotion"},{"floor":14,"key":"AttackPotion"},{"floor":16,"key":"PowerPotion"},{"floor":18,"key":"SkillPotion"}],"is_trial":false}