{"gold_per_floor":[117,117,132,132,149,183,183,199,199,227,302,302,302,331,331,331],"floor_reached":16,"playtime":488,"items_purged":[],"score":142,"play_id":"9fe15eaf-4980-4ed9-b94b-3b25fd2a0e96","local_time":"20180815170952","is_ascension_mode":true,"campfire_choices":[{"floor":7,"key":"REST"},{"floor":13,"key":"REST"},{"floor":15,"key":"REST"}],"neow_cost":"TEN_PERCENT_HP_LOSS","seed_source_timestamp":326869413681385,"circlet_count":0,"master_deck":["Strike_B","Strike_B","Strike_B","Strike_B","Defend_B","Defend_B","Defend_B","Defend_B","Zap","Dualcast","Conserve Battery","Self Repair","Regret","Melter","Amplify","Static Discharge"],"relics":["Cracked Core","Unceasing Top","Mummified Hand","Darkstone Periapt","Oddly Smooth Stone","Symbiotic Virus","Pear","Toxic Egg 2","Dream Catcher"],"potions_floor_usage":[10,10],"damage_taken":[{"damage":9,"enemies":"Jaw Worm","floor":1,"turns":3},{"damage":0,"enemies":"Cultist","floor":3,"turns":4},{"damage":4,"enemies":"2 Louse","floor":5,"turns":3},{"damage":43,"enemies":"3 Sentries","floor":6,"turns":8},{"damage":7,"enemies":"Looter","floor":8,"turns":3},{"damage":10,"enemies":"Gremlin Nob","floor":10,"turns":3},{"damage":31,"enemies":"Lagavulin","floor":14,"turns":7},{"damage":71,"enemies":"The Guardian","floor":16,"turns":8}],"seed_played":"-7767755018803173396","potions_obtained":[{"floor":3,"key":"Strength Potion"},{"floor":6,"key":"GamblersBrew"},{"floor":8,"key":"PowerPotion"}],"is_trial":false,"path_per_floor":["M","?","M","?","M","E","R","M","T","E","?","?","R","E","R"],"character_chosen":"DEFECT","items_purchased":[],"campfire_rested":3,"item_purchase_floors":[],"current_hp_per_floor":[59,47,47,53,56,20,42,42,42,49,38,38,63,39,64,0],"gold":331,"neow_bonus":"ONE_RARE_RELIC","is_prod":false,"is_daily":false,"chose_seed":false,"campfire_upgraded":0,"win_rate":0,"timestamp":1534345792,"path_taken":["M","?","?","?","?","E","R","M","T","E","?","?","R","E","R","BOSS"],"build_version":"2018-08-14","purchased_purges":0,"victory":false,"max_hp_per_floor":[68,68,68,74,74,74,74,74,74,84,84,84,84,84,84,84],"card_choices":[{"not_picked":["Beam Cell","Turbo"],"picked":"Conserve Battery","floor":1},{"not_picked":["Hologram","Rebound"],"picked":"Self Repair","floor":3},{"not_picked":["Cold Snap","Barrage"],"picked":"Melter","floor":5},{"not_picked":["Compile Driver","Hologram","Beam Cell"],"picked":"SKIP","floor":6},{"not_picked":["Doom and Gloom","Cold Snap"],"picked":"Amplify","floor":8},{"not_picked":["Hologram","FTL","Static Discharge"],"picked":"SKIP","floor":10},{"not_picked":["Rebound","Turbo+1","Skim+1"],"picked":"SKIP","floor":14},{"not_picked":["Go for the Eyes","Rip and Tear"],"picked":"Static Discharge","floor":15}],"player_experience":66634,"relics_obtained":[{"floor":6,"key":"Oddly Smooth Stone"},{"floor":9,"key":"Symbiotic Virus"},{"floor":10,"key":"Pear"},{"floor":14,"key":"Dream Catcher"}],"event_choices":[{"event_name":"Scrap Ooze","player_choice":"success","floor":2,"damage_taken":12},{"event_name":"Big Fish","player_choice":"Box","floor":4,"damage_taken":0},{"event_name":"World of Goop","player_choice":"Gather Gold","floor":11,"damage_taken":0},{"event_name":"Dead Adventurer","player_choice":"Searched \u00272\u0027 times","floor":12,"damage_taken":0}],"is_beta":true,"boss_relics":[],"items_purged_floors":[],"is_endless":false,"potions_floor_spawned":[3,6,8],"killed_by":"The Guardian","ascension_level":4}