{"path_per_floor":["M","?","$","M","?","E","M","R","T","M","M","M","?","$","R","B",null,"M","$","M","$","M","R","?","M","T","R","M","$","M","M","R","B",null,"M","?","?","M","?"],"character_chosen":"IRONCLAD","items_purchased":["Madness","Shrug It Off","Ghostly Armor","Warcry"],"gold_per_floor":[117,67,67,87,87,116,126,126,151,171,188,205,205,40,40,143,143,156,56,72,46,59,59,59,69,94,94,105,11,29,46,46,141,141,159,159,0,17,17,17],"floor_reached":40,"campfire_rested":1,"playtime":2622,"current_hp_per_floor":[80,80,80,80,85,79,73,73,73,76,68,71,54,54,54,8,85,85,85,68,68,69,69,69,55,55,55,32,32,19,12,37,44,85,79,68,68,75,75,0],"items_purged":["Strike_R","Strike_R"],"gold":17,"score":506,"play_id":"82ffab74-7d29-4656-bfb4-ef55389ebbb5","local_time":"20180510133403","is_prod":false,"is_daily":false,"chose_seed":false,"is_ascension_mode":true,"campfire_upgraded":4,"timestamp":1525930443,"path_taken":["M","?","$","M","?","E","M","R","T","M","M","M","?","$","R","BOSS","M","$","?","$","M","R","?","?","T","R","M","?","?","M","R","BOSS","M","?","?","?","?","E"],"build_version":"2018-05-03","seed_source_timestamp":2174496677765875,"purchased_purges":2,"victory":false,"master_deck":["Strike_R","Strike_R","Defend_R","Defend_R","Defend_R+1","Defend_R+1","Bash+1","Immolate+1","Burning Pact","Seeing Red","Sever Soul","Bloodletting+1","Headbutt","Warcry","Havoc+1","Madness+1","Barricade","Ghostly Armor","Body Slam+1","Shrug It Off","Dropkick","Armaments","Ghostly Armor","Warcry","Feel No Pain","True Grit","Feed","Shrug It Off","Madness","Sentinel"],"max_hp_per_floor":[80,80,80,80,85,85,85,85,85,85,85,85,85,85,85,85,85,85,85,85,85,85,85,85,85,85,85,85,85,85,85,85,85,85,85,85,85,85,85,85],"relics":["Black Blood","Bag of Preparation","War Paint","Anchor","Black Star","Red Mask"],"card_choices":[{"not_picked":["Shrug It Off","Feel No Pain"],"picked":"Burning Pact","floor":1},{"not_picked":["Body Slam","True Grit"],"picked":"Seeing Red","floor":4},{"not_picked":["Body Slam","Reckless Charge"],"picked":"Sever Soul","floor":6},{"not_picked":["Warcry","Wild Strike"],"picked":"Bloodletting","floor":7},{"not_picked":["Twin Strike","Whirlwind"],"picked":"Headbutt","floor":10},{"not_picked":["Reaper","Heavy Blade"],"picked":"Warcry","floor":11},{"not_picked":["Headbutt","Flex"],"picked":"Havoc","floor":12},{"not_picked":["Limit Break","Demon Form"],"picked":"Barricade","floor":16},{"not_picked":["Anger","Armaments"],"picked":"Ghostly Armor","floor":18},{"not_picked":["Anger","Iron Wave"],"picked":"Body Slam","floor":20},{"not_picked":["Intimidate","Clothesline"],"picked":"Dropkick","floor":25},{"not_picked":["Infernal Blade","Wild Strike"],"picked":"Armaments","floor":28},{"not_picked":["Intimidate","Seeing Red"],"picked":"Feel No Pain","floor":30},{"not_picked":["Shockwave","Perfected Strike"],"picked":"True Grit","floor":31},{"not_picked":["Limit Break","Dark Embrace"],"picked":"Feed","floor":33},{"not_picked":["Cleave","Iron Wave"],"picked":"Shrug It Off","floor":35},{"not_picked":["Wild Strike","Anger"],"picked":"Sentinel","floor":38}],"player_experience":145054,"potions_floor_usage":[6,16,22,31,33,35,35],"damage_taken":[{"damage":1,"enemies":"Cultist","floor":1,"turns":3},{"damage":2,"enemies":"2 Louse","floor":4,"turns":2},{"damage":12,"enemies":"Gremlin Nob","floor":6,"turns":4},{"damage":12,"enemies":"Jaw Worm","floor":7,"turns":3},{"damage":3,"enemies":"Blue Slaver","floor":10,"turns":2},{"damage":14,"enemies":"Looter","floor":11,"turns":2},{"damage":3,"enemies":"3 Louse","floor":12,"turns":2},{"damage":52,"enemies":"Slime Boss","floor":16,"turns":10},{"damage":1,"enemies":"Spheric Guardian","floor":18,"turns":3},{"damage":27,"enemies":"3 Byrds","floor":20,"turns":4},{"damage":9,"enemies":"Centurion and Healer","floor":22,"turns":4},{"damage":24,"enemies":"Snake Plant","floor":25,"turns":3},{"damage":33,"enemies":"Cultist and Chosen","floor":28,"turns":5},{"damage":23,"enemies":"3 Cultists","floor":30,"turns":5},{"damage":17,"enemies":"Snake Plant","floor":31,"turns":4},{"damage":3,"enemies":"Automaton","floor":33,"turns":13},{"damage":16,"enemies":"3 Darklings","floor":35,"turns":5},{"damage":3,"enemies":"3 Shapes","floor":38,"turns":4},{"damage":77,"enemies":"Nemesis","floor":40,"turns":12}],"event_choices":[{"event_name":"The Cleric","player_choice":"Card Removal","floor":2,"damage_taken":0},{"event_name":"Big Fish","player_choice":"Donut","floor":5,"damage_taken":0},{"event_name":"Shining Light","player_choice":"Entered Light","floor":13,"damage_taken":0},{"event_name":"Drug Dealer","player_choice":"Ignored","floor":24,"damage_taken":0},{"event_name":"Winding Halls","player_choice":"Embrace Madness","floor":36,"damage_taken":0},{"event_name":"Tomb of Lord Red Mask","player_choice":"Paid","floor":37,"damage_taken":0}],"boss_relics":[{"not_picked":["Lizard Tail","Cursed Key"],"picked":"Black Blood"},{"not_picked":["White Beast Statue","Runic Pyramid"],"picked":"Black Star"}],"potions_floor_spawned":[1,4,11,16,22,30,31],"seed_played":"-1518721345832371157","killed_by":"Nemesis","ascension_level":3,"is_trial":false}