{"gold_per_floor":[109,109,124,134,59,59,88,88,88,119,119,171,171],"floor_reached":13,"playtime":221,"items_purged":["Regret"],"score":182,"play_id":"5c599ef1-c4dd-43a4-b919-6fa06937c70d","local_time":"20190504073240","is_ascension_mode":true,"campfire_choices":[{"data":"1","floor":6,"key":"LIFT"},{"data":"2","floor":11,"key":"LIFT"}],"neow_cost":"NONE","seed_source_timestamp":928290140388947,"circlet_count":0,"master_deck":["AscendersBane","Strike_R","Strike_R","Strike_R","Strike_R","Strike_R","Defend_R","Defend_R","Defend_R","Defend_R","Bash","Cleave","Heavy Blade","Headbutt","Whirlwind","Combust"],"relics":["Burning Blood","NeowsBlessing","Girya","Sundial","Gremlin Horn","Strawberry"],"potions_floor_usage":[7,10],"damage_taken":[{"damage":3,"enemies":"Small Slimes","floor":1,"turns":2},{"damage":0,"enemies":"2 Louse","floor":3,"turns":1},{"damage":0,"enemies":"Jaw Worm","floor":4,"turns":1},{"damage":30,"enemies":"3 Sentries","floor":7,"turns":5},{"damage":22,"enemies":"Gremlin Nob","floor":10,"turns":4},{"damage":48,"enemies":"Lagavulin","floor":13,"turns":7}],"seed_played":"-4182545330655709498","potions_obtained":[{"floor":3,"key":"Fire Potion"},{"floor":4,"key":"Ancient Potion"}],"is_trial":false,"path_per_floor":["M","?","M","M","$","R","E","?","T","E","R","?","E"],"character_chosen":"IRONCLAD","items_purchased":[],"campfire_rested":0,"item_purchase_floors":[],"current_hp_per_floor":[71,71,75,75,75,75,51,51,51,42,42,42,0],"gold":171,"neow_bonus":"THREE_ENEMY_KILL","is_prod":false,"is_daily":false,"chose_seed":false,"campfire_upgraded":0,"win_rate":0,"timestamp":1556969560,"path_taken":["M","?","M","M","$","R","E","?","T","E","R","?","E"],"build_version":"2019-01-23","purchased_purges":1,"victory":false,"max_hp_per_floor":[75,75,75,75,75,75,75,75,75,82,82,82,82],"card_choices":[{"not_picked":["Clash","Shockwave"],"picked":"Cleave","floor":1},{"not_picked":["Pommel Strike","Hemokinesis"],"picked":"Heavy Blade","floor":3},{"not_picked":["Wild Strike","Iron Wave"],"picked":"Headbutt","floor":4},{"not_picked":["Brutality","Cleave"],"picked":"Whirlwind","floor":7},{"not_picked":["Rage","Shrug It Off"],"picked":"Combust","floor":10}],"player_experience":946048,"relics_obtained":[{"floor":7,"key":"Sundial"},{"floor":9,"key":"Gremlin Horn"},{"floor":10,"key":"Strawberry"}],"event_choices":[{"damage_healed":0,"gold_gain":0,"player_choice":"Box","damage_taken":0,"relics_obtained":["Girya"],"max_hp_gain":0,"max_hp_loss":0,"event_name":"Big Fish","floor":2,"gold_loss":0,"cards_obtained":["Regret"]},{"damage_healed":0,"gold_gain":0,"player_choice":"Searched \u00270\u0027 times","damage_taken":0,"max_hp_gain":0,"max_hp_loss":0,"event_name":"Dead Adventurer","floor":8,"gold_loss":0},{"damage_healed":0,"gold_gain":52,"player_choice":"Gained Gold","damage_taken":0,"max_hp_gain":0,"max_hp_loss":0,"event_name":"Golden Wing","floor":12,"gold_loss":0}],"is_beta":false,"boss_relics":[],"items_purged_floors":[5],"is_endless":false,"potions_floor_spawned":[3,4],"killed_by":"Lagavulin","ascension_level":20}