{"gold_per_floor":[114,17,92,92,107,107,137,152,152,2,2,17,17,32,32,132,132,147,147,162,162,87,87,117,132,132,93,108,138,138,168,168,168],"floor_reached":33,"playtime":1167,"items_purged":[],"score":328,"play_id":"0921b759-ee93-4ff0-8446-d1d0840e94ef","local_time":"20180730142605","daily_mods":["Diverse","Lethality","Terminal"],"is_ascension_mode":false,"campfire_choices":[{"data":"Cloak And Dagger","floor":6,"key":"SMITH"},{"data":"Blade Dance","floor":11,"key":"SMITH"},{"data":"Bash","floor":13,"key":"SMITH"},{"data":"Dropkick","floor":15,"key":"SMITH"},{"data":"Conserve Battery","floor":23,"key":"SMITH"},{"floor":30,"key":"REST"},{"data":"Bite","floor":32,"key":"SMITH"}],"neow_cost":"","seed_source_timestamp":0,"circlet_count":0,"master_deck":["Defend_R","Defend_R","Defend_R+1","Defend_R","Bash+1","Cloak And Dagger+1","Dramatic Entrance","Blade Dance+1","Shockwave+1","Dropkick+1","Amplify","Conserve Battery+1","Bite+1","Bite","Bite","Bite","Sweeping Beam","Spot Weakness","Dagger Spray","Dash+1"],"special_seed":17742,"relics":["Burning Blood","Singing Bowl","Self Forming Clay","Letter Opener","War Paint","Runic Cube","Omamori","The Courier","Mercury Hourglass","Gambling Chip"],"potions_floor_usage":[24,24,24,25,31,33],"damage_taken":[{"damage":0,"enemies":"Cultist","floor":1,"turns":2},{"damage":4,"enemies":"Jaw Worm","floor":5,"turns":2},{"damage":22,"enemies":"Lagavulin","floor":7,"turns":4},{"damage":0,"enemies":"2 Louse","floor":8,"turns":1},{"damage":0,"enemies":"Blue Slaver","floor":12,"turns":2},{"damage":0,"enemies":"2 Fungi Beasts","floor":14,"turns":2},{"damage":30,"enemies":"The Guardian","floor":16,"turns":6},{"damage":14,"enemies":"3 Byrds","floor":18,"turns":4},{"damage":2,"enemies":"2 Thieves","floor":20,"turns":4},{"damage":34,"enemies":"Gremlin Leader","floor":24,"turns":5},{"damage":7,"enemies":"Cultist and Chosen","floor":25,"turns":5},{"damage":19,"enemies":"Snake Plant","floor":28,"turns":3},{"damage":7,"enemies":"Book of Stabbing","floor":29,"turns":4},{"damage":26,"enemies":"Slavers","floor":31,"turns":4},{"damage":60,"enemies":"Automaton","floor":33,"turns":6}],"seed_played":"3676121671515635212","potions_obtained":[{"floor":5,"key":"Energy Potion"},{"floor":7,"key":"SpeedPotion"},{"floor":18,"key":"LiquidBronze"},{"floor":21,"key":"SteroidPotion"},{"floor":24,"key":"Weak Potion"},{"floor":29,"key":"Energy Potion"},{"floor":31,"key":"Ancient Potion"}],"is_trial":false,"path_per_floor":["M","$","?","?","M","R","E","M","T","$","R","M","R","M","R","B",null,"M","?","M","?","?","R","E","M","T","$","M","E","R","E","R"],"character_chosen":"IRONCLAD","items_purchased":["Dramatic Entrance","War Paint","Dagger Spray"],"campfire_rested":1,"item_purchase_floors":[2,10,27],"current_hp_per_floor":[78,77,66,63,67,67,51,57,57,57,57,65,65,69,68,44,66,58,44,45,44,43,42,18,23,23,23,20,25,36,24,24,0],"gold":168,"neow_bonus":"","is_prod":false,"is_daily":true,"chose_seed":false,"campfire_upgraded":6,"win_rate":0,"timestamp":1532975165,"path_taken":["M","$","?","?","M","R","E","M","T","?","R","M","R","M","R","BOSS","M","?","M","?","?","R","E","M","T","$","M","E","R","E","R","BOSS"],"build_version":"2018-07-26","purchased_purges":0,"victory":false,"max_hp_per_floor":[78,77,76,75,76,75,74,73,72,71,70,71,70,69,68,67,66,65,44,45,44,43,42,41,40,39,38,39,38,37,38,37,37],"card_choices":[{"not_picked":["True Grit","Havoc"],"picked":"Cloak And Dagger","floor":1},{"not_picked":["Sword Boomerang","Bane","Power Through"],"picked":"Singing Bowl","floor":5},{"not_picked":["Outmaneuver","Havoc"],"picked":"Blade Dance","floor":7},{"not_picked":["Prepared","Cold Snap"],"picked":"Shockwave","floor":8},{"not_picked":["Stack","Redo","Burning Pact"],"picked":"Singing Bowl","floor":12},{"not_picked":["Gash","Reinforced Body"],"picked":"Dropkick","floor":14},{"not_picked":["Creative AI","Thunder Strike"],"picked":"Amplify","floor":16},{"not_picked":["Wild Strike","Clash+1"],"picked":"Conserve Battery","floor":18},{"not_picked":["Compile Driver","Cold Snap","Dodge and Roll"],"picked":"Singing Bowl","floor":20},{"not_picked":["Beam Cell","Venomology"],"picked":"Sweeping Beam","floor":24},{"not_picked":["Pommel Strike+1","Rampage"],"picked":"Spot Weakness","floor":25},{"not_picked":["Prepared","Backflip+1","BootSequence"],"picked":"Singing Bowl","floor":28},{"not_picked":["White Noise","Rip and Tear"],"picked":"Dash+1","floor":29},{"not_picked":["Combust","Malaise","Perfected Strike"],"picked":"Singing Bowl","floor":31}],"player_experience":164381,"relics_obtained":[{"floor":7,"key":"Self Forming Clay"},{"floor":9,"key":"Letter Opener"},{"floor":24,"key":"Omamori"},{"floor":26,"key":"The Courier"},{"floor":29,"key":"Mercury Hourglass"},{"floor":31,"key":"Gambling Chip"}],"event_choices":[{"event_name":"World of Goop","player_choice":"Gather Gold","floor":3,"damage_taken":0},{"event_name":"Scrap Ooze","player_choice":"success","floor":4,"damage_taken":3},{"event_name":"Vampires","player_choice":"Became a vampire","floor":19,"damage_taken":0},{"event_name":"The Lab","player_choice":"Got Potions","floor":21,"damage_taken":0},{"event_name":"Beggar","player_choice":"Gave Gold","floor":22,"damage_taken":0}],"is_beta":true,"boss_relics":[{"not_picked":["Orrery","Velvet Choker"],"picked":"Runic Cube"}],"items_purged_floors":[],"is_endless":false,"potions_floor_spawned":[5,7,18,24,29,31],"killed_by":"Automaton","ascension_level":0}