{"gold_per_floor":[114,114,131,149,168,200,212,230,230,243,271,271,62,76,76,76],"floor_reached":16,"playtime":966,"items_purged":[],"score":116,"play_id":"c014c0d0-aa80-475b-8cec-8cad2d940737","local_time":"20190416184310","is_ascension_mode":false,"campfire_choices":[{"data":"Barricade","floor":12,"key":"SMITH"},{"data":"Corruption","floor":15,"key":"SMITH"}],"neow_cost":"NONE","seed_source_timestamp":504603736212041,"circlet_count":0,"master_deck":["Strike_R","Strike_R","Strike_R","Strike_R","Strike_R","Defend_R","Defend_R","Defend_R","Defend_R","Bash","Trip","Heavy Blade","Pain","Body Slam","Battle Trance","Headbutt","Corruption+1","Twin Strike","Infernal Blade","Barricade+1","Shrug It Off","Shrug It Off"],"relics":["Burning Blood","WarpedTongs","Art of War","Oddly Smooth Stone","Medical Kit"],"potions_floor_usage":[5],"damage_taken":[{"damage":2,"enemies":"2 Louse","floor":1,"turns":3},{"damage":4,"enemies":"Cultist","floor":3,"turns":3},{"damage":4,"enemies":"Small Slimes","floor":4,"turns":3},{"damage":18,"enemies":"2 Fungi Beasts","floor":5,"turns":3},{"damage":33,"enemies":"Lagavulin","floor":6,"turns":7},{"damage":6,"enemies":"3 Louse","floor":7,"turns":4},{"damage":15,"enemies":"Blue Slaver","floor":8,"turns":3},{"damage":1,"enemies":"Large Slime","floor":10,"turns":3},{"damage":11,"enemies":"Gremlin Nob","floor":11,"turns":3},{"damage":2,"enemies":"3 Louse","floor":14,"turns":2},{"damage":36,"enemies":"Slime Boss","floor":16,"turns":7}],"seed_played":"2060763493855179094","potions_obtained":[{"floor":1,"key":"Ancient Potion"},{"floor":4,"key":"Poison Potion"},{"floor":6,"key":"Strength Potion"},{"floor":11,"key":"SteroidPotion"}],"is_trial":false,"path_per_floor":["M","?","M","M","M","E","M","M","T","M","E","R","$","M","R","B"],"character_chosen":"IRONCLAD","items_purchased":["Medical Kit"],"campfire_rested":0,"item_purchase_floors":[13],"current_hp_per_floor":[80,80,80,80,68,41,41,32,32,37,32,32,32,36,36,0],"gold":76,"neow_bonus":"RANDOM_COLORLESS","is_prod":false,"is_daily":false,"chose_seed":false,"campfire_upgraded":2,"win_rate":0,"timestamp":1555458190,"path_taken":["M","?","?","?","M","E","?","?","T","M","E","R","$","M","R","BOSS"],"build_version":"2019-01-23","purchased_purges":0,"victory":false,"max_hp_per_floor":[80,80,80,80,80,80,80,80,80,80,80,80,80,80,80,80],"card_choices":[{"not_picked":["Wild Strike","Searing Blow"],"picked":"Heavy Blade","floor":1},{"not_picked":["Bloodletting","Uppercut"],"picked":"Body Slam","floor":3},{"not_picked":["Feel No Pain","Wild Strike"],"picked":"Battle Trance","floor":4},{"not_picked":["Cleave","Corruption"],"picked":"Headbutt","floor":5},{"not_picked":["Clash","Intimidate"],"picked":"Corruption","floor":6},{"not_picked":["Carnage","Anger"],"picked":"Twin Strike","floor":7},{"not_picked":["Pommel Strike","Battle Trance"],"picked":"Infernal Blade","floor":8},{"not_picked":["Clash","True Grit"],"picked":"Barricade","floor":10},{"not_picked":["Body Slam","Juggernaut"],"picked":"Shrug It Off","floor":11},{"not_picked":["Infernal Blade","Flex"],"picked":"Shrug It Off","floor":14}],"player_experience":204865,"relics_obtained":[{"floor":6,"key":"Art of War"},{"floor":11,"key":"Oddly Smooth Stone"}],"event_choices":[{"damage_healed":0,"gold_gain":0,"player_choice":"Rummage","damage_taken":0,"relics_obtained":["WarpedTongs"],"max_hp_gain":0,"max_hp_loss":0,"event_name":"Accursed Blacksmith","floor":2,"gold_loss":0,"cards_obtained":["Pain"]}],"is_beta":false,"boss_relics":[],"items_purged_floors":[],"is_endless":false,"potions_floor_spawned":[1,4,6,11,14],"killed_by":"Slime Boss","ascension_level":0}