{"gold_per_floor":[114,127,58,58,89,101,143,155,193,205,251,276,288,310,322,334],"floor_reached":16,"playtime":511,"items_purged":[],"score":110,"play_id":"2153418d-8fec-45d4-afe0-b4aa5a81737d","local_time":"20190321212909","is_ascension_mode":false,"campfire_choices":[{"floor":6,"key":"RECALL"},{"floor":8,"key":"REST"},{"floor":13,"key":"REST"},{"data":"Armaments","floor":15,"key":"SMITH"}],"neow_cost":"NONE","seed_source_timestamp":172016167483100,"circlet_count":0,"master_deck":["Strike_R","Strike_R","Strike_R","Strike_R","Strike_R","Defend_R","Defend_R","Defend_R","Defend_R","Bash","Body Slam","Armaments","Entrench","Armaments+1","Bludgeon","Body Slam"],"relics":["Burning Blood","NeowsBlessing","MawBank","Dream Catcher","Ancient Tea Set"],"potions_floor_usage":[],"damage_taken":[{"damage":0,"enemies":"Cultist","floor":1,"turns":1},{"damage":0,"enemies":"Small Slimes","floor":2,"turns":1},{"damage":0,"enemies":"2 Louse","floor":5,"turns":1},{"damage":61,"enemies":"Lagavulin","floor":7,"turns":9},{"damage":36,"enemies":"3 Sentries","floor":11,"turns":10},{"damage":13,"enemies":"Red Slaver","floor":12,"turns":5},{"damage":0,"enemies":"Looter","floor":14,"turns":2},{"damage":45,"enemies":"The Guardian","floor":16,"turns":14}],"seed_played":"-6196610474163054783","potions_obtained":[{"floor":2,"key":"SmokeBomb"},{"floor":7,"key":"Ancient Potion"}],"is_trial":false,"path_per_floor":["M","M","$","?","M","R","E","R","T","?","E","M","R","M","R","B"],"character_chosen":"IRONCLAD","items_purchased":["Entrench"],"campfire_rested":2,"item_purchase_floors":[3],"current_hp_per_floor":[80,80,80,73,79,79,24,48,48,48,18,11,35,41,41,0],"gold":334,"neow_bonus":"THREE_ENEMY_KILL","is_prod":false,"is_daily":false,"chose_seed":false,"campfire_upgraded":1,"win_rate":0,"timestamp":1553174949,"path_taken":["M","M","$","?","M","R","E","R","T","?","E","M","R","M","R","BOSS"],"build_version":"2019-01-23","purchased_purges":0,"victory":false,"max_hp_per_floor":[80,80,80,80,80,80,80,80,80,80,80,80,80,80,80,80],"card_choices":[{"not_picked":["Clash","Uppercut"],"picked":"Body Slam","floor":1},{"not_picked":["Combust","Havoc"],"picked":"Armaments","floor":2},{"not_picked":["Flex","Pommel Strike","Warcry"],"picked":"SKIP","floor":5},{"not_picked":["Intimidate","Wild Strike","Anger"],"picked":"SKIP","floor":7},{"not_picked":["Exhume","Reckless Charge"],"picked":"Armaments","floor":8},{"not_picked":["Inflame","Corruption"],"picked":"Body Slam","floor":11},{"not_picked":["Rupture","Pummel","Wild Strike"],"picked":"SKIP","floor":12},{"not_picked":["Clash","Rupture","Heavy Blade"],"picked":"SKIP","floor":14}],"player_experience":410888,"relics_obtained":[{"floor":7,"key":"Dream Catcher"},{"floor":11,"key":"Ancient Tea Set"}],"event_choices":[{"damage_healed":0,"gold_gain":0,"player_choice":"Success","damage_taken":7,"relics_obtained":["MawBank"],"max_hp_gain":0,"max_hp_loss":0,"event_name":"Scrap Ooze","floor":4,"gold_loss":0},{"damage_healed":0,"gold_gain":0,"player_choice":"1 cards matched","damage_taken":0,"max_hp_gain":0,"max_hp_loss":0,"event_name":"Match and Keep!","floor":10,"gold_loss":0,"cards_obtained":["Bludgeon"]}],"is_beta":false,"boss_relics":[],"items_purged_floors":[],"is_endless":false,"potions_floor_spawned":[2,7],"killed_by":"The Guardian","ascension_level":0}