{"gold_per_floor":[109,109,109,120,120,120,134,134,157,183,183,183,215,227,227,323,323,335,40,53,70,20,20,48,58,84,84],"floor_reached":27,"playtime":1914,"items_purged":["Regret"],"score":349,"play_id":"b47887c0-47f6-4d94-a082-098d3ca46032","local_time":"20190124232953","is_ascension_mode":true,"campfire_choices":[{"data":"Shrug It Off","floor":6,"key":"SMITH"},{"data":"Iron Wave","floor":8,"key":"SMITH"},{"floor":12,"key":"REST"},{"floor":15,"key":"REST"},{"floor":23,"key":"REST"}],"neow_cost":"NONE","seed_source_timestamp":29707079747822,"circlet_count":0,"master_deck":["Strike_R","Strike_R","Strike_R","Strike_R","Strike_R","Defend_R","Defend_R","Defend_R","Defend_R","Bash","Iron Wave+1","Shrug It Off+1","Entrench+1","Cleave","Warcry","True Grit","Berserk","Twin Strike","Body Slam","Flex","Iron Wave","Shrug It Off"],"relics":["Burning Blood","Anchor","Oddly Smooth Stone","Smiling Mask","Bag of Preparation","Vajra","Bronze Scales","Letter Opener","Runic Cube","StoneCalendar","Shovel","Orichalcum"],"potions_floor_usage":[10,10,25,27],"damage_taken":[{"damage":1,"enemies":"Jaw Worm","floor":1,"turns":4},{"damage":0,"enemies":"Small Slimes","floor":4,"turns":3},{"damage":7,"enemies":"Cultist","floor":7,"turns":4},{"damage":43,"enemies":"Gremlin Nob","floor":10,"turns":5},{"damage":19,"enemies":"3 Sentries","floor":13,"turns":7},{"damage":6,"enemies":"2 Fungi Beasts","floor":14,"turns":3},{"damage":61,"enemies":"The Guardian","floor":16,"turns":17},{"damage":16,"enemies":"Shell Parasite","floor":18,"turns":7},{"damage":23,"enemies":"2 Thieves","floor":20,"turns":4},{"damage":28,"enemies":"Shelled Parasite and Fungi","floor":21,"turns":7},{"damage":30,"enemies":"Gremlin Leader","floor":24,"turns":7},{"damage":10,"enemies":"Centurion and Healer","floor":25,"turns":6},{"damage":18,"enemies":"Chosen and Byrds","floor":27,"turns":6}],"seed_played":"-3243108949184723782","potions_obtained":[{"floor":4,"key":"FearPotion"},{"floor":7,"key":"SpeedPotion"},{"floor":16,"key":"Explosive Potion"},{"floor":20,"key":"Ancient Potion"},{"floor":24,"key":"Swift Potion"}],"is_trial":false,"path_per_floor":["M","?","T","M","?","R","M","R","T","E","?","R","E","M","R","B",null,"M","$","M","M","$","R","E","M","T","M"],"character_chosen":"IRONCLAD","items_purchased":["StoneCalendar"],"campfire_rested":3,"item_purchase_floors":[19],"current_hp_per_floor":[77,70,70,76,76,76,75,75,75,38,38,62,49,49,73,18,65,55,55,38,16,16,40,16,12,12,0],"gold":84,"neow_bonus":"RANDOM_COMMON_RELIC","is_prod":false,"is_daily":false,"chose_seed":false,"campfire_upgraded":2,"win_rate":0,"timestamp":1548368993,"path_taken":["M","?","?","M","?","R","M","R","T","E","?","R","E","?","R","BOSS","M","$","M","M","$","R","E","M","T","M"],"build_version":"2019-01-23","purchased_purges":1,"victory":false,"max_hp_per_floor":[80,80,80,80,80,80,80,80,80,80,80,80,80,80,80,80,80,80,80,80,80,80,80,80,80,80,80],"card_choices":[{"not_picked":["True Grit","Uppercut"],"picked":"Iron Wave","floor":1},{"not_picked":["Heavy Blade","Clash"],"picked":"Shrug It Off","floor":4},{"not_picked":["Heavy Blade","Havoc"],"picked":"Entrench","floor":7},{"not_picked":["Infernal Blade","Burning Pact"],"picked":"Cleave","floor":10},{"not_picked":["Rampage","Flex"],"picked":"Warcry","floor":13},{"not_picked":["Sword Boomerang","Wild Strike"],"picked":"True Grit","floor":14},{"not_picked":["Exhume","Juggernaut"],"picked":"Berserk","floor":16},{"not_picked":["Burning Pact","Pummel+1"],"picked":"Twin Strike","floor":18},{"not_picked":["Feel No Pain","Heavy Blade"],"picked":"Body Slam","floor":20},{"not_picked":["Combust+1","Twin Strike"],"picked":"Flex","floor":21},{"not_picked":["Warcry","Cleave"],"picked":"Iron Wave","floor":24},{"not_picked":["Warcry","Cleave"],"picked":"Shrug It Off","floor":25}],"player_experience":368576,"relics_obtained":[{"floor":3,"key":"Smiling Mask"},{"floor":9,"key":"Vajra"},{"floor":10,"key":"Bronze Scales"},{"floor":13,"key":"Letter Opener"},{"floor":24,"key":"Shovel"},{"floor":26,"key":"Orichalcum"}],"event_choices":[{"damage_healed":0,"gold_gain":0,"player_choice":"Success","damage_taken":7,"relics_obtained":["Oddly Smooth Stone"],"max_hp_gain":0,"max_hp_loss":0,"event_name":"Scrap Ooze","floor":2,"gold_loss":0},{"damage_healed":0,"gold_gain":0,"player_choice":"Box","damage_taken":0,"relics_obtained":["Bag of Preparation"],"max_hp_gain":0,"max_hp_loss":0,"event_name":"Big Fish","floor":5,"gold_loss":0,"cards_obtained":["Regret"]},{"damage_healed":0,"gold_gain":0,"player_choice":"Upgraded","damage_taken":0,"max_hp_gain":0,"max_hp_loss":0,"event_name":"Upgrade Shrine","floor":11,"gold_loss":0,"cards_upgraded":["Entrench"]}],"is_beta":false,"boss_relics":[{"not_picked":["Cursed Key","Astrolabe"],"picked":"Runic Cube"}],"items_purged_floors":[22],"is_endless":false,"potions_floor_spawned":[4,7,16,20,24],"killed_by":"Chosen and Byrds","ascension_level":9}