{"gold_per_floor":[110,110,127,2,2,2,77,94,94,114,131,131,145,163,163,260,260,275,295,220,237,247,247,247],"floor_reached":24,"playtime":2298,"items_purged":[],"score":442,"play_id":"8c9208f6-a55e-4e7c-a79a-d8333a61a167","local_time":"20181231213908","daily_mods":["Draft","Hoarder","Terminal"],"is_ascension_mode":false,"campfire_choices":[{"data":"Melter","floor":6,"key":"SMITH"},{"floor":15,"key":"REST"},{"floor":23,"key":"REST"}],"neow_cost":"","seed_source_timestamp":0,"circlet_count":0,"master_deck":["Demon Form+1","Echo Form","Melter","Melter+1","Melter+1","Redo","Redo","Redo","Redo","Redo","Redo","Sweeping Beam","Sweeping Beam","Sweeping Beam","Genetic Algorithm","Genetic Algorithm","Genetic Algorithm","Leap","Leap","Leap","Coolheaded","Coolheaded","Coolheaded","Coolheaded","Coolheaded","Stack","Stack","Stack","Hologram","Hologram","Hologram","Darkness+1","Darkness","Darkness","Leap","Leap","Leap","Fusion","Fusion","Fusion","Redo","Redo","Redo","Consume","Consume","Consume","Sunder","Sunder","Sunder","Steam","Steam","Steam","Lockon","Lockon","Lockon","Static Discharge","Static Discharge","Static Discharge","Ball Lightning","Ball Lightning","Ball Lightning","White Noise","White Noise","White Noise","Beam Cell","Beam Cell","Beam Cell","Streamline","Streamline","Streamline","Conserve Battery","Conserve Battery","Conserve Battery","Rainbow","Rainbow","Rainbow","Multi-Cast","Multi-Cast","Multi-Cast","Sweeping Beam+1","Sweeping Beam+1","Sweeping Beam+1","Amplify","Amplify","Amplify","Blizzard","Blizzard","Blizzard","Chill","Chill","Chill"],"relics":["Snecko Eye","Unceasing Top","Sundial","Velvet Choker"],"potions_floor_usage":[],"damage_taken":[{"damage":0,"enemies":"Small Slimes","floor":1,"turns":4},{"damage":0,"enemies":"Cultist","floor":3,"turns":6},{"damage":0,"enemies":"Jaw Worm","floor":8,"turns":1},{"damage":7,"enemies":"Blue Slaver","floor":10,"turns":3},{"damage":3,"enemies":"Red Slaver","floor":11,"turns":3},{"damage":1,"enemies":"2 Fungi Beasts","floor":13,"turns":3},{"damage":1,"enemies":"Exordium Wildlife","floor":14,"turns":5},{"damage":6,"enemies":"The Guardian","floor":16,"turns":8},{"damage":0,"enemies":"2 Thieves","floor":18,"turns":4},{"damage":3,"enemies":"3 Byrds","floor":19,"turns":3},{"damage":0,"enemies":"Snake Plant","floor":21,"turns":3},{"damage":27,"enemies":"Shelled Parasite and Fungi","floor":22,"turns":4},{"damage":46,"enemies":"Slavers","floor":24,"turns":5}],"seed_played":"-7690820303851939434","potions_obtained":[{"floor":3,"key":"SmokeBomb"},{"floor":14,"key":"FocusPotion"},{"floor":19,"key":"Swift Potion"},{"floor":22,"key":"SkillPotion"}],"is_trial":true,"path_per_floor":["M","?","M","$","?","R","?","M","T","M","M","?","M","M","R","B",null,"M","M","?","M","M","R","E"],"character_chosen":"DEFECT","items_purchased":["Static Discharge","Ball Lightning"],"campfire_rested":2,"item_purchase_floors":[4,4],"current_hp_per_floor":[73,72,71,70,56,56,45,45,45,38,35,35,34,33,51,45,57,56,53,53,53,26,41,0],"gold":247,"neow_bonus":"","is_prod":false,"is_daily":false,"chose_seed":false,"campfire_upgraded":1,"win_rate":0,"timestamp":1546321148,"path_taken":["M","?","M","?","?","R","?","M","T","?","M","?","M","M","R","BOSS","M","M","?","?","M","R","E"],"build_version":"2018-12-20","purchased_purges":0,"victory":false,"max_hp_per_floor":[73,72,71,70,69,68,67,66,65,64,63,62,61,60,59,58,57,56,55,54,53,52,51,51],"card_choices":[{"not_picked":["Beam Cell","Turbo"],"picked":"Melter","floor":0},{"not_picked":["Leap","Ball Lightning"],"picked":"Redo","floor":0},{"not_picked":["Cold Snap","Coolheaded"],"picked":"Redo","floor":0},{"not_picked":["Barrage","Steam Power"],"picked":"Sweeping Beam","floor":0},{"not_picked":["Redo","Go for the Eyes"],"picked":"Genetic Algorithm","floor":0},{"not_picked":["Ball Lightning","Turbo"],"picked":"Leap","floor":0},{"not_picked":["Fusion","Steam"],"picked":"Coolheaded","floor":0},{"not_picked":["Compile Driver","Barrage"],"picked":"Coolheaded","floor":0},{"not_picked":["Conserve Battery","Coolheaded"],"picked":"Stack","floor":0},{"not_picked":["Skim","Barrage"],"picked":"Hologram","floor":0},{"not_picked":["Compile Driver","Sunder"],"picked":"Darkness","floor":0},{"not_picked":["Beam Cell","Coolheaded"],"picked":"Leap","floor":0},{"not_picked":["Static Discharge","Conserve Battery"],"picked":"Fusion","floor":0},{"not_picked":["Ball Lightning","Force Field"],"picked":"Redo","floor":0},{"not_picked":["Rebound","Compile Driver"],"picked":"Consume","floor":0},{"not_picked":["BootSequence","Leap"],"picked":"Sunder","floor":1},{"not_picked":["Barrage","Beam Cell"],"picked":"Lockon","floor":3},{"not_picked":["Coolheaded","Consume"],"picked":"White Noise","floor":8},{"not_picked":["Rebound","Hologram"],"picked":"Beam Cell","floor":10},{"not_picked":["Scrape","Hello World"],"picked":"Streamline","floor":11},{"not_picked":["Stack","Cold Snap"],"picked":"Conserve Battery","floor":13},{"not_picked":["Turbo","Sweeping Beam"],"picked":"Rainbow","floor":14},{"not_picked":["Seek","Machine Learning"],"picked":"Multi-Cast","floor":16},{"not_picked":["Hologram+1","Consume"],"picked":"Sweeping Beam+1","floor":18},{"not_picked":["Cold Snap","Go for the Eyes"],"picked":"Amplify","floor":19},{"not_picked":["Cold Snap+1","Leap"],"picked":"Blizzard","floor":21},{"not_picked":["Rip and Tear","Go for the Eyes"],"picked":"Chill","floor":22}],"player_experience":198609,"relics_obtained":[{"floor":9,"key":"Sundial"}],"event_choices":[{"damage_healed":0,"gold_gain":0,"cards_transformed":["Coolheaded"],"player_choice":"Change","damage_taken":0,"max_hp_gain":0,"max_hp_loss":0,"event_name":"Living Wall","floor":2,"gold_loss":0,"cards_obtained":["Steam"]},{"damage_healed":0,"gold_gain":0,"player_choice":"Entered Light","damage_taken":14,"max_hp_gain":0,"max_hp_loss":0,"event_name":"Shining Light","floor":5,"gold_loss":0,"cards_upgraded":["Darkness","Demon Form"]},{"damage_healed":0,"gold_gain":75,"player_choice":"Gather Gold","damage_taken":11,"max_hp_gain":0,"max_hp_loss":0,"event_name":"World of Goop","floor":7,"gold_loss":0},{"damage_healed":0,"gold_gain":0,"player_choice":"Forge","damage_taken":0,"max_hp_gain":0,"max_hp_loss":0,"event_name":"Accursed Blacksmith","floor":12,"gold_loss":0,"cards_upgraded":["Melter"]},{"cards_removed":["Wraith Form v2"],"damage_healed":0,"gold_gain":0,"player_choice":"Gave Gold","damage_taken":0,"max_hp_gain":0,"max_hp_loss":0,"event_name":"Beggar","floor":20,"gold_loss":75}],"is_beta":false,"boss_relics":[{"not_picked":["Nuclear Battery","Empty Cage"],"picked":"Velvet Choker"}],"items_purged_floors":[],"is_endless":true,"potions_floor_spawned":[3,14,19,22],"killed_by":"Slavers","ascension_level":0}