{"gold_per_floor":[160,160,160,160,180,180,193,211,211,286,327,47,63,83,83,204,204,219,119,119,39,53,53,92,92,92,126,126,149,248,248],"floor_reached":31,"playtime":1204,"items_purged":["Defend_B","Defend_B"],"score":298,"play_id":"f98ab795-1421-4bff-9f33-e08323017a00","local_time":"20190321214924","is_ascension_mode":false,"campfire_choices":[{"floor":6,"key":"RECALL"},{"data":"Defragment","floor":15,"key":"SMITH"},{"data":"Zap","floor":23,"key":"SMITH"},{"data":"Coolheaded","floor":25,"key":"SMITH"},{"data":"Dualcast","floor":28,"key":"SMITH"}],"neow_cost":"NONE","seed_source_timestamp":172536584079400,"circlet_count":0,"master_deck":["Strike_B","Strike_B","Strike_B+1","Zap+1","Dualcast+1","Coolheaded+1","Leap","Core Surge","Glacier","Glacier","Defragment+1","Streamline","Machine Learning","Echo Form","Ball Lightning+1","Ball Lightning","Heatsinks","Aggregate"],"relics":["Tiny House","Emotion Chip","Golden Idol","Darkstone Periapt","Lee\u0027s Waffle","Empty Cage","Mango","Bird Faced Urn","FossilizedHelix"],"potions_floor_usage":[1,1,8,11,11,16,24,24,29],"damage_taken":[{"damage":2,"enemies":"Cultist","floor":1,"turns":4},{"damage":0,"enemies":"Small Slimes","floor":5,"turns":3},{"damage":0,"enemies":"Jaw Worm","floor":7,"turns":3},{"damage":1,"enemies":"3 Louse","floor":8,"turns":3},{"damage":17,"enemies":"Lagavulin","floor":11,"turns":9},{"damage":1,"enemies":"Exordium Thugs","floor":13,"turns":5},{"damage":0,"enemies":"Large Slime","floor":14,"turns":8},{"damage":50,"enemies":"Hexaghost","floor":16,"turns":12},{"damage":0,"enemies":"Shell Parasite","floor":18,"turns":9},{"damage":6,"enemies":"Spheric Guardian","floor":22,"turns":5},{"damage":16,"enemies":"Book of Stabbing","floor":24,"turns":7},{"damage":62,"enemies":"Slavers","floor":27,"turns":6},{"damage":23,"enemies":"Snake Plant","floor":29,"turns":3},{"damage":12,"enemies":"Shelled Parasite and Fungi","floor":31,"turns":2}],"seed_played":"-1858067942860358549","potions_obtained":[{"floor":0,"key":"EntropicBrew"},{"floor":5,"key":"Weak Potion"},{"floor":7,"key":"Poison Potion"},{"floor":13,"key":"Energy Potion"},{"floor":14,"key":"LiquidBronze"},{"floor":18,"key":"SkillPotion"},{"floor":27,"key":"FearPotion"}],"is_trial":false,"path_per_floor":["M","?","?","?","M","R","M","M","T","?","E","$","M","M","R","B",null,"M","$","?","$","M","R","E","R","T","E","R","M","?","M"],"character_chosen":"DEFECT","items_purchased":["Lee\u0027s Waffle","Echo Form"],"campfire_rested":0,"item_purchase_floors":[12,21],"current_hp_per_floor":[78,71,64,44,44,44,44,43,43,32,15,87,86,86,86,36,87,87,87,87,87,81,81,79,79,79,25,25,6,6,0],"gold":248,"neow_bonus":"BOSS_RELIC","is_prod":false,"is_daily":false,"chose_seed":false,"campfire_upgraded":4,"win_rate":0,"timestamp":1553176164,"path_taken":["M","?","?","?","M","R","M","M","T","?","E","$","M","M","R","BOSS","M","$","?","?","M","R","E","R","T","E","R","M","?","M"],"build_version":"2019-01-23","purchased_purges":2,"victory":false,"max_hp_per_floor":[80,80,80,80,80,80,80,80,80,80,80,87,87,87,87,87,87,87,87,87,87,87,87,101,101,101,101,101,101,101,101],"card_choices":[{"not_picked":["Turbo","Barrage"],"picked":"Coolheaded","floor":0},{"not_picked":["Lockon","Redo"],"picked":"Leap","floor":1},{"not_picked":["Stack","Hologram"],"picked":"Core Surge","floor":5},{"not_picked":["Turbo","Storm","Steam Power"],"picked":"SKIP","floor":7},{"not_picked":["Heatsinks","Beam Cell"],"picked":"Glacier","floor":8},{"not_picked":["Leap","Stack"],"picked":"Glacier","floor":11},{"not_picked":["Sweeping Beam","Melter"],"picked":"Defragment","floor":13},{"not_picked":["Storm","Hologram"],"picked":"Streamline","floor":14},{"not_picked":["Core Surge","Thunder Strike"],"picked":"Machine Learning","floor":16},{"not_picked":["Leap","Go for the Eyes+1","Steam"],"picked":"SKIP","floor":18},{"not_picked":["Sunder+1","Streamline"],"picked":"Ball Lightning+1","floor":22},{"not_picked":["Lockon+1","Stack"],"picked":"Ball Lightning","floor":24},{"not_picked":["Reprogram","Conserve Battery+1"],"picked":"Heatsinks","floor":27},{"not_picked":["Leap","Ball Lightning"],"picked":"Aggregate","floor":29}],"player_experience":411399,"relics_obtained":[{"floor":11,"key":"Darkstone Periapt"},{"floor":24,"key":"Mango"},{"floor":26,"key":"Bird Faced Urn"},{"floor":27,"key":"FossilizedHelix"}],"event_choices":[{"damage_healed":0,"gold_gain":0,"player_choice":"Success","damage_taken":7,"relics_obtained":["Emotion Chip"],"max_hp_gain":0,"max_hp_loss":0,"event_name":"Scrap Ooze","floor":2,"gold_loss":0},{"cards_removed":["Defend_B"],"damage_healed":0,"gold_gain":0,"player_choice":"Card Removal","damage_taken":7,"max_hp_gain":0,"max_hp_loss":0,"event_name":"Golden Wing","floor":3,"gold_loss":0},{"damage_healed":0,"gold_gain":0,"player_choice":"Take Damage","damage_taken":20,"relics_obtained":["Golden Idol"],"max_hp_gain":0,"max_hp_loss":0,"event_name":"Golden Idol","floor":4,"gold_loss":0},{"damage_healed":0,"gold_gain":75,"player_choice":"Gather Gold","damage_taken":11,"max_hp_gain":0,"max_hp_loss":0,"event_name":"World of Goop","floor":10,"gold_loss":0},{"damage_healed":0,"gold_gain":0,"player_choice":"Full Heal","damage_taken":0,"max_hp_gain":0,"max_hp_loss":0,"event_name":"Wheel of Change","floor":20,"gold_loss":0},{"damage_healed":0,"gold_gain":99,"player_choice":"Stole From Cult","damage_taken":0,"max_hp_gain":0,"max_hp_loss":0,"event_name":"Nest","floor":30,"gold_loss":0}],"is_beta":false,"boss_relics":[{"not_picked":["Coffee Dripper","Eternal Feather"],"picked":"Empty Cage"}],"items_purged_floors":[12,19],"is_endless":false,"potions_floor_spawned":[5,7,13,14,18,27],"killed_by":"Shelled Parasite and Fungi","ascension_level":0}