{"gold_per_floor":[112,187,187,198,211,211,228,228,228,253,61,61,100,25,25,25],"floor_reached":16,"playtime":410,"items_purged":["Injury"],"score":124,"play_id":"694f003d-fc70-4e76-80b5-d9084e09c929","local_time":"20180712173920","is_ascension_mode":true,"campfire_choices":[{"data":"Fusion","floor":6,"key":"SMITH"},{"data":"Dualcast","floor":8,"key":"SMITH"},{"floor":15,"key":"REST"}],"neow_cost":"","seed_source_timestamp":42358128373397,"circlet_count":0,"master_deck":["Strike_B+1","Strike_B","Strike_B","Strike_B","Defend_B","Defend_B","Defend_B","Defend_B+1","Zap","Dualcast+1","Darkness","Auto Shields","Fusion+1","Self Repair"],"relics":["Cracked Core","Sundial","Girya","Sling","Golden Idol","Potion Belt"],"potions_floor_usage":[10],"damage_taken":[{"damage":2,"enemies":"Jaw Worm","floor":1,"turns":3},{"damage":0,"enemies":"Cultist","floor":4,"turns":3},{"damage":2,"enemies":"2 Louse","floor":5,"turns":4},{"damage":1,"enemies":"2 Fungi Beasts","floor":7,"turns":4},{"damage":11,"enemies":"Lagavulin","floor":10,"turns":5},{"damage":23,"enemies":"3 Sentries","floor":13,"turns":7},{"damage":41,"enemies":"Slime Boss","floor":16,"turns":9}],"seed_played":"3839188618397848834","potions_obtained":[{"floor":1,"key":"SkillPotion"},{"floor":10,"key":"SteroidPotion"}],"is_trial":false,"path_per_floor":["M","?","?","M","M","R","M","R","T","E","$","?","E","$","R"],"character_chosen":"DEFECT","items_purchased":["Sling"],"campfire_rested":1,"item_purchase_floors":[11],"current_hp_per_floor":[73,62,47,47,45,45,44,44,44,33,33,33,10,10,32,0],"gold":25,"neow_bonus":"","is_prod":false,"is_daily":false,"chose_seed":false,"campfire_upgraded":2,"win_rate":0,"timestamp":1531409960,"path_taken":["M","?","?","M","?","R","M","R","T","E","?","?","E","$","R","BOSS"],"build_version":"2018-07-11","purchased_purges":1,"victory":false,"max_hp_per_floor":[75,75,75,75,75,75,75,75,75,75,75,75,75,75,75,75],"card_choices":[{"not_picked":["Beam Cell","Leap"],"picked":"Darkness","floor":1},{"not_picked":["Conserve Battery","Streamline"],"picked":"Auto Shields","floor":4},{"not_picked":["Gash","Compile Driver"],"picked":"Fusion","floor":5},{"not_picked":["Ball Lightning","Fusion","Steam"],"picked":"SKIP","floor":7},{"not_picked":["Redo","Steam Power","Leap"],"picked":"SKIP","floor":10},{"not_picked":["Stack","Redo"],"picked":"Self Repair","floor":13}],"player_experience":52688,"relics_obtained":[{"floor":9,"key":"Sundial"},{"floor":10,"key":"Girya"},{"floor":13,"key":"Potion Belt"}],"event_choices":[{"event_name":"World of Goop","player_choice":"Gather Gold","floor":2,"damage_taken":0},{"event_name":"Shining Light","player_choice":"Entered Light","floor":3,"damage_taken":0},{"event_name":"Golden Idol","player_choice":"Take Wound","floor":12,"damage_taken":0}],"boss_relics":[],"items_purged_floors":[14],"is_endless":false,"potions_floor_spawned":[1,10],"killed_by":"Slime Boss","ascension_level":3}