{"gold_per_floor":[119,119,136,148,168,168,199,199,199,199,217,217,233,251,251,347,347,361,460,460,471,87,87,97,97,177,207,207,207,45,58,58,155,155,173,173,1,1,1,1,13,13,13,31,41,41],"floor_reached":46,"playtime":2099,"items_purged":["Regret"],"score":465,"play_id":"d26104a9-9f8b-4b9b-81fb-d78e26a6cf1f","local_time":"20190227074856","is_ascension_mode":false,"campfire_choices":[{"data":"Defragment","floor":6,"key":"SMITH"},{"data":"Melter","floor":10,"key":"SMITH"},{"data":"Consume","floor":15,"key":"SMITH"},{"data":"Defragment","floor":23,"key":"SMITH"},{"floor":25,"key":"REST"},{"data":"White Noise","floor":29,"key":"SMITH"},{"data":"Capacitor","floor":32,"key":"SMITH"},{"data":"Seek","floor":40,"key":"SMITH"},{"data":"Machine Learning","floor":42,"key":"SMITH"}],"neow_cost":"NONE","seed_source_timestamp":911526205862264,"circlet_count":0,"master_deck":["Strike_B","Strike_B+1","Strike_B","Strike_B+1","Defend_B","Defend_B+1","Defend_B","Zap+1","Dualcast+1","Melter+1","Defragment+1","Ball Lightning","Undo","Sweeping Beam","Auto Shields","Consume+1","Beam Cell","Amplify","Rebound","Defragment+1","Capacitor+1","Leap","Stack+1","Machine Learning+1","White Noise+1","Leap","Self Repair","Stack","Seek+1","Conserve Battery","Ball Lightning+1","Clumsy","Redo+1","Clumsy","Loop+1","White Noise"],"relics":["Cracked Core","War Paint","Cables","Regal Pillow","Cursed Key","Emotion Chip","Molten Egg 2","Vajra","Nuclear Battery","Whetstone","Pear","Incense Burner"],"potions_floor_usage":[7,7,7,11,14,16,16,41,44],"damage_taken":[{"damage":0,"enemies":"Small Slimes","floor":1,"turns":2},{"damage":8,"enemies":"Jaw Worm","floor":3,"turns":2},{"damage":3,"enemies":"Cultist","floor":4,"turns":3},{"damage":9,"enemies":"Blue Slaver","floor":5,"turns":3},{"damage":8,"enemies":"3 Sentries","floor":7,"turns":5},{"damage":1,"enemies":"Red Slaver","floor":11,"turns":2},{"damage":22,"enemies":"Exordium Wildlife","floor":13,"turns":3},{"damage":0,"enemies":"Looter","floor":14,"turns":3},{"damage":4,"enemies":"The Guardian","floor":16,"turns":8},{"damage":20,"enemies":"2 Thieves","floor":18,"turns":3},{"damage":0,"enemies":"Chosen","floor":21,"turns":3},{"damage":16,"enemies":"Snake Plant","floor":24,"turns":3},{"damage":30,"enemies":"Gremlin Leader","floor":27,"turns":5},{"damage":8,"enemies":"Centurion and Healer","floor":31,"turns":5},{"damage":37,"enemies":"Automaton","floor":33,"turns":7},{"damage":9,"enemies":"3 Shapes","floor":35,"turns":3},{"damage":15,"enemies":"3 Darklings","floor":41,"turns":4},{"damage":37,"enemies":"4 Shapes","floor":44,"turns":4},{"damage":16,"enemies":"Maw","floor":45,"turns":5},{"damage":17,"enemies":"Jaw Worm Horde","floor":46,"turns":2}],"seed_played":"5767103445980880060","potions_obtained":[{"floor":3,"key":"EntropicBrew"},{"floor":7,"key":"SkillPotion"},{"floor":8,"key":"Block Potion"},{"floor":11,"key":"SkillPotion"},{"floor":21,"key":"SteroidPotion"},{"floor":27,"key":"Dexterity Potion"},{"floor":35,"key":"Block Potion"},{"floor":41,"key":"FearPotion"}],"is_trial":false,"path_per_floor":["M","?","M","M","M","R","E","?","T","R","M","?","M","M","R","B",null,"M","?","?","M","$","R","M","R","T","E","?","R","$","M","R","B",null,"M","?","$","?","T","R","M","R","T","M","M","M"],"character_chosen":"DEFECT","items_purchased":["Capacitor","Emotion Chip","Leap","Leap","Self Repair","Whetstone","Ball Lightning+1"],"campfire_rested":1,"item_purchase_floors":[22,22,22,30,30,37,37],"current_hp_per_floor":[75,75,67,64,55,55,47,47,47,47,46,46,24,24,24,20,75,55,55,55,55,55,55,39,75,75,45,45,45,45,44,44,14,75,66,66,66,66,76,76,61,61,61,24,15,0],"gold":41,"neow_bonus":"UPGRADE_CARD","is_prod":false,"is_daily":false,"chose_seed":false,"campfire_upgraded":8,"win_rate":0.0,"timestamp":1551275336,"path_taken":["M","?","M","M","M","R","E","?","T","R","?","?","M","?","R","BOSS","M","?","?","M","$","R","M","R","T","E","?","R","$","M","R","BOSS","M","?","$","?","?","R","M","R","T","M","?","M"],"build_version":"2019-01-23","purchased_purges":1,"victory":false,"max_hp_per_floor":[75,75,75,75,75,75,75,75,75,75,75,75,75,75,75,75,75,75,75,75,75,75,75,75,75,75,75,75,75,75,75,75,75,75,75,71,71,71,81,81,81,81,81,81,81,81],"card_choices":[{"not_picked":["Conserve Battery","Go for the Eyes"],"picked":"Melter","floor":1},{"not_picked":["Doom and Gloom","Coolheaded"],"picked":"Defragment","floor":3},{"not_picked":["Gash","Streamline"],"picked":"Ball Lightning","floor":4},{"not_picked":["Hello World","Force Field"],"picked":"Undo","floor":5},{"not_picked":["Glacier","Rebound"],"picked":"Sweeping Beam","floor":7},{"not_picked":["Coolheaded","BootSequence"],"picked":"Auto Shields","floor":11},{"not_picked":["Ball Lightning","Go for the Eyes"],"picked":"Consume","floor":13},{"not_picked":["Darkness","Fusion"],"picked":"Beam Cell","floor":14},{"not_picked":["All For One","Fission"],"picked":"Amplify","floor":16},{"not_picked":["Double Energy+1","Go for the Eyes"],"picked":"Rebound","floor":18},{"not_picked":["Go for the Eyes+1","Compile Driver"],"picked":"Defragment","floor":21},{"not_picked":["Barrage+1","Compile Driver+1"],"picked":"Stack+1","floor":24},{"not_picked":["Tempest+1","Streamline+1"],"picked":"Machine Learning","floor":27},{"not_picked":["Sweeping Beam+1","Streamline+1"],"picked":"Stack","floor":31},{"not_picked":["Meteor Strike+1","Multi-Cast"],"picked":"Seek","floor":33},{"not_picked":["Go for the Eyes+1","Gash+1"],"picked":"Conserve Battery","floor":35},{"not_picked":["Auto Shields+1","Chill+1"],"picked":"Redo+1","floor":41},{"not_picked":["Scrape+1","Darkness"],"picked":"Loop+1","floor":44},{"not_picked":["Reinforced Body","Turbo+1"],"picked":"White Noise","floor":45}],"player_experience":93902,"relics_obtained":[{"floor":7,"key":"Cables"},{"floor":9,"key":"Regal Pillow"},{"floor":26,"key":"Molten Egg 2"},{"floor":27,"key":"Vajra"},{"floor":39,"key":"Pear"},{"floor":43,"key":"Incense Burner"}],"event_choices":[{"damage_healed":0,"gold_gain":0,"player_choice":"Box","damage_taken":0,"relics_obtained":["War Paint"],"max_hp_gain":0,"max_hp_loss":0,"event_name":"Big Fish","floor":2,"gold_loss":0,"cards_obtained":["Regret"]},{"damage_healed":0,"gold_gain":0,"player_choice":"Got Potions","damage_taken":0,"max_hp_gain":0,"max_hp_loss":0,"event_name":"Lab","floor":8,"gold_loss":0},{"cards_removed":["Regret"],"damage_healed":0,"gold_gain":0,"player_choice":"Removed Curses","damage_taken":0,"max_hp_gain":0,"max_hp_loss":0,"event_name":"Fountain of Cleansing","floor":12,"gold_loss":0},{"damage_healed":0,"gold_gain":99,"player_choice":"Stole From Cult","damage_taken":0,"max_hp_gain":0,"max_hp_loss":0,"event_name":"Nest","floor":19,"gold_loss":0},{"damage_healed":0,"gold_gain":0,"player_choice":"Ignored","damage_taken":0,"max_hp_gain":0,"max_hp_loss":0,"event_name":"Beggar","floor":20,"gold_loss":0},{"damage_healed":0,"gold_gain":0,"player_choice":"Read","damage_taken":0,"max_hp_gain":0,"max_hp_loss":0,"event_name":"The Library","floor":28,"gold_loss":0,"cards_obtained":["White Noise"]},{"damage_healed":0,"gold_gain":0,"player_choice":"Max HP","damage_taken":0,"max_hp_gain":0,"max_hp_loss":4,"event_name":"Winding Halls","floor":36,"gold_loss":0},{"cards_removed":["Defend_B"],"damage_healed":0,"gold_gain":0,"player_choice":"Removed Skill","damage_taken":0,"max_hp_gain":0,"max_hp_loss":0,"event_name":"Falling","floor":38,"gold_loss":0}],"is_beta":false,"boss_relics":[{"not_picked":["FrozenCore","Empty Cage"],"picked":"Cursed Key"},{"not_picked":["Orrery","Eternal Feather"],"picked":"Nuclear Battery"}],"items_purged_floors":[30],"is_endless":false,"potions_floor_spawned":[3,7,11,13,21,27,35,41],"killed_by":"Jaw Worm Horde","ascension_level":0}