{"gold_per_floor":[109,129,304,135,154,154,179,197,197,197,223,242,242,262,262,363,363,376,376,396,408,426,451,451,462,512,542,542,120,137,172,172,272,272,286,286,386,404,415,430,430,445,445,445,473,39,52,70,70,70],"floor_reached":51,"playtime":5909,"items_purged":["Strike_G","Strike_G"],"score":1218,"play_id":"86b466bd-8c22-4560-960f-a1bc17e3557e","local_time":"20190406221028","is_ascension_mode":true,"campfire_choices":[{"data":"Caltrops","floor":6,"key":"SMITH"},{"data":"Blur","floor":10,"key":"SMITH"},{"floor":13,"key":"REST"},{"floor":15,"key":"REST"},{"data":"Noxious Fumes","floor":24,"key":"SMITH"},{"data":"Footwork","floor":28,"key":"SMITH"},{"floor":32,"key":"REST"},{"floor":41,"key":"REST"},{"floor":44,"key":"REST"},{"data":"Neutralize","floor":49,"key":"SMITH"}],"neow_cost":"NONE","seed_source_timestamp":1926669202406000,"circlet_count":0,"master_deck":["Defend_G","Defend_G","Defend_G","Defend_G","Defend_G","Survivor","Neutralize+1","Cloak And Dagger","Deflect","Caltrops+1","Cloak And Dagger","Blur+1","Caltrops","Deflect","Dodge and Roll","Footwork+1","Malaise+1","Footwork+1","Heel Hook+1","Deflect+1","Footwork+1","Cloak And Dagger","Dodge and Roll+1","Noxious Fumes+1","Caltrops+1","Quick Slash","Noxious Fumes","Footwork","Noxious Fumes+1","Sadistic Nature","Dodge and Roll+1","Backflip+1","Masterful Stab+1","Distraction+1","Dodge and Roll+1"],"relics":["Ring of the Snake","Omamori","The Courier","FossilizedHelix","Pocketwatch","Astrolabe","Snake Skull","Strawberry","Thread and Needle","Girya","Molten Egg 2","Lizard Tail","Letter Opener","Anchor","Bronze Scales","Unceasing Top"],"potions_floor_usage":[5,7,16,21,33,39],"damage_taken":[{"damage":0,"enemies":"Small Slimes","floor":1,"turns":3},{"damage":1,"enemies":"Jaw Worm","floor":2,"turns":6},{"damage":2,"enemies":"Cultist","floor":5,"turns":4},{"damage":12,"enemies":"3 Sentries","floor":7,"turns":10},{"damage":5,"enemies":"Lots of Slimes","floor":8,"turns":5},{"damage":38,"enemies":"Gremlin Nob","floor":11,"turns":6},{"damage":6,"enemies":"Gremlin Gang","floor":12,"turns":3},{"damage":0,"enemies":"Blue Slaver","floor":14,"turns":4},{"damage":13,"enemies":"Slime Boss","floor":16,"turns":16},{"damage":0,"enemies":"3 Byrds","floor":18,"turns":3},{"damage":5,"enemies":"Spheric Guardian","floor":20,"turns":9},{"damage":0,"enemies":"Cultist and Chosen","floor":21,"turns":10},{"damage":0,"enemies":"Centurion and Healer","floor":22,"turns":26},{"damage":18,"enemies":"Gremlin Leader","floor":23,"turns":15},{"damage":0,"enemies":"Snake Plant","floor":25,"turns":5},{"damage":0,"enemies":"Book of Stabbing","floor":27,"turns":8},{"damage":0,"enemies":"Cultist and Chosen","floor":30,"turns":7},{"damage":0,"enemies":"Slavers","floor":31,"turns":6},{"damage":24,"enemies":"Champ","floor":33,"turns":15},{"damage":0,"enemies":"3 Shapes","floor":35,"turns":8},{"damage":0,"enemies":"Orb Walker","floor":38,"turns":6},{"damage":59,"enemies":"Sphere and 2 Shapes","floor":39,"turns":6},{"damage":0,"enemies":"Maw","floor":40,"turns":9},{"damage":0,"enemies":"3 Darklings","floor":42,"turns":7},{"damage":0,"enemies":"Nemesis","floor":45,"turns":11},{"damage":0,"enemies":"4 Shapes","floor":47,"turns":5},{"damage":0,"enemies":"Sphere and 2 Shapes","floor":48,"turns":6},{"damage":0,"enemies":"Awakened One","floor":50,"turns":18}],"seed_played":"-2364572117655094668","potions_obtained":[{"floor":2,"key":"Swift Potion"},{"floor":5,"key":"Energy Potion"},{"floor":7,"key":"PowerPotion"},{"floor":8,"key":"Strength Potion"},{"floor":12,"key":"Block Potion"},{"floor":21,"key":"Ancient Potion"},{"floor":22,"key":"FairyPotion"},{"floor":27,"key":"SpeedPotion"},{"floor":31,"key":"Fruit Juice"},{"floor":39,"key":"SpeedPotion"},{"floor":42,"key":"Weak Potion"}],"is_trial":false,"path_per_floor":["M","M","?","$","M","R","E","M","T","R","E","M","R","M","R","B",null,"M","?","M","M","M","E","R","M","T","E","R","$","M","E","R","B",null,"M","?","?","M","M","M","R","M","T","R","E","$","M","M","R","B",null],"character_chosen":"THE_SILENT","items_purchased":["Caltrops","Fruit Juice","Quick Slash","Girya","Noxious Fumes","Footwork","Bronze Scales","Unceasing Top"],"campfire_rested":5,"item_purchase_floors":[4,4,29,29,29,29,46,46],"current_hp_per_floor":[63,62,62,62,65,65,53,48,48,48,10,4,26,26,48,35,65,65,65,60,60,60,42,42,42,49,49,49,49,49,49,73,54,79,79,79,79,79,20,20,46,46,46,72,72,72,72,72,72,72],"gold":70,"neow_bonus":"RANDOM_COMMON_RELIC","is_prod":false,"is_daily":false,"chose_seed":false,"campfire_upgraded":5,"win_rate":0,"timestamp":1554603028,"path_taken":["M","M","?","$","M","R","E","M","T","R","E","M","R","M","R","BOSS","M","?","M","M","?","E","R","M","T","E","R","?","?","E","R","BOSS","M","?","?","M","?","M","R","M","T","R","E","$","M","M","R","BOSS"],"build_version":"2019-01-23","purchased_purges":2,"victory":true,"max_hp_per_floor":[70,70,70,70,75,75,75,75,75,75,75,75,75,75,75,75,75,75,75,75,75,75,75,75,75,82,82,82,82,82,82,82,87,87,87,87,87,87,87,87,87,87,87,87,87,87,87,87,87,87],"card_choices":[{"not_picked":["Dash","Deflect"],"picked":"Cloak And Dagger","floor":1},{"not_picked":["Prepared","Acrobatics"],"picked":"Deflect","floor":2},{"not_picked":["Deadly Poison","Acrobatics"],"picked":"Cloak And Dagger","floor":5},{"not_picked":["Blade Dance","Outmaneuver"],"picked":"Blur","floor":7},{"not_picked":["Flying Knee","Prepared"],"picked":"Caltrops","floor":8},{"not_picked":["Deadly Poison","Bouncing Flask"],"picked":"Deflect","floor":11},{"not_picked":["Distraction","Poisoned Stab"],"picked":"Dodge and Roll","floor":12},{"not_picked":["Caltrops","Slice"],"picked":"Footwork","floor":14},{"not_picked":["Quick Slash+1","Backflip"],"picked":"Deflect+1","floor":18},{"not_picked":["Bane+1","Prepared"],"picked":"Cloak And Dagger","floor":20},{"not_picked":["Bane+1","Riddle With Holes+1"],"picked":"Dodge and Roll+1","floor":21},{"not_picked":["PiercingWail","Choke+1","Acrobatics+1"],"picked":"SKIP","floor":22},{"not_picked":["Quick Slash","Prepared"],"picked":"Noxious Fumes","floor":23},{"not_picked":["Catalyst+1","Wraith Form v2","Deflect"],"picked":"SKIP","floor":25},{"not_picked":["Heel Hook","Footwork"],"picked":"Caltrops+1","floor":27},{"not_picked":["All Out Attack","Blade Dance+1","Bane+1"],"picked":"SKIP","floor":30},{"not_picked":["Calculated Gamble","Backstab","Underhanded Strike"],"picked":"SKIP","floor":31},{"not_picked":["Infinite Blades+1","PiercingWail"],"picked":"Noxious Fumes+1","floor":35},{"not_picked":["Trip","Jack Of All Trades"],"picked":"Sadistic Nature","floor":36},{"not_picked":["Dagger Spray+1","Caltrops"],"picked":"Dodge and Roll+1","floor":38},{"not_picked":["Deflect","Bane+1"],"picked":"Backflip+1","floor":39},{"not_picked":["Glass Knife+1","Poisoned Stab+1","Underhanded Strike+1"],"picked":"SKIP","floor":40},{"not_picked":["Blade Dance","Leg Sweep"],"picked":"Masterful Stab+1","floor":42},{"not_picked":["Footwork+1","Bouncing Flask+1"],"picked":"Distraction+1","floor":45},{"not_picked":["Quick Slash+1","Leg Sweep+1"],"picked":"Dodge and Roll+1","floor":47},{"not_picked":["Dagger Throw+1","Acrobatics","Bullet Time"],"picked":"SKIP","floor":48}],"player_experience":285725,"relics_obtained":[{"floor":7,"key":"The Courier"},{"floor":9,"key":"FossilizedHelix"},{"floor":11,"key":"Pocketwatch"},{"floor":23,"key":"Snake Skull"},{"floor":26,"key":"Strawberry"},{"floor":27,"key":"Thread and Needle"},{"floor":31,"key":"Molten Egg 2"},{"floor":43,"key":"Letter Opener"},{"floor":45,"key":"Anchor"}],"event_choices":[{"damage_healed":0,"gold_gain":175,"player_choice":"AGREE","damage_taken":0,"max_hp_gain":0,"max_hp_loss":0,"event_name":"Liars Game","floor":3,"gold_loss":0,"cards_obtained":["Doubt"]},{"damage_healed":0,"gold_gain":0,"player_choice":"Copied","damage_taken":0,"max_hp_gain":0,"max_hp_loss":0,"event_name":"Duplicator","floor":19,"gold_loss":0,"cards_obtained":["Footwork"]},{"damage_healed":0,"gold_gain":0,"player_choice":"Memory 1","damage_taken":0,"max_hp_gain":0,"max_hp_loss":0,"event_name":"SensoryStone","floor":36,"gold_loss":0},{"damage_healed":0,"gold_gain":100,"player_choice":"Pray","damage_taken":0,"max_hp_gain":0,"max_hp_loss":0,"event_name":"Golden Shrine","floor":37,"gold_loss":0}],"is_beta":false,"boss_relics":[{"not_picked":["Calling Bell","Coffee Dripper"],"picked":"Astrolabe"},{"not_picked":["Velvet Choker","White Beast Statue"],"picked":"Lizard Tail"}],"items_purged_floors":[29,46],"is_endless":false,"potions_floor_spawned":[2,5,7,8,12,21,22,27,31,39,42,45,48],"ascension_level":7}