{"gold_per_floor":[113,41,51,226,239,239,250,283,307,307,332,332,357,367,367,367],"floor_reached":16,"playtime":578,"items_purged":[],"score":132,"play_id":"db2d9106-0346-4247-aade-53362427dcf8","local_time":"20180828113701","is_ascension_mode":true,"campfire_choices":[{"data":"Creative AI","floor":6,"key":"SMITH"},{"floor":10,"key":"REST"},{"floor":12,"key":"REST"},{"floor":15,"key":"REST"}],"neow_cost":"NONE","seed_source_timestamp":620252757517627,"circlet_count":0,"master_deck":["Strike_B","Strike_B","Strike_B","Strike_B","Defend_B","Defend_B","Defend_B","Defend_B","Zap","Dualcast","Sunder","Streamline","Defragment","Beam Cell","Rebound","Darkness","FTL","Consume","Doubt","Creative AI+1","Turbo","Hologram","Glacier"],"relics":["Orrery","Orichalcum","Happy Flower","Odd Mushroom","Pen Nib"],"potions_floor_usage":[11],"damage_taken":[{"damage":0,"enemies":"2 Louse","floor":1,"turns":2},{"damage":7,"enemies":"Jaw Worm","floor":3,"turns":2},{"damage":1,"enemies":"Cultist","floor":5,"turns":3},{"damage":17,"enemies":"Looter","floor":7,"turns":3},{"damage":30,"enemies":"3 Sentries","floor":8,"turns":7},{"damage":13,"enemies":"The Mushroom Lair","floor":11,"turns":5},{"damage":28,"enemies":"Lagavulin","floor":13,"turns":6},{"damage":9,"enemies":"3 Louse","floor":14,"turns":3},{"damage":38,"enemies":"Hexaghost","floor":16,"turns":7}],"seed_played":"-4574734558134025784","potions_obtained":[{"floor":1,"key":"Weak Potion"},{"floor":3,"key":"Poison Potion"},{"floor":13,"key":"Poison Potion"}],"is_trial":false,"path_per_floor":["M","$","M","?","M","R","M","E","T","R","?","R","E","M","R"],"character_chosen":"DEFECT","items_purchased":["FTL"],"campfire_rested":3,"item_purchase_floors":[2],"current_hp_per_floor":[75,75,68,68,67,67,50,20,20,42,29,51,23,14,36,0],"gold":367,"neow_bonus":"BOSS_RELIC","is_prod":false,"is_daily":false,"chose_seed":false,"campfire_upgraded":1,"win_rate":0,"timestamp":1535470621,"path_taken":["M","$","M","?","?","R","M","E","T","R","?","R","E","M","R","BOSS"],"build_version":"2018-08-23v2","purchased_purges":0,"victory":false,"max_hp_per_floor":[75,75,75,75,75,75,75,75,75,75,75,75,75,75,75,75],"card_choices":[{"not_picked":["Buffer","Ball Lightning"],"picked":"Sunder","floor":0},{"not_picked":["Glacier","Reprogram"],"picked":"Streamline","floor":0},{"not_picked":["White Noise","Stack"],"picked":"Defragment","floor":0},{"not_picked":["Blizzard","Rip and Tear"],"picked":"Beam Cell","floor":0},{"not_picked":["Cold Snap","Go for the Eyes"],"picked":"Rebound","floor":0},{"not_picked":["Capacitor","Compile Driver"],"picked":"Darkness","floor":1},{"not_picked":["Leap","Steam Power"],"picked":"Consume","floor":3},{"not_picked":["Steam","Rebound"],"picked":"Creative AI","floor":5},{"not_picked":["Sweeping Beam","Fusion","Steam"],"picked":"SKIP","floor":7},{"not_picked":["Steam","White Noise"],"picked":"Turbo","floor":8},{"not_picked":["Coolheaded","Ball Lightning"],"picked":"Hologram","floor":11},{"not_picked":["Turbo","Streamline"],"picked":"Glacier","floor":13},{"not_picked":["Hologram","Capacitor","Beam Cell"],"picked":"SKIP","floor":14}],"player_experience":473015,"relics_obtained":[{"floor":8,"key":"Orichalcum"},{"floor":9,"key":"Happy Flower"},{"floor":11,"key":"Odd Mushroom"},{"floor":13,"key":"Pen Nib"}],"event_choices":[{"event_name":"Liars Game","player_choice":"agreed","floor":4,"damage_taken":0},{"event_name":"Mushrooms","player_choice":"Fought Mushrooms","floor":11,"damage_taken":0}],"is_beta":false,"boss_relics":[],"items_purged_floors":[],"is_endless":false,"potions_floor_spawned":[1,3,13],"killed_by":"Hexaghost","ascension_level":4}