{"gold_per_floor":[119,119,39,56,73,73,107,107,107,123,153,153,203,220,220,298,298,308,230,230,98,98,126,126,150,196,209,234,254,254,268,268,342,342,359,359,308,319,54,54,74,90,90,108,108,108,108,122,122,122],"floor_reached":51,"playtime":2661,"items_purged":[],"score":1418,"play_id":"50fdca0d-08e2-44c4-8703-1f7e86410668","local_time":"20181116113402","is_ascension_mode":true,"campfire_choices":[{"data":"Defragment","floor":6.0,"key":"SMITH"},{"data":"Dualcast","floor":8.0,"key":"SMITH"},{"data":"Conserve Battery","floor":12.0,"key":"SMITH"},{"data":"Zap","floor":15.0,"key":"SMITH"},{"data":"Loop","floor":24.0,"key":"SMITH"},{"data":"White Noise","floor":30.0,"key":"SMITH"},{"data":"Defragment","floor":32.0,"key":"SMITH"},{"data":"Seek","floor":40.0,"key":"SMITH"},{"floor":49,"key":"REST"}],"neow_cost":"NONE","seed_source_timestamp":0,"circlet_count":0,"master_deck":["AscendersBane","Strike_B+1","Strike_B+1","Strike_B+1","Defend_B+1","Defend_B+1","Defend_B+1","Defend_B+1","Zap+1","Dualcast+1","Ball Lightning+1","Defragment+1","Go for the Eyes+1","Ball Lightning+1","Conserve Battery+1","Force Field+1","Amplify+1","Chill+1","Echo Form+1","Double Energy+1","Self Repair+1","Glacier+1","Loop+1","Double Energy+1","FTL+1","Biased Cognition+1","White Noise+1","Defragment+1","Seek+1","Conserve Battery+1","Hologram+1","Consume+1","Barrage+1","Force Field+1"],"special_seed":0,"relics":["Cracked Core","NeowsBlessing","FossilizedHelix","Sundial","Bag of Marbles","Runic Pyramid","Boot","Potion Belt","Whetstone","Pen Nib","Inserter","Bag of Preparation","Toxic Egg 2","Frozen Egg 2","Mark of the Bloom","The Courier"],"potions_floor_usage":[50,50,50],"damage_taken":[{"damage":0.0,"enemies":"Jaw Worm","floor":1.0,"turns":1.0},{"damage":0.0,"enemies":"Small Slimes","floor":4.0,"turns":1.0},{"damage":0.0,"enemies":"Cultist","floor":5.0,"turns":1.0},{"damage":30.0,"enemies":"3 Sentries","floor":7.0,"turns":5.0},{"damage":0.0,"enemies":"2 Fungi Beasts","floor":10.0,"turns":3.0},{"damage":0.0,"enemies":"Lagavulin","floor":11.0,"turns":4.0},{"damage":0.0,"enemies":"Blue Slaver","floor":14.0,"turns":3.0},{"damage":16.0,"enemies":"The Guardian","floor":16.0,"turns":9.0},{"damage":6.0,"enemies":"Shell Parasite","floor":18.0,"turns":5.0},{"damage":34.0,"enemies":"Gremlin Leader","floor":23.0,"turns":10.0},{"damage":0.0,"enemies":"3 Byrds","floor":27.0,"turns":6.0},{"damage":28.0,"enemies":"Book of Stabbing","floor":28.0,"turns":6.0},{"damage":12.0,"enemies":"Centurion and Healer","floor":29.0,"turns":6.0},{"damage":0.0,"enemies":"3 Cultists","floor":31.0,"turns":5.0},{"damage":42.0,"enemies":"Collector","floor":33.0,"turns":7.0},{"damage":28.0,"enemies":"3 Darklings","floor":35.0,"turns":4.0},{"damage":0.0,"enemies":"3 Shapes","floor":38.0,"turns":4.0},{"damage":0,"enemies":"Transient","floor":41,"turns":6},{"damage":6,"enemies":"Writhing Mass","floor":42,"turns":6},{"damage":0,"enemies":"Spire Growth","floor":44,"turns":5},{"damage":0,"enemies":"4 Shapes","floor":48,"turns":4},{"damage":0,"enemies":"Awakened One","floor":50,"turns":7}],"seed_played":"-3654216996756657302","potions_obtained":[{"floor":4.0,"key":"SteroidPotion"},{"floor":5.0,"key":"Ancient Potion"},{"floor":7.0,"key":"PowerPotion"},{"floor":16.0,"key":"Regen Potion"},{"floor":18.0,"key":"Dexterity Potion"},{"floor":28.0,"key":"Ancient Potion"},{"floor":29.0,"key":"PowerPotion"},{"floor":33.0,"key":"PowerPotion"},{"floor":35.0,"key":"Weak Potion"},{"floor":41,"key":"PowerPotion"},{"floor":44,"key":"Strength Potion"},{"floor":48,"key":"Dexterity Potion"}],"is_trial":false,"path_per_floor":["M","?","$","M","M","R","E","R","T","M","E","R","?","M","R","B",null,"M","$","?","$","?","E","R","T","T","M","E","M","R","M","R","B",null,"M","?","?","M","$","R","M","M","T","M","?","T","?","M","R","B",null],"character_chosen":"DEFECT","items_purchased":["Defragment","Self Repair","Loop","Double Energy","Toxic Egg 2"],"campfire_rested":1,"item_purchase_floors":[3,19,21,21,39],"current_hp_per_floor":[64,64,64,64,64,64,34,34,34,34,34,34,34,34,34,18,58,66,66,66,66,66,39,39,39,39,46,32,34,34,48,48,6,55,27,27,27,41,41,41,55,56,56,70,70,70,70,70,70,70],"gold":122,"neow_bonus":"THREE_ENEMY_KILL","is_prod":false,"is_daily":false,"chose_seed":false,"campfire_upgraded":8,"win_rate":0,"timestamp":1542386042,"path_taken":["M","?","$","M","M","R","E","R","T","M","E","R","?","M","R","BOSS","M","$","?","$","?","E","R","?","T","M","E","M","R","?","R","BOSS","M","?","?","?","$","R","M","M","T","?","?","?","?","?","R","BOSS"],"build_version":"2018-11-15","purchased_purges":0,"victory":true,"max_hp_per_floor":[71,71,71,71,71,71,71,71,71,71,71,71,71,71,71,71,71,71,71,71,71,71,71,71,71,71,71,71,71,71,71,71,71,71,71,71,71,71,71,71,71,71,71,71,71,71,71,71,71,71],"card_choices":[{"not_picked":["Leap","Barrage"],"picked":"Ball Lightning","floor":1.0},{"not_picked":["Beam Cell","Compile Driver"],"picked":"Go for the Eyes","floor":4.0},{"not_picked":["Hologram","Beam Cell"],"picked":"Ball Lightning","floor":5.0},{"not_picked":["Hello World","Streamline"],"picked":"Conserve Battery","floor":7.0},{"not_picked":["Redo","Sunder"],"picked":"Force Field","floor":10.0},{"not_picked":["Loop","Go for the Eyes"],"picked":"Amplify","floor":11.0},{"not_picked":["Steam Power","Sunder"],"picked":"Chill","floor":14.0},{"not_picked":["Rainbow","Machine Learning"],"picked":"Echo Form","floor":16.0},{"not_picked":["Steam","Leap"],"picked":"Double Energy","floor":18.0},{"not_picked":["Rebound","Chaos","Leap"],"picked":"SKIP","floor":23.0},{"not_picked":["Recycle","Auto Shields"],"picked":"FTL+1","floor":27.0},{"not_picked":["Hyperbeam","Turbo"],"picked":"Biased Cognition","floor":28.0},{"not_picked":["Reinforced Body","Stack+1"],"picked":"White Noise","floor":29.0},{"not_picked":["Force Field","Beam Cell"],"picked":"Defragment","floor":31.0},{"not_picked":["Core Surge","Hyperbeam"],"picked":"Seek","floor":33.0},{"not_picked":["Steam Power","Go for the Eyes"],"picked":"Conserve Battery+1","floor":35.0},{"not_picked":["Beam Cell","Coolheaded","Go for the Eyes"],"picked":"SKIP","floor":38.0},{"not_picked":["Steam+1","Rebound"],"picked":"Hologram+1","floor":41},{"not_picked":["Undo+1","Static Discharge"],"picked":"Consume+1","floor":42},{"not_picked":["Ball Lightning+1","Blizzard"],"picked":"Barrage","floor":44},{"not_picked":["Steam+1","Gash+1"],"picked":"Force Field+1","floor":48}],"player_experience":731351,"relics_obtained":[{"floor":7.0,"key":"FossilizedHelix"},{"floor":9.0,"key":"Sundial"},{"floor":11.0,"key":"Bag of Marbles"},{"floor":23.0,"key":"Boot"},{"floor":25.0,"key":"Potion Belt"},{"floor":26.0,"key":"Whetstone"},{"floor":28.0,"key":"Pen Nib"},{"floor":43,"key":"Frozen Egg 2"},{"floor":46,"key":"The Courier"}],"event_choices":[{"damage_healed":0.0,"max_hp_gain":0.0,"max_hp_loss":0.0,"gold_gain":0.0,"event_name":"Scrap Ooze","player_choice":"Fled","floor":2.0,"gold_loss":0.0,"damage_taken":0.0},{"damage_healed":0.0,"max_hp_gain":0.0,"max_hp_loss":0.0,"gold_gain":50.0,"event_name":"Golden Shrine","player_choice":"Pray","floor":13.0,"gold_loss":0.0,"damage_taken":0.0},{"damage_healed":0.0,"max_hp_gain":0.0,"max_hp_loss":0.0,"gold_gain":0.0,"event_name":"The Library","player_choice":"Read","floor":20.0,"gold_loss":0.0,"damage_taken":0.0,"cards_obtained":["Glacier"]},{"damage_healed":0.0,"max_hp_gain":0.0,"max_hp_loss":0.0,"gold_gain":0.0,"event_name":"Beggar","player_choice":"Ignored","floor":22.0,"gold_loss":0.0,"damage_taken":0.0},{"damage_healed":0.0,"max_hp_gain":0.0,"max_hp_loss":0.0,"gold_gain":0.0,"event_name":"Tomb of Lord Red Mask","player_choice":"Ignored","floor":36.0,"gold_loss":0.0,"damage_taken":0.0},{"damage_healed":0.0,"max_hp_gain":0.0,"max_hp_loss":0.0,"gold_gain":0.0,"event_name":"WeMeetAgain","player_choice":"Paid Gold","floor":37.0,"gold_loss":51.0,"damage_taken":0.0,"relics_obtained":["Bag of Preparation"]},{"damage_healed":0,"gold_gain":0,"player_choice":"Upgrade","damage_taken":0,"relics_obtained":["Mark of the Bloom"],"max_hp_gain":0,"max_hp_loss":0,"event_name":"MindBloom","floor":45,"gold_loss":0,"cards_upgraded":["Strike_B","Strike_B","Strike_B","Defend_B","Defend_B","Defend_B","Defend_B","Go for the Eyes","Ball Lightning","Force Field","Amplify","Chill","Echo Form","Double Energy","Self Repair","Glacier","Double Energy","Biased Cognition","Barrage"]},{"cards_removed":["Strike_B"],"damage_healed":0,"gold_gain":0,"player_choice":"Removed Attack","damage_taken":0,"max_hp_gain":0,"max_hp_loss":0,"event_name":"Falling","floor":47,"gold_loss":0}],"is_beta":false,"boss_relics":[{"not_picked":["Empty Cage","White Beast Statue"],"picked":"Runic Pyramid"},{"not_picked":["Fusion Hammer","Tiny House"],"picked":"Inserter"}],"items_purged_floors":[],"is_endless":false,"potions_floor_spawned":[4,5,7,16,18,28,29,33,35,41,44,48],"ascension_level":18}