{"gold_per_floor":[114,189,207,226,176,205,217,229,289,226,242,259,271,287,287,287],"floor_reached":16,"playtime":1179,"items_purged":["Strike_R"],"score":177,"play_id":"ba7b4100-e847-4a21-ae6e-2c669a2542f7","local_time":"20190430084703","is_ascension_mode":true,"campfire_choices":[{"data":"Flex","floor":8.0,"key":"SMITH"},{"floor":15.0,"key":"REST"}],"neow_cost":"TEN_PERCENT_HP_LOSS","seed_source_timestamp":159622946050900,"circlet_count":0,"master_deck":["AscendersBane","Strike_R","Strike_R","Defend_R","Defend_R","Defend_R","Bash","Feed","Fiend Fire","Flex+1","Whirlwind+1","Shrug It Off","Reaper","Uppercut","Sword Boomerang"],"special_seed":0,"relics":["Burning Blood","MawBank","Centennial Puzzle"],"potions_floor_usage":[16],"damage_taken":[{"damage":1.0,"enemies":"2 Louse","floor":1.0,"turns":2.0},{"damage":6.0,"enemies":"Cultist","floor":3.0,"turns":3.0},{"damage":16.0,"enemies":"Jaw Worm","floor":4.0,"turns":4.0},{"damage":30.0,"enemies":"Lagavulin","floor":6.0,"turns":5.0},{"damage":5.0,"enemies":"Blue Slaver","floor":11.0,"turns":2.0},{"damage":11.0,"enemies":"Lots of Slimes","floor":12.0,"turns":2.0},{"damage":3.0,"enemies":"Looter","floor":13.0,"turns":2.0},{"damage":49.0,"enemies":"Exordium Thugs","floor":14.0,"turns":5.0},{"damage":42,"enemies":"Hexaghost","floor":16,"turns":9}],"seed_played":"8069528222224319437","potions_obtained":[{"floor":1.0,"key":"Weak Potion"},{"floor":4.0,"key":"LiquidBronze"},{"floor":12.0,"key":"EssenceOfSteel"}],"is_trial":false,"path_per_floor":["M","?","M","M","?","E","?","R","T","$","M","M","M","M","R","B"],"character_chosen":"IRONCLAD","items_purchased":[],"campfire_rested":1,"item_purchase_floors":[],"current_hp_per_floor":[71,64,64,54,54,30,30,30,30,30,34,32,38,14,38,0],"gold":287,"neow_bonus":"TRANSFORM_TWO_CARDS","is_prod":false,"is_daily":false,"chose_seed":false,"campfire_upgraded":1,"win_rate":0,"timestamp":1556585223,"path_taken":["M","?","?","M","?","E","?","R","T","$","M","M","?","M","R","BOSS"],"build_version":"2019-01-23","purchased_purges":1,"victory":false,"max_hp_per_floor":[71,71,71,71,71,71,71,71,71,71,74,77,80,83,83,83],"card_choices":[{"not_picked":["Metallicize","Burning Pact"],"picked":"Flex","floor":1.0},{"not_picked":["Anger","Clothesline","Heavy Blade"],"picked":"SKIP","floor":3.0},{"not_picked":["Infernal Blade","Perfected Strike"],"picked":"Whirlwind","floor":4.0},{"not_picked":["Perfected Strike","Pommel Strike"],"picked":"Shrug It Off","floor":6.0},{"not_picked":["Fire Breathing","Blood for Blood","Hemokinesis"],"picked":"SKIP","floor":11.0},{"not_picked":["Anger","Dual Wield"],"picked":"Reaper","floor":12.0},{"not_picked":["Pummel","Perfected Strike"],"picked":"Uppercut","floor":13.0},{"not_picked":["Headbutt","Pummel"],"picked":"Sword Boomerang","floor":14.0}],"player_experience":557683,"relics_obtained":[{"floor":6.0,"key":"MawBank"},{"floor":9.0,"key":"Centennial Puzzle"}],"event_choices":[{"damage_healed":0.0,"max_hp_gain":0.0,"max_hp_loss":0.0,"gold_gain":75.0,"event_name":"FaceTrader","player_choice":"Touch","floor":2.0,"gold_loss":0.0,"damage_taken":7.0},{"cards_removed":["Strike_R"],"damage_healed":0.0,"max_hp_gain":0.0,"max_hp_loss":0.0,"gold_gain":0.0,"event_name":"The Cleric","player_choice":"Card Removal","floor":5.0,"gold_loss":50.0,"damage_taken":0.0},{"damage_healed":0.0,"max_hp_gain":0.0,"max_hp_loss":0.0,"gold_gain":0.0,"event_name":"Upgrade Shrine","player_choice":"Upgraded","floor":7.0,"gold_loss":0.0,"damage_taken":0.0,"cards_upgraded":["Whirlwind"]}],"is_beta":false,"boss_relics":[],"items_purged_floors":[10],"is_endless":false,"potions_floor_spawned":[1,4,12],"killed_by":"Hexaghost","ascension_level":14}