{"gold_per_floor":[113,113,127,140,158,32,63,75,87,99,91,117,163,194,206,293,305,332,45,60,4,22,22,47,47,47,74,90,90,106,131,131,206,206,219,219,319,335,335,394,413,445,445,470,488,503,531,547,547,547,547,547,547,49,80,80],"floor_reached":57,"playtime":3375,"items_purged":["Pain","Strike_B"],"score":2988,"play_id":"232055b0-bb33-4469-ad2a-518d56c15855","local_time":"20190425232713","is_ascension_mode":true,"campfire_choices":[{"floor":8.0,"key":"REST"},{"floor":15.0,"key":"REST"},{"data":"Chaos","floor":23.0,"key":"SMITH"},{"data":"Defragment","floor":29.0,"key":"SMITH"},{"data":"Coolheaded","floor":32.0,"key":"SMITH"},{"floor":49.0,"key":"RECALL"},{"data":"Buffer","floor":53.0,"key":"SMITH"}],"neow_cost":"NONE","seed_source_timestamp":0,"circlet_count":0,"master_deck":["AscendersBane","Strike_B+1","Strike_B","Strike_B","Defend_B","Defend_B","Defend_B","Defend_B","Zap","Dualcast","Defragment+1","Coolheaded+1","Go for the Eyes","Self Repair","Beam Cell+1","Meteor Strike","Chaos+1","Leap","Sunder+1","Core Surge","Cold Snap","Auto Shields+1","Hologram","Recycle","Compile Driver","Rainbow+1","Coolheaded+1","Undo+1","Conserve Battery+1","Fission+1","Fusion+1","Discovery+1","Redo+1","Hologram+1","Loop+1","Buffer+1","Fission+1","Meteor Strike","Aggregate+1","Thunder Strike"],"special_seed":0,"relics":["Black Star","WarpedTongs","MawBank","Kunai","Whetstone","Letter Opener","Gremlin Horn","Snecko Eye","Mummified Hand","Matryoshka","Toxic Egg 2","Centennial Puzzle","Shuriken","Meat on the Bone","Smiling Mask","Sundial","Pear","Inserter","Peace Pipe","Tiny Chest","DataDisk","Bag of Preparation","Bottled Tornado","Dodecahedron","Bird Faced Urn","Potion Belt","Mercury Hourglass","Pantograph","Anchor","FossilizedHelix","Nunchaku"],"potions_floor_usage":[56,56,56],"damage_taken":[{"damage":8.0,"enemies":"2 Louse","floor":1.0,"turns":3.0},{"damage":8.0,"enemies":"Cultist","floor":3.0,"turns":5.0},{"damage":12.0,"enemies":"Small Slimes","floor":4.0,"turns":4.0},{"damage":9.0,"enemies":"Exordium Wildlife","floor":5.0,"turns":6.0},{"damage":16.0,"enemies":"Gremlin Nob","floor":7.0,"turns":4.0},{"damage":5.0,"enemies":"Blue Slaver","floor":12.0,"turns":5.0},{"damage":48.0,"enemies":"3 Sentries","floor":13.0,"turns":10.0},{"damage":0.0,"enemies":"Lots of Slimes","floor":14.0,"turns":4.0},{"damage":8.0,"enemies":"The Guardian","floor":16.0,"turns":11.0},{"damage":20.0,"enemies":"Shell Parasite","floor":18.0,"turns":5.0},{"damage":0.0,"enemies":"Chosen","floor":20.0,"turns":3.0},{"damage":14.0,"enemies":"Centurion and Healer","floor":22.0,"turns":3.0},{"damage":23.0,"enemies":"Slavers","floor":24.0,"turns":6.0},{"damage":0.0,"enemies":"Book of Stabbing","floor":27.0,"turns":3.0},{"damage":0.0,"enemies":"Snecko","floor":28.0,"turns":3.0},{"damage":16.0,"enemies":"Snake Plant","floor":30.0,"turns":4.0},{"damage":12.0,"enemies":"Slavers","floor":31.0,"turns":4.0},{"damage":17.0,"enemies":"Champ","floor":33.0,"turns":7.0},{"damage":4.0,"enemies":"3 Darklings","floor":35.0,"turns":3.0},{"damage":0.0,"enemies":"Mind Bloom Boss Battle","floor":37.0,"turns":6.0},{"damage":24.0,"enemies":"3 Shapes","floor":38.0,"turns":3.0},{"damage":8.0,"enemies":"Giant Head","floor":40.0,"turns":5.0},{"damage":2.0,"enemies":"3 Darklings","floor":41.0,"turns":3.0},{"damage":18.0,"enemies":"Reptomancer","floor":42.0,"turns":4.0},{"damage":6.0,"enemies":"Nemesis","floor":44.0,"turns":5.0},{"damage":0.0,"enemies":"Transient","floor":45.0,"turns":6.0},{"damage":0.0,"enemies":"Spire Growth","floor":46.0,"turns":3.0},{"damage":6.0,"enemies":"Reptomancer","floor":47.0,"turns":4.0},{"damage":0.0,"enemies":"Jaw Worm Horde","floor":48.0,"turns":3.0},{"damage":72.0,"enemies":"Donu and Deca","floor":50.0,"turns":9.0},{"damage":70.0,"enemies":"Time Eater","floor":51.0,"turns":10.0},{"damage":30.0,"enemies":"Shield and Spear","floor":55.0,"turns":9.0},{"damage":24,"enemies":"The Heart","floor":56,"turns":11}],"seed_played":"6527273429399428004","potions_obtained":[{"floor":1.0,"key":"Dexterity Potion"},{"floor":5.0,"key":"AttackPotion"},{"floor":7.0,"key":"Weak Potion"},{"floor":11.0,"key":"Regen Potion"},{"floor":13.0,"key":"FocusPotion"},{"floor":18.0,"key":"Poison Potion"},{"floor":35.0,"key":"LiquidBronze"},{"floor":41.0,"key":"FocusPotion"},{"floor":44.0,"key":"PowerPotion"},{"floor":45.0,"key":"SpeedPotion"}],"is_trial":false,"path_per_floor":["M","?","M","M","M","$","E","R","T","?","?","M","E","M","R","B",null,"M","$","M","$","M","R","E","$","T","E","M","R","M","E","R","B",null,"M","?","?","M","?","E","M","E","T","E","M","M","E","M","R","B","B",null,"R","$","E","B",null],"character_chosen":"DEFECT","items_purchased":["Beam Cell","Mummified Hand","Cold Snap","Hologram","Meteor Strike","Anchor","SpeedPotion","Aggregate+1"],"campfire_rested":2,"item_purchase_floors":[6,19,19,21,54,54,54,54],"current_hp_per_floor":[56,56,48,36,27,27,11,32,32,32,32,34,8,15,36,38,63,50,50,57,57,50,50,34,34,34,41,48,48,54,59,59,49,73,69,59,66,52,52,51,49,53,53,54,69,81,81,81,81,34,28,68,68,68,64,64],"gold":80,"neow_bonus":"BOSS_RELIC","is_prod":false,"is_daily":false,"chose_seed":false,"campfire_upgraded":4,"win_rate":0,"timestamp":1556206033,"path_taken":["M","?","?","M","M","$","E","R","T","?","?","M","E","M","R","BOSS","M","$","?","?","M","R","E","$","T","E","?","R","M","E","R","BOSS","M","?","?","M","?","E","M","E","T","E","?","M","E","M","R","BOSS","BOSS","R","$","E","BOSS"],"build_version":"2019-01-23","purchased_purges":2,"victory":true,"max_hp_per_floor":[71,71,71,71,71,71,71,71,71,71,71,71,71,71,71,71,71,71,71,71,71,71,71,71,71,71,71,71,71,71,81,81,81,81,81,81,81,81,81,81,81,81,81,81,81,81,81,81,81,81,81,81,81,81,81,81],"card_choices":[{"not_picked":["Rebound","Coolheaded"],"picked":"Defragment","floor":1.0},{"not_picked":["Turbo","Reprogram"],"picked":"Coolheaded","floor":3.0},{"not_picked":["Sweeping Beam","Gash"],"picked":"Go for the Eyes","floor":4.0},{"not_picked":["Melter","Sweeping Beam"],"picked":"Self Repair","floor":5.0},{"not_picked":["Conserve Battery","BootSequence"],"picked":"Meteor Strike","floor":7.0},{"not_picked":["Cold Snap","Barrage"],"picked":"Chaos","floor":12.0},{"not_picked":["Steam","Gash"],"picked":"Leap","floor":13.0},{"not_picked":["Coolheaded","Rebound"],"picked":"Sunder","floor":14.0},{"not_picked":["Rainbow","Seek"],"picked":"Core Surge","floor":16.0},{"not_picked":["Self Repair","Turbo","Stack"],"picked":"SKIP","floor":18.0},{"not_picked":["Go for the Eyes","Barrage"],"picked":"Auto Shields+1","floor":20.0},{"not_picked":["Hello World","Chill"],"picked":"Recycle","floor":22.0},{"not_picked":["Steam","Blizzard"],"picked":"Compile Driver","floor":24.0},{"not_picked":["Steam+1","Self Repair"],"picked":"Rainbow+1","floor":27.0},{"not_picked":["Cold Snap","Redo+1"],"picked":"Coolheaded+1","floor":28.0},{"not_picked":["Steam+1","Defragment"],"picked":"Undo+1","floor":30.0},{"not_picked":["Reprogram+1","Cold Snap"],"picked":"Conserve Battery+1","floor":31.0},{"not_picked":["Amplify+1","Rainbow+1"],"picked":"Fission+1","floor":33.0},{"not_picked":["Redo+1","Leap+1"],"picked":"Fusion+1","floor":35.0},{"not_picked":["PanicButton+1","Swift Strike"],"picked":"Discovery+1","floor":36.0},{"not_picked":["Turbo+1","Cold Snap"],"picked":"Redo+1","floor":37.0},{"not_picked":["Conserve Battery+1","Go for the Eyes"],"picked":"Hologram+1","floor":38.0},{"not_picked":["Gash+1","Rebound+1","Conserve Battery+1"],"picked":"SKIP","floor":40.0},{"not_picked":["Storm","Defragment"],"picked":"Loop+1","floor":41.0},{"not_picked":["Beam Cell","Steam+1"],"picked":"Buffer","floor":42.0},{"not_picked":["FTL","Compile Driver"],"picked":"Fission+1","floor":44.0},{"not_picked":["BootSequence+1","Gash","Rebound"],"picked":"SKIP","floor":45.0},{"not_picked":["Hello World","Rebound","Redo+1"],"picked":"SKIP","floor":46.0},{"not_picked":["Turbo+1","Go for the Eyes","Leap+1"],"picked":"SKIP","floor":47.0},{"not_picked":["Fusion+1","Static Discharge+1","Redo+1"],"picked":"SKIP","floor":48.0},{"not_picked":["Streamline","Hyperbeam"],"picked":"Thunder Strike","floor":55.0}],"player_experience":1484812,"relics_obtained":[{"floor":7.0,"key":"MawBank"},{"floor":7.0,"key":"Kunai"},{"floor":9.0,"key":"Whetstone"},{"floor":13.0,"key":"Letter Opener"},{"floor":13.0,"key":"Gremlin Horn"},{"floor":24.0,"key":"Matryoshka"},{"floor":24.0,"key":"Toxic Egg 2"},{"floor":26.0,"key":"Centennial Puzzle"},{"floor":26.0,"key":"Shuriken"},{"floor":27.0,"key":"Meat on the Bone"},{"floor":27.0,"key":"Smiling Mask"},{"floor":31.0,"key":"Sundial"},{"floor":31.0,"key":"Pear"},{"floor":37.0,"key":"Peace Pipe"},{"floor":40.0,"key":"Tiny Chest"},{"floor":40.0,"key":"DataDisk"},{"floor":42.0,"key":"Bag of Preparation"},{"floor":42.0,"key":"Bottled Tornado"},{"floor":43.0,"key":"Dodecahedron"},{"floor":44.0,"key":"Bird Faced Urn"},{"floor":44.0,"key":"Potion Belt"},{"floor":47.0,"key":"Mercury Hourglass"},{"floor":47.0,"key":"Pantograph"},{"floor":55.0,"key":"FossilizedHelix"},{"floor":55.0,"key":"Nunchaku"}],"event_choices":[{"damage_healed":0.0,"max_hp_gain":0.0,"max_hp_loss":0.0,"gold_gain":0.0,"event_name":"Accursed Blacksmith","player_choice":"Rummage","floor":2.0,"gold_loss":0.0,"damage_taken":0.0,"relics_obtained":["WarpedTongs"],"cards_obtained":["Pain"]},{"damage_healed":0.0,"max_hp_gain":0.0,"max_hp_loss":0.0,"gold_gain":0.0,"event_name":"Liars Game","player_choice":"Ignored","floor":10.0,"gold_loss":0.0,"damage_taken":0.0},{"damage_healed":0.0,"max_hp_gain":0.0,"max_hp_loss":0.0,"gold_gain":0.0,"event_name":"The Woman in Blue","player_choice":"Bought 1 Potion","floor":11.0,"gold_loss":0.0,"damage_taken":0.0},{"damage_healed":0.0,"max_hp_gain":0.0,"max_hp_loss":0.0,"gold_gain":0.0,"event_name":"SensoryStone","player_choice":"Memory 3","floor":36.0,"gold_loss":0.0,"damage_taken":10.0},{"damage_healed":0.0,"max_hp_gain":0.0,"max_hp_loss":0.0,"gold_gain":0.0,"event_name":"MindBloom","player_choice":"Fight","floor":37.0,"gold_loss":0.0,"damage_taken":0.0},{"damage_healed":0.0,"max_hp_gain":0.0,"max_hp_loss":0.0,"gold_gain":0.0,"event_name":"Upgrade Shrine","player_choice":"Upgraded","floor":39.0,"gold_loss":0.0,"damage_taken":0.0,"cards_upgraded":["Sunder"]}],"is_beta":false,"boss_relics":[{"not_picked":["Coffee Dripper","Eternal Feather"],"picked":"Snecko Eye"},{"not_picked":["Empty Cage","White Beast Statue"],"picked":"Inserter"}],"items_purged_floors":[6,54],"is_endless":false,"potions_floor_spawned":[1,5,7,13,18,22,24,35,41,42,44,45,46],"ascension_level":20}