{"gold_per_floor":[11,31,51,51,67,92,121,133,145,183,208,220,182,213,225,334,396,425,101,115,215,0,0,13,33,59,59,76,96,96,96,96,200,200,210,210,210,60,78,78,103,103,103,114,114,114,124,124,124,124],"floor_reached":50,"playtime":2100,"items_purged":["Rupture","Defend_R"],"score":534,"play_id":"d3d7203b-4d61-463b-a096-376f30d421c6","local_time":"20190322090156","is_ascension_mode":false,"campfire_choices":[{"floor":8.0,"key":"RECALL"},{"data":"Blood for Blood","floor":15.0,"key":"SMITH"},{"data":"Flex","floor":23.0,"key":"SMITH"},{"floor":27,"key":"REST"},{"data":"Demon Form","floor":30,"key":"SMITH"},{"floor":32,"key":"REST"},{"data":"Battle Trance","floor":40,"key":"SMITH"},{"data":"Brutality","floor":42,"key":"SMITH"},{"data":"Bash","floor":49,"key":"SMITH"}],"neow_cost":"NO_GOLD","seed_source_timestamp":0,"circlet_count":0,"master_deck":["Strike_R","Strike_R+1","Strike_R","Strike_R","Defend_R","Bash+1","Clash","Clash","Blood for Blood+1","Battle Trance+1","Demon Form+1","Flex+1","Sword Boomerang+1","Blood for Blood","Thunderclap+1","Metallicize","Madness","Madness","Whirlwind","Warcry+1","Brutality+1"],"special_seed":0,"relics":["Burning Blood","FossilizedHelix","MawBank","Pear","Tiny House","Shuriken","Thread and Needle","Mercury Hourglass","Oddly Smooth Stone","Coffee Dripper","Pen Nib","Letter Opener","Gambling Chip"],"potions_floor_usage":[25,50],"damage_taken":[{"damage":0.0,"enemies":"Small Slimes","floor":1.0,"turns":3.0},{"damage":0.0,"enemies":"Cultist","floor":2.0,"turns":4.0},{"damage":0.0,"enemies":"2 Louse","floor":3.0,"turns":1.0},{"damage":7.0,"enemies":"Large Slime","floor":5.0,"turns":4.0},{"damage":34.0,"enemies":"3 Sentries","floor":6.0,"turns":13.0},{"damage":2.0,"enemies":"Exordium Thugs","floor":7.0,"turns":4.0},{"damage":0.0,"enemies":"Gremlin Nob","floor":10.0,"turns":3.0},{"damage":5.0,"enemies":"3 Louse","floor":11.0,"turns":3.0},{"damage":0.0,"enemies":"Large Slime","floor":14.0,"turns":3.0},{"damage":34.0,"enemies":"Slime Boss","floor":16.0,"turns":11.0},{"damage":26.0,"enemies":"2 Thieves","floor":18.0,"turns":4.0},{"damage":13.0,"enemies":"Shell Parasite","floor":20.0,"turns":4.0},{"damage":16.0,"enemies":"Colosseum Slavers","floor":21.0,"turns":3.0},{"damage":57.0,"enemies":"Colosseum Nobs","floor":21.0,"turns":5.0},{"damage":14.0,"enemies":"Centurion and Healer","floor":24.0,"turns":4.0},{"damage":0,"enemies":"3 Cultists","floor":25,"turns":4},{"damage":0,"enemies":"Chosen and Byrds","floor":28,"turns":4},{"damage":8,"enemies":"Centurion and Healer","floor":29,"turns":4},{"damage":31,"enemies":"Champ","floor":33,"turns":7},{"damage":0,"enemies":"Orb Walker","floor":35,"turns":3},{"damage":7,"enemies":"3 Darklings","floor":39,"turns":3},{"damage":17,"enemies":"Reptomancer","floor":41,"turns":5},{"damage":23,"enemies":"Maw","floor":44,"turns":4},{"damage":11,"enemies":"Jaw Worm Horde","floor":47,"turns":3},{"damage":54,"enemies":"Awakened One","floor":50,"turns":4}],"seed_played":"5114441990064515334","potions_obtained":[{"floor":2.0,"key":"Regen Potion"},{"floor":4.0,"key":"Regen Potion"},{"floor":4.0,"key":"Weak Potion"},{"floor":6.0,"key":"Weak Potion"},{"floor":10.0,"key":"AttackPotion"},{"floor":14.0,"key":"BloodPotion"},{"floor":17.0,"key":"Energy Potion"},{"floor":18.0,"key":"Regen Potion"},{"floor":24,"key":"Fruit Juice"},{"floor":25,"key":"Ancient Potion"},{"floor":33,"key":"LiquidBronze"},{"floor":35,"key":"Strength Potion"},{"floor":47,"key":"Block Potion"}],"is_trial":false,"path_per_floor":["M","M","M","?","M","E","M","R","T","E","M","?","?","M","R","B",null,"M","$","M","?","?","R","M","M","T","R","M","M","R","?","R","B",null,"M","?","?","$","M","R","E","R","T","M","T","$","M","?","R","B"],"character_chosen":"IRONCLAD","items_purchased":["Shuriken","SteroidPotion"],"campfire_rested":2,"item_purchase_floors":[19,38],"current_hp_per_floor":[80,80,80,80,79,66,70,70,70,86,87,87,87,90,90,62,95,75,75,82,30,30,30,22,33,33,63,69,67,67,51,81,56,100,100,87,87,87,86,86,75,75,75,58,58,58,53,53,53,0],"gold":124,"neow_bonus":"ONE_RARE_RELIC","is_prod":false,"is_daily":false,"chose_seed":false,"campfire_upgraded":6,"win_rate":0,"timestamp":1553216516,"path_taken":["M","M","M","?","M","E","?","R","T","E","?","?","?","M","R","BOSS","M","$","M","?","?","R","M","M","T","R","M","M","R","?","R","BOSS","M","?","?","$","?","R","E","R","T","M","?","?","M","?","R","BOSS"],"build_version":"2019-01-23","purchased_purges":2,"victory":false,"max_hp_per_floor":[80,80,80,80,80,80,80,80,80,90,90,90,90,90,90,90,95,95,95,95,95,95,95,95,100,100,100,100,100,100,100,100,100,100,100,100,100,100,100,100,100,100,100,100,100,100,100,100,100,100],"card_choices":[{"not_picked":["Warcry","Flex"],"picked":"Clash","floor":1.0},{"not_picked":["Heavy Blade","Metallicize"],"picked":"Clash","floor":2.0},{"not_picked":["Perfected Strike","Rampage"],"picked":"Blood for Blood","floor":3.0},{"not_picked":["Anger","Cleave","Body Slam"],"picked":"SKIP","floor":5.0},{"not_picked":["Cleave","Warcry","Exhume"],"picked":"SKIP","floor":6.0},{"not_picked":["Reckless Charge","Perfected Strike","Heavy Blade"],"picked":"SKIP","floor":7.0},{"not_picked":["Perfected Strike","Sword Boomerang"],"picked":"Battle Trance","floor":10.0},{"not_picked":["Clash","Sever Soul"],"picked":"Rupture","floor":11.0},{"not_picked":["Flame Barrier","Clothesline","Seeing Red"],"picked":"SKIP","floor":14.0},{"not_picked":["Immolate","Double Tap"],"picked":"Demon Form","floor":16.0},{"not_picked":["Headbutt","Infernal Blade"],"picked":"Flex","floor":18.0},{"not_picked":["Clash","Battle Trance","Sword Boomerang+1"],"picked":"SKIP","floor":20.0},{"not_picked":["Clash","Battle Trance"],"picked":"Sword Boomerang+1","floor":20.0},{"not_picked":["Evolve","Hemokinesis"],"picked":"Blood for Blood","floor":24},{"not_picked":["Reckless Charge","Pommel Strike"],"picked":"Thunderclap+1","floor":25},{"not_picked":["Perfected Strike","Heavy Blade+1"],"picked":"Metallicize","floor":28},{"not_picked":["Battle Trance","Havoc","Shrug It Off+1"],"picked":"SKIP","floor":29},{"not_picked":["Rupture","Thunderclap+1","Headbutt"],"picked":"SKIP","floor":35},{"not_picked":["Rampage+1","Spot Weakness+1"],"picked":"Warcry+1","floor":39},{"not_picked":["Armaments","Evolve+1"],"picked":"Brutality","floor":41},{"not_picked":["Body Slam","Fire Breathing","Entrench+1"],"picked":"SKIP","floor":44},{"not_picked":["Reckless Charge","Iron Wave+1","Clothesline+1"],"picked":"SKIP","floor":47}],"player_experience":412603,"relics_obtained":[{"floor":6.0,"key":"MawBank"},{"floor":10.0,"key":"Pear"},{"floor":21.0,"key":"Thread and Needle"},{"floor":21.0,"key":"Mercury Hourglass"},{"floor":26,"key":"Oddly Smooth Stone"},{"floor":41,"key":"Pen Nib"},{"floor":43,"key":"Letter Opener"},{"floor":45,"key":"Gambling Chip"}],"event_choices":[{"damage_healed":0.0,"max_hp_gain":0.0,"max_hp_loss":0.0,"gold_gain":0.0,"event_name":"Lab","player_choice":"Got Potions","floor":4.0,"gold_loss":0.0,"damage_taken":0.0},{"cards_removed":["Defend_R"],"damage_healed":0.0,"max_hp_gain":0.0,"max_hp_loss":0.0,"gold_gain":0.0,"event_name":"Living Wall","player_choice":"Forget","floor":12.0,"gold_loss":0.0,"damage_taken":0.0},{"cards_removed":["Strike_R"],"damage_healed":0.0,"max_hp_gain":0.0,"max_hp_loss":0.0,"gold_gain":0.0,"event_name":"The Cleric","player_choice":"Card Removal","floor":13.0,"gold_loss":50.0,"damage_taken":0.0},{"damage_healed":0.0,"max_hp_gain":0.0,"max_hp_loss":0.0,"gold_gain":0.0,"event_name":"Colosseum","player_choice":"Fight","floor":21.0,"gold_loss":0.0,"damage_taken":0.0},{"damage_healed":0.0,"max_hp_gain":0.0,"max_hp_loss":0.0,"gold_gain":0.0,"event_name":"Colosseum","player_choice":"Fought Nobs","floor":21.0,"gold_loss":0.0,"damage_taken":0.0},{"damage_healed":0.0,"max_hp_gain":0.0,"max_hp_loss":0.0,"gold_gain":0.0,"event_name":"Masked Bandits","player_choice":"Paid Fearfully","floor":22.0,"gold_loss":215.0,"damage_taken":0.0},{"damage_healed":0,"gold_gain":0,"player_choice":"Obtained Book","damage_taken":16,"max_hp_gain":0,"max_hp_loss":0,"event_name":"Cursed Tome","floor":31,"gold_loss":0},{"damage_healed":0,"gold_gain":0,"player_choice":"Embrace Madness","damage_taken":13,"max_hp_gain":0,"max_hp_loss":0,"event_name":"Winding Halls","floor":36,"gold_loss":0,"cards_obtained":["Madness","Madness"]},{"damage_healed":0,"gold_gain":0,"cards_transformed":["Defend_R"],"player_choice":"Transformed","damage_taken":0,"max_hp_gain":0,"max_hp_loss":0,"event_name":"Transmorgrifier","floor":37,"gold_loss":0,"cards_obtained":["Whirlwind"]},{"damage_healed":0,"gold_gain":0,"player_choice":"Ignored","damage_taken":0,"max_hp_gain":0,"max_hp_loss":0,"event_name":"Mysterious Sphere","floor":48,"gold_loss":0}],"is_beta":false,"boss_relics":[{"not_picked":["Snecko Eye","Busted Crown"],"picked":"Tiny House"},{"not_picked":["Calling Bell","Runic Cube"],"picked":"Coffee Dripper"}],"items_purged_floors":[19,38],"is_endless":false,"potions_floor_spawned":[2,6,10,14,18,21,24,25,33,35,41,47],"killed_by":"Awakened One","ascension_level":0}