{"gold_per_floor":[366,59,79,79,94,94,156,2,51,78,78,153,153,1,1,104,104,114,114,126,145,162,162,192,192,192,212,212],"floor_reached":28,"playtime":734,"items_purged":["Pain","Strike_B"],"score":325,"play_id":"39163241-16e0-464d-af6c-04369939b782","local_time":"20180830160020","is_ascension_mode":true,"campfire_choices":[{"data":"Trip","floor":6,"key":"SMITH"},{"data":"Gash","floor":11,"key":"SMITH"},{"data":"Beam Cell","floor":13,"key":"SMITH"},{"data":"Streamline","floor":15,"key":"SMITH"},{"floor":23,"key":"REST"}],"neow_cost":"CURSE","seed_source_timestamp":808696305157785,"circlet_count":0,"master_deck":["Strike_B","Strike_B","Strike_B","Defend_B","Defend_B","Defend_B","Defend_B","Zap","Dualcast","Streamline+1","Trip+1","Hyperbeam+1","Beam Cell+1","Rip and Tear","Gash+1","Core Surge","Meteor Strike","Normality","Writhe","Normality","Gash+1","Turbo"],"relics":["Cracked Core","Tiny Chest","Vajra","Calipers","Gremlin Horn","Bag of Marbles","Calling Bell","Anchor","Blue Candle","Torii","Meat on the Bone","Singing Bowl"],"potions_floor_usage":[20,21,21,24,24,27,27],"damage_taken":[{"damage":7,"enemies":"Cultist","floor":1,"turns":4},{"damage":0,"enemies":"Small Slimes","floor":3,"turns":1},{"damage":0,"enemies":"2 Louse","floor":5,"turns":1},{"damage":0,"enemies":"3 Sentries","floor":7,"turns":2},{"damage":5,"enemies":"Lagavulin","floor":10,"turns":3},{"damage":39,"enemies":"The Guardian","floor":16,"turns":6},{"damage":21,"enemies":"Shell Parasite","floor":18,"turns":3},{"damage":7,"enemies":"2 Thieves","floor":20,"turns":3},{"damage":11,"enemies":"Shelled Parasite and Fungi","floor":21,"turns":3},{"damage":13,"enemies":"Centurion and Healer","floor":22,"turns":3},{"damage":25,"enemies":"Gremlin Leader","floor":24,"turns":4},{"damage":24,"enemies":"Cultist and Chosen","floor":27,"turns":5},{"damage":22,"enemies":"Snake Plant","floor":28,"turns":2}],"seed_played":"1234876195256698460","potions_obtained":[{"floor":1,"key":"Explosive Potion"},{"floor":5,"key":"GamblersBrew"},{"floor":16,"key":"FearPotion"},{"floor":20,"key":"Weak Potion"},{"floor":22,"key":"Strength Potion"},{"floor":25,"key":"FairyPotion"},{"floor":25,"key":"Swift Potion"},{"floor":25,"key":"AttackPotion"}],"is_trial":false,"path_per_floor":["M","$","M","?","M","R","E","$","T","E","R","T","R","$","R","B",null,"M","$","M","M","M","R","E","?","T","M"],"character_chosen":"DEFECT","items_purchased":["Trip","Hyperbeam","Gash","Bag of Marbles"],"campfire_rested":1,"item_purchase_floors":[2,2,8,14],"current_hp_per_floor":[68,68,68,68,68,68,68,68,68,63,63,63,63,63,63,24,75,54,54,47,36,23,45,20,20,20,21,0],"gold":212,"neow_bonus":"TWO_FIFTY_GOLD","is_prod":false,"is_daily":false,"chose_seed":false,"campfire_upgraded":4,"win_rate":0,"timestamp":1535659220,"path_taken":["M","?","?","?","M","R","E","$","T","E","R","?","R","?","R","BOSS","M","$","M","M","M","R","E","?","T","M","M"],"build_version":"2018-08-23v2","purchased_purges":2,"victory":false,"max_hp_per_floor":[75,75,75,75,75,75,75,75,75,75,75,75,75,75,75,75,75,75,75,75,75,75,75,75,75,75,77,77],"card_choices":[{"not_picked":["Consume","Beam Cell"],"picked":"Streamline","floor":1},{"not_picked":["Skim","Defragment"],"picked":"Beam Cell","floor":3},{"not_picked":["Redo","Barrage"],"picked":"Rip and Tear","floor":5},{"not_picked":["Undo","Conserve Battery","Aggregate"],"picked":"SKIP","floor":7},{"not_picked":["Leap","Turbo"],"picked":"Core Surge","floor":10},{"not_picked":["Reboot","Core Surge"],"picked":"Meteor Strike","floor":16},{"not_picked":["Go for the Eyes","Coolheaded"],"picked":"Gash+1","floor":18},{"not_picked":["Coolheaded","Chill","Redo"],"picked":"SKIP","floor":20},{"not_picked":["Undo","Redo","Cold Snap"],"picked":"SKIP","floor":21},{"not_picked":["Gash+1","Sweeping Beam"],"picked":"Turbo","floor":22},{"not_picked":["Lockon","Stack","Rip and Tear"],"picked":"SKIP","floor":24},{"not_picked":["Capacitor","Darkness","Redo"],"picked":"Singing Bowl","floor":27}],"player_experience":494555,"relics_obtained":[{"floor":7,"key":"Tiny Chest"},{"floor":9,"key":"Vajra"},{"floor":10,"key":"Calipers"},{"floor":12,"key":"Gremlin Horn"},{"floor":17,"key":"Anchor"},{"floor":17,"key":"Blue Candle"},{"floor":17,"key":"Torii"},{"floor":24,"key":"Meat on the Bone"},{"floor":26,"key":"Singing Bowl"}],"event_choices":[{"event_name":"Upgrade Shrine","player_choice":"Upgraded","floor":4,"damage_taken":0},{"event_name":"The Lab","player_choice":"Got Potions","floor":25,"damage_taken":0}],"is_beta":false,"boss_relics":[{"not_picked":["Eternal Feather","Runic Pyramid"],"picked":"Calling Bell"}],"items_purged_floors":[2,8],"is_endless":false,"potions_floor_spawned":[1,5,16,20,22],"killed_by":"Snake Plant","ascension_level":4}