{"gold_per_floor":[111,111,111,160,174,207,218,93,140,120,131,96,130,130],"floor_reached":14,"playtime":791,"items_purged":[],"score":103,"play_id":"8aa49ffe-68a5-4f6e-85eb-0b8f5085bebd","local_time":"20190401134422","is_ascension_mode":true,"campfire_choices":[],"neow_cost":"NONE","seed_source_timestamp":1697465368789063,"circlet_count":0,"master_deck":["Defend_G+1","Defend_G+1","Defend_G","Defend_G","Defend_G","Strike_G","Strike_G","Strike_G","Strike_G","Survivor","Neutralize","Flying Knee","Distraction","Cloak And Dagger","PiercingWail","Poisoned Stab","Footwork","Poisoned Stab","Slice","Infinite Blades","Dagger Throw"],"relics":["Ring of the Snake","PreservedInsect","War Paint","Smiling Mask","Ninja Scroll"],"potions_floor_usage":[13],"damage_taken":[{"damage":5,"enemies":"2 Louse","floor":1,"turns":3},{"damage":3,"enemies":"Jaw Worm","floor":5,"turns":3},{"damage":35,"enemies":"3 Sentries","floor":6,"turns":9},{"damage":4,"enemies":"Cultist","floor":7,"turns":4},{"damage":6,"enemies":"2 Fungi Beasts","floor":11,"turns":4},{"damage":10,"enemies":"Lagavulin","floor":13,"turns":5},{"damage":8,"enemies":"Large Slime","floor":14,"turns":3}],"seed_played":"-116676017168232544","potions_obtained":[{"floor":6,"key":"Fire Potion"},{"floor":10,"key":"Strength Potion"}],"is_trial":false,"path_per_floor":["M","?","?","T","M","E","M","$","T","?","M","$","E","M"],"character_chosen":"THE_SILENT","items_purchased":["Footwork","Poisoned Stab","Infinite Blades"],"campfire_rested":0,"item_purchase_floors":[8,8,12],"current_hp_per_floor":[72,72,65,65,62,27,23,23,23,23,17,17,7,0],"gold":130,"neow_bonus":"TEN_PERCENT_HP_BONUS","is_prod":false,"is_daily":false,"chose_seed":false,"campfire_upgraded":0,"win_rate":0,"timestamp":1554144262,"path_taken":["M","?","?","?","?","E","M","$","T","?","M","$","E","M"],"build_version":"2019-01-23","purchased_purges":0,"victory":false,"max_hp_per_floor":[77,77,77,77,77,77,77,77,77,77,77,77,77,77],"card_choices":[{"not_picked":["Underhanded Strike","Choke"],"picked":"Flying Knee","floor":1},{"not_picked":["Blade Dance","Acrobatics"],"picked":"Cloak And Dagger","floor":5},{"not_picked":["Dodge and Roll","Tactician"],"picked":"PiercingWail","floor":6},{"not_picked":["Escape Plan","Sucker Punch"],"picked":"Poisoned Stab","floor":7},{"not_picked":["Outmaneuver","Masterful Stab"],"picked":"Slice","floor":11},{"not_picked":["Dagger Spray","Backflip"],"picked":"Dagger Throw","floor":13}],"player_experience":141238,"relics_obtained":[{"floor":6,"key":"War Paint"},{"floor":9,"key":"Smiling Mask"},{"floor":13,"key":"Ninja Scroll"}],"event_choices":[{"damage_healed":0,"gold_gain":0,"cards_transformed":["Strike_G"],"player_choice":"Change","damage_taken":0,"max_hp_gain":0,"max_hp_loss":0,"event_name":"Living Wall","floor":2,"gold_loss":0,"cards_obtained":["Distraction"]},{"damage_healed":0,"gold_gain":0,"player_choice":"Success","damage_taken":7,"relics_obtained":["PreservedInsect"],"max_hp_gain":0,"max_hp_loss":0,"event_name":"Scrap Ooze","floor":3,"gold_loss":0},{"damage_healed":0,"gold_gain":0,"player_choice":"Bought 1 Potion","damage_taken":0,"max_hp_gain":0,"max_hp_loss":0,"event_name":"The Woman in Blue","floor":10,"gold_loss":0}],"is_beta":false,"boss_relics":[],"items_purged_floors":[],"is_endless":false,"potions_floor_spawned":[6],"killed_by":"Large Slime","ascension_level":1}