{"path_per_floor":["M","M","M","?","$","R","M","E","T","R","E","?","E","?","R","B",null,"M","$","?","?","$","R","M","R","T","R","?","M","R","M","R","B",null,"M","$","?","?","?","R","M","M","T","?","R","M","T","?","R","B"],"character_chosen":"DEFECT","items_purchased":["Beam Cell","DataDisk","Dramatic Entrance","Runic Capacitor","Bottled Flame"],"gold_per_floor":[113,127,143,143,23,23,34,68,91,91,424,524,556,556,556,675,675,700,359,359,359,158,158,179,179,179,179,129,148,148,163,163,282,282,305,60,60,60,60,60,84,104,104,104,104,125,125,125,125,125],"floor_reached":51,"campfire_rested":3,"playtime":2205,"current_hp_per_floor":[75,72,70,70,70,70,69,63,63,63,59,59,22,22,59,22,75,75,75,75,75,75,75,61,61,61,61,61,57,57,47,75,14,75,72,72,75,75,66,66,50,24,24,24,61,31,31,66,66,17],"items_purged":["Regret","Injury"],"gold":125,"score":781,"play_id":"9585f0a9-bb66-4d30-8090-72862b16519a","local_time":"20180512110020","is_prod":false,"is_daily":false,"chose_seed":false,"is_ascension_mode":true,"campfire_upgraded":8,"timestamp":1526137220,"path_taken":["M","?","M","?","$","R","M","E","T","R","E","?","E","?","R","BOSS","M","$","?","?","?","R","M","R","T","R","?","M","R","M","R","BOSS","M","$","?","?","?","R","M","M","T","?","R","M","?","?","R","BOSS"],"build_version":"2018-05-11","seed_source_timestamp":0,"purchased_purges":2,"victory":true,"master_deck":["Strike_B+1","Strike_B+1","Strike_B+1","Strike_B+1","Defend_B+1","Defend_B+1","Defend_B+1","Defend_B+1","Zap","Dualcast","Streamline+1","Hologram+1","Beam Cell+1","Seek","Static Discharge+1","Barrage+1","Seek","Hologram+1","Coolheaded+1","Leap+1","Beam Cell+1","Fusion+1","Dark Shackles+1","Barrage+1","Barrage+1","Madness","Madness","Magnetism+1"],"max_hp_per_floor":[75,75,75,75,75,75,75,75,75,75,75,75,75,75,75,75,75,75,75,75,75,75,75,75,75,75,75,75,75,75,75,75,75,75,75,75,75,75,75,75,75,75,75,75,75,75,75,66,66,66],"relics":["Nuclear Battery","Juzu Bracelet","Dream Catcher","Regal Pillow","Old Coin","Anchor","Golden Idol","Inserter","DataDisk","Runic Capacitor","Mummified Hand","Astrolabe","Bottled Flame","Lantern","Centennial Puzzle"],"card_choices":[{"not_picked":["Ball Lightning","Steam"],"picked":"Streamline","floor":1.0},{"not_picked":["Gash","Capacitor"],"picked":"Hologram","floor":2.0},{"not_picked":["Turbo","Barrage"],"picked":"White Noise","floor":3.0},{"not_picked":["Redo","Defragment"],"picked":"Seek","floor":8.0},{"not_picked":["Rebound","Hyperbeam"],"picked":"Static Discharge","floor":11.0},{"not_picked":["Go for the Eyes","Redo"],"picked":"Sweeping Beam","floor":13.0},{"not_picked":["Steam","Sweeping Beam"],"picked":"Barrage","floor":15.0},{"not_picked":["Amplify","Rainbow"],"picked":"Seek","floor":16.0},{"not_picked":["Skim","Steam"],"picked":"Hologram","floor":18.0},{"not_picked":["Steam Power","Turbo"],"picked":"Coolheaded","floor":24.0},{"not_picked":["Streamline","Multi-Cast"],"picked":"Leap","floor":29.0},{"not_picked":["Turbo","Coolheaded"],"picked":"Beam Cell","floor":31.0},{"not_picked":["Reboot","All For One"],"picked":"Fusion","floor":33.0},{"not_picked":["Skim","Capacitor"],"picked":"Lockon","floor":35.0},{"not_picked":["Panacea","Secret Technique"],"picked":"Magnetism","floor":44.0}],"player_experience":72973,"potions_floor_usage":[50,50],"damage_taken":[{"damage":0.0,"enemies":"Cultist","floor":1.0,"turns":4.0},{"damage":3.0,"enemies":"2 Louse","floor":2.0,"turns":3.0},{"damage":2.0,"enemies":"Small Slimes","floor":3.0,"turns":3.0},{"damage":1.0,"enemies":"3 Louse","floor":7.0,"turns":4.0},{"damage":14.0,"enemies":"3 Sentries","floor":8.0,"turns":10.0},{"damage":4.0,"enemies":"Gremlin Nob","floor":11.0,"turns":3.0},{"damage":37.0,"enemies":"Lagavulin","floor":13.0,"turns":4.0},{"damage":37.0,"enemies":"Slime Boss","floor":16.0,"turns":11.0},{"damage":0.0,"enemies":"3 Byrds","floor":18.0,"turns":6.0},{"damage":14.0,"enemies":"Shell Parasite","floor":24.0,"turns":4.0},{"damage":4.0,"enemies":"3 Cultists","floor":29.0,"turns":4.0},{"damage":10.0,"enemies":"Centurion and Healer","floor":31.0,"turns":4.0},{"damage":61.0,"enemies":"Automaton","floor":33.0,"turns":9.0},{"damage":3.0,"enemies":"Orb Walker","floor":35.0,"turns":3.0},{"damage":16.0,"enemies":"3 Shapes","floor":41.0,"turns":4.0},{"damage":26.0,"enemies":"Spire Growth","floor":42.0,"turns":4.0},{"damage":30.0,"enemies":"Sphere and 2 Shapes","floor":46.0,"turns":8.0},{"damage":49,"enemies":"Donu and Deca","floor":50,"turns":7}],"event_choices":[{"event_name":"Big Fish","player_choice":"Box","floor":4.0,"damage_taken":0.0},{"event_name":"Golden Shrine","player_choice":"Pray","floor":12.0,"damage_taken":0.0},{"event_name":"Golden Idol","player_choice":"Take Wound","floor":14.0,"damage_taken":0.0},{"event_name":"Back to Basics","player_choice":"Simplicity","floor":20.0,"damage_taken":0.0},{"event_name":"Upgrade Shrine","player_choice":"Upgraded","floor":21.0,"damage_taken":0.0},{"event_name":"The Joust","player_choice":"Bet on Murderer","floor":28.0,"damage_taken":0.0},{"event_name":"Bonfire Elementals","player_choice":"UNCOMMON","floor":37.0,"damage_taken":0.0},{"event_name":"Mysterious Sphere","player_choice":"Ignore","floor":38.0,"damage_taken":0.0},{"event_name":"Winding Halls","player_choice":"Embrace Madness","floor":39.0,"damage_taken":0.0},{"event_name":"SensoryStone","player_choice":"Memory 1","floor":44.0,"damage_taken":0.0},{"event_name":"The Moai Head","player_choice":"Heal","floor":48.0,"damage_taken":0.0}],"boss_relics":[],"potions_floor_spawned":[2,3,7,18,24,31,35,41],"seed_played":"1968836858619624544","ascension_level":4,"is_trial":false}