{"gold_per_floor":[111,130,130,130,49,107,107,107,133,150,164,164,164,184,184,285,285,305,305,320,320,320],"floor_reached":22,"playtime":1332,"items_purged":[],"score":193,"play_id":"aca84005-8cf4-490e-8398-15f4cbf11471","local_time":"20190331120656","is_ascension_mode":true,"campfire_choices":[{"data":"Accuracy","floor":8,"key":"SMITH"},{"floor":15,"key":"REST"}],"neow_cost":"NONE","seed_source_timestamp":1604670436066465,"circlet_count":0,"master_deck":["Defend_G","Defend_G","Defend_G","Defend_G","Defend_G","Strike_G","Strike_G","Strike_G+1","Strike_G","Strike_G","Survivor","Neutralize+1","Footwork","Outmaneuver","Accuracy+1","Prepared","Flying Knee","Infinite Blades","Noxious Fumes","Corpse Explosion","Blade Dance","Blur"],"relics":["Ring of the Snake","Tiny Chest","Pen Nib","White Beast Statue","Lantern"],"potions_floor_usage":[6,14,16,22],"damage_taken":[{"damage":1,"enemies":"Cultist","floor":1,"turns":4},{"damage":10,"enemies":"Small Slimes","floor":2,"turns":5},{"damage":22,"enemies":"Lagavulin","floor":6,"turns":10},{"damage":8,"enemies":"Jaw Worm","floor":10,"turns":4},{"damage":9,"enemies":"Blue Slaver","floor":11,"turns":5},{"damage":6,"enemies":"Large Slime","floor":14,"turns":5},{"damage":17,"enemies":"The Guardian","floor":16,"turns":10},{"damage":35,"enemies":"Spheric Guardian","floor":18,"turns":6},{"damage":15,"enemies":"Shell Parasite","floor":20,"turns":6},{"damage":16,"enemies":"Shelled Parasite and Fungi","floor":22,"turns":1}],"seed_played":"1383589312055142074","potions_obtained":[{"floor":2,"key":"AttackPotion"},{"floor":10,"key":"Block Potion"},{"floor":11,"key":"SteroidPotion"},{"floor":16,"key":"SteroidPotion"},{"floor":18,"key":"Energy Potion"},{"floor":20,"key":"GamblersBrew"}],"is_trial":false,"path_per_floor":["M","M","$","?","$","E","T","R","T","M","M","$","?","M","R","B",null,"M","?","M","?","M"],"character_chosen":"THE_SILENT","items_purchased":["Accuracy"],"campfire_rested":1,"item_purchase_floors":[5],"current_hp_per_floor":[76,66,66,51,51,29,29,29,29,21,12,12,12,6,29,12,77,42,42,27,13,0],"gold":320,"neow_bonus":"TEN_PERCENT_HP_BONUS","is_prod":false,"is_daily":false,"chose_seed":false,"campfire_upgraded":1,"win_rate":0,"timestamp":1554052016,"path_taken":["M","M","?","?","?","E","?","R","T","M","M","$","?","M","R","BOSS","M","?","?","?","M"],"build_version":"2019-01-23","purchased_purges":0,"victory":false,"max_hp_per_floor":[77,77,77,77,77,77,77,77,77,77,77,77,77,77,77,77,77,77,77,77,82,82],"card_choices":[{"not_picked":["Poisoned Stab","Deflect"],"picked":"Footwork","floor":1},{"not_picked":["Predator","Poisoned Stab"],"picked":"Outmaneuver","floor":2},{"not_picked":["Reflex","Heel Hook"],"picked":"Prepared","floor":6},{"not_picked":["Eviscerate","Deadly Poison"],"picked":"Flying Knee","floor":10},{"not_picked":["Eviscerate","Concentrate"],"picked":"Infinite Blades","floor":11},{"not_picked":["Escape Plan","Concentrate"],"picked":"Noxious Fumes","floor":14},{"not_picked":["Unload","Night Terror"],"picked":"Corpse Explosion","floor":16},{"not_picked":["Quick Slash","Dagger Throw"],"picked":"Blade Dance","floor":18},{"not_picked":["Reflex+1","Expertise"],"picked":"Blur","floor":20}],"player_experience":128442,"relics_obtained":[{"floor":6,"key":"Tiny Chest"},{"floor":7,"key":"Pen Nib"}],"event_choices":[{"damage_healed":0,"gold_gain":0,"player_choice":"Entered Light","damage_taken":15,"max_hp_gain":0,"max_hp_loss":0,"event_name":"Shining Light","floor":4,"gold_loss":0,"cards_upgraded":["Neutralize","Strike_G"]},{"damage_healed":0,"gold_gain":0,"player_choice":"Ignored","damage_taken":0,"max_hp_gain":0,"max_hp_loss":0,"event_name":"Golden Wing","floor":13,"gold_loss":0},{"damage_healed":0,"gold_gain":0,"player_choice":"Gave Potion","damage_taken":0,"relics_obtained":["Lantern"],"max_hp_gain":0,"max_hp_loss":0,"event_name":"WeMeetAgain","floor":19,"gold_loss":0},{"damage_healed":0,"gold_gain":0,"player_choice":"Shed Blood","damage_taken":19,"max_hp_gain":5,"max_hp_loss":0,"event_name":"Forgotten Altar","floor":21,"gold_loss":0}],"is_beta":false,"boss_relics":[{"not_picked":["Busted Crown","Eternal Feather"],"picked":"White Beast Statue"}],"items_purged_floors":[],"is_endless":false,"potions_floor_spawned":[2,10,11,16,18,20],"killed_by":"Shelled Parasite and Fungi","ascension_level":1}