{"gold_per_floor":[118,136,136,311,324,356,374,20,43,13,13],"floor_reached":11,"playtime":591,"items_purged":["Regret"],"score":75,"play_id":"bcb35450-db0e-477b-afce-e1566ddf2fb2","local_time":"20190217140434","is_ascension_mode":false,"campfire_choices":[],"neow_cost":"NONE","seed_source_timestamp":71581783844485,"circlet_count":0,"master_deck":["Strike_B","Strike_B","Strike_B","Strike_B+1","Defend_B","Defend_B","Defend_B","Defend_B","Zap","Dualcast","Rebound+1","Loop","Doubt","Barrage","Ball Lightning","Steam Power","Consume","Conserve Battery","Meteor Strike","Defragment"],"relics":["Cracked Core","Anchor","Regal Pillow","Whetstone"],"potions_floor_usage":[],"damage_taken":[{"damage":0,"enemies":"Small Slimes","floor":1,"turns":3},{"damage":6,"enemies":"2 Louse","floor":2,"turns":3},{"damage":2,"enemies":"Jaw Worm","floor":5,"turns":3},{"damage":51,"enemies":"Lagavulin","floor":6,"turns":8},{"damage":2,"enemies":"2 Fungi Beasts","floor":7,"turns":3},{"damage":5,"enemies":"Looter","floor":10,"turns":3},{"damage":18,"enemies":"3 Sentries","floor":11,"turns":2}],"seed_played":"5635432705870969804","potions_obtained":[{"floor":6,"key":"Swift Potion"},{"floor":7,"key":"Explosive Potion"}],"is_trial":false,"path_per_floor":["M","M","?","?","M","E","M","$","T","M","E"],"character_chosen":"DEFECT","items_purchased":["Consume","Conserve Battery","Meteor Strike","Defragment"],"campfire_rested":0,"item_purchase_floors":[8,8,8,8],"current_hp_per_floor":[82,76,76,76,74,23,21,21,21,16,0],"gold":13,"neow_bonus":"TEN_PERCENT_HP_BONUS","is_prod":false,"is_daily":false,"chose_seed":false,"campfire_upgraded":0,"win_rate":0.0,"timestamp":1550433874,"path_taken":["M","M","?","?","M","E","M","$","T","M","E"],"build_version":"2019-01-23","purchased_purges":1,"victory":false,"max_hp_per_floor":[82,82,82,82,82,82,82,82,82,82,82],"card_choices":[{"not_picked":["Stack","Leap"],"picked":"Rebound","floor":1},{"not_picked":["Streamline","Doom and Gloom"],"picked":"Loop","floor":2},{"not_picked":["Leap","Steam"],"picked":"Barrage","floor":5},{"not_picked":["Scrape","Sunder"],"picked":"Ball Lightning","floor":6},{"not_picked":["Stack","Compile Driver"],"picked":"Steam Power","floor":7},{"not_picked":["Steam","Reboot","Beam Cell"],"picked":"SKIP","floor":10}],"player_experience":15202,"relics_obtained":[{"floor":6,"key":"Regal Pillow"},{"floor":9,"key":"Whetstone"}],"event_choices":[{"damage_healed":0,"gold_gain":0,"player_choice":"Box","damage_taken":0,"relics_obtained":["Anchor"],"max_hp_gain":0,"max_hp_loss":0,"event_name":"Big Fish","floor":3,"gold_loss":0,"cards_obtained":["Regret"]},{"damage_healed":0,"gold_gain":175,"player_choice":"AGREE","damage_taken":0,"max_hp_gain":0,"max_hp_loss":0,"event_name":"Liars Game","floor":4,"gold_loss":0,"cards_obtained":["Doubt"]}],"is_beta":false,"boss_relics":[],"items_purged_floors":[8],"is_endless":false,"potions_floor_spawned":[6,7,10],"killed_by":"3 Sentries","ascension_level":0}