{"gold_per_floor":[112,37,56,56,56,88,103,103,128,152,152,180,180,80,80,185,185,198,48,147,166,184,184,198,212,212,232,243,261,261,280,280,383,383,402,3,3,13,24,50,50,60,86,86,86,118,118,118,118,118],"floor_reached":51,"playtime":1003,"items_purged":["Body Slam","Sever Soul","Combust+1","Blood for Blood"],"score":767,"play_id":"c288ceb6-4ce2-4c47-a458-ffba9b89410c","local_time":"20180726182851","is_ascension_mode":false,"campfire_choices":[{"data":"Flex","floor":8,"key":"SMITH"},{"floor":11,"key":"REST"},{"floor":13,"key":"REST"},{"data":"Sword Boomerang","floor":15,"key":"SMITH"},{"data":"Limit Break","floor":23,"key":"SMITH"},{"floor":32,"key":"REST"},{"data":"Pommel Strike","floor":41,"key":"SMITH"},{"data":"Double Tap","floor":45,"key":"SMITH"},{"data":"Sword Boomerang","floor":47,"key":"SMITH"},{"floor":49,"key":"REST"}],"neow_cost":"NONE","seed_source_timestamp":13294535669802,"circlet_count":0,"master_deck":["Battle Trance","Sword Boomerang+1","Inflame","Flex+1","Sword Boomerang+1","Feed+1","Pommel Strike+1","Limit Break+1","Battle Trance+1","Thunderclap+1","Flex+1","Double Tap+1","Fire Breathing","Pummel+1"],"relics":["Pandora\u0027s Box","Regal Pillow","Omamori","Dream Catcher","Lantern","Happy Flower","Astrolabe","Shuriken","Potion Belt","Lizard Tail","Dodecahedron","Bronze Scales","Whetstone","Red Skull","Pantograph"],"potions_floor_usage":[16,28,38,40,46,50,50,50],"damage_taken":[{"damage":0,"enemies":"Cultist","floor":1,"turns":2},{"damage":11,"enemies":"Small Slimes","floor":3,"turns":3},{"damage":24,"enemies":"3 Sentries","floor":6,"turns":4},{"damage":11,"enemies":"Jaw Worm","floor":7,"turns":2},{"damage":18,"enemies":"Lagavulin","floor":12,"turns":3},{"damage":42,"enemies":"Hexaghost","floor":16,"turns":3},{"damage":10,"enemies":"Shell Parasite","floor":18,"turns":2},{"damage":5,"enemies":"3 Byrds","floor":21,"turns":2},{"damage":12,"enemies":"Centurion and Healer","floor":22,"turns":2},{"damage":12,"enemies":"3 Cultists","floor":24,"turns":3},{"damage":0,"enemies":"Snecko","floor":25,"turns":1},{"damage":12,"enemies":"Centurion and Healer","floor":27,"turns":2},{"damage":0,"enemies":"Sentry and Sphere","floor":28,"turns":2},{"damage":0,"enemies":"3 Cultists","floor":29,"turns":2},{"damage":0,"enemies":"Snecko","floor":31,"turns":1},{"damage":12,"enemies":"Champ","floor":33,"turns":3},{"damage":0,"enemies":"Flame Bruiser 1 Orb","floor":35,"turns":2},{"damage":0,"enemies":"3 Darklings","floor":38,"turns":1},{"damage":5,"enemies":"Maw","floor":39,"turns":4},{"damage":31,"enemies":"2 Orb Walkers","floor":40,"turns":3},{"damage":9,"enemies":"Flame Bruiser 2 Orb","floor":42,"turns":2},{"damage":0,"enemies":"Nemesis","floor":46,"turns":1},{"damage":48,"enemies":"Time Eater","floor":50,"turns":3}],"seed_played":"6760225006976640111","potions_obtained":[{"floor":3,"key":"FearPotion"},{"floor":16,"key":"Energy Potion"},{"floor":21,"key":"Dexterity Potion"},{"floor":25,"key":"Regen Potion"},{"floor":29,"key":"EssenceOfSteel"},{"floor":33,"key":"FearPotion"},{"floor":35,"key":"Block Potion"},{"floor":39,"key":"Ancient Potion"},{"floor":46,"key":"Swift Potion"}],"is_trial":false,"path_per_floor":["M","$","M","?","?","E","M","R","T","T","R","E","R","$","R","B",null,"M","$","?","M","M","R","M","M","T","M","M","M","T","M","R","B",null,"M","$","?","M","M","E","R","M","T","?","R","E","R","?","R","B"],"character_chosen":"IRONCLAD","items_purchased":["Thunderclap","Dodecahedron"],"campfire_rested":4,"item_purchase_floors":[19,36],"current_hp_per_floor":[80,80,69,80,77,53,42,42,42,42,80,65,83,83,83,44,86,79,79,79,77,68,68,59,59,59,50,55,58,58,58,104,92,104,104,104,104,104,99,68,68,59,59,59,59,59,59,59,104,56],"gold":118,"neow_bonus":"BOSS_RELIC","is_prod":false,"is_daily":false,"chose_seed":false,"campfire_upgraded":6,"win_rate":0,"timestamp":1532600931,"path_taken":["M","$","M","?","?","E","M","R","T","?","R","E","R","$","R","BOSS","M","$","?","?","M","R","M","M","T","M","M","M","?","M","R","BOSS","M","$","?","M","M","E","R","?","T","?","R","E","R","?","R","BOSS"],"build_version":"2018-07-19v2","purchased_purges":4,"victory":true,"max_hp_per_floor":[80,80,80,80,80,80,80,80,80,80,80,83,83,83,83,86,86,89,89,89,92,95,95,98,98,98,101,101,104,104,104,104,104,104,104,104,104,104,104,104,104,104,104,104,104,104,104,104,104,104],"card_choices":[{"not_picked":["Iron Wave","Sword Boomerang"],"picked":"Flex","floor":1},{"not_picked":["Cleave","Bloodletting"],"picked":"Sword Boomerang","floor":3},{"not_picked":["Twin Strike","Disarm","Iron Wave"],"picked":"SKIP","floor":6},{"not_picked":["True Grit","Ghostly Armor","Armaments"],"picked":"SKIP","floor":7},{"not_picked":["Cleave","Feel No Pain"],"picked":"Feed","floor":11},{"not_picked":["Blood for Blood","Perfected Strike","Body Slam"],"picked":"SKIP","floor":12},{"not_picked":["Armaments","Clash"],"picked":"Pommel Strike","floor":13},{"not_picked":["Offering","Brutality"],"picked":"Limit Break","floor":16},{"not_picked":["Body Slam+1","Uppercut","Intimidate"],"picked":"SKIP","floor":18},{"not_picked":["Evolve+1","Warcry","Pommel Strike+1"],"picked":"SKIP","floor":21},{"not_picked":["Flame Barrier+1","Clothesline","Cleave"],"picked":"SKIP","floor":22},{"not_picked":["Whirlwind","Shrug It Off+1","Armaments"],"picked":"SKIP","floor":24},{"not_picked":["Immolate","Iron Wave","Shockwave"],"picked":"SKIP","floor":25},{"not_picked":["Warcry+1","Shrug It Off","Iron Wave"],"picked":"SKIP","floor":27},{"not_picked":["Heavy Blade","Body Slam","Carnage+1"],"picked":"SKIP","floor":28},{"not_picked":["Warcry","Whirlwind","Rage"],"picked":"SKIP","floor":29},{"not_picked":["Demon Form","Headbutt+1"],"picked":"Flex+1","floor":31},{"not_picked":["Juggernaut","Bludgeon"],"picked":"Double Tap","floor":33},{"not_picked":["Dual Wield+1","Warcry+1","Clash+1"],"picked":"SKIP","floor":35},{"not_picked":["Perfected Strike+1","Heavy Blade+1","Seeing Red"],"picked":"SKIP","floor":38},{"not_picked":["Cleave+1","Iron Wave+1","Body Slam"],"picked":"SKIP","floor":39},{"not_picked":["Bloodletting+1","Blood for Blood","Ghostly Armor"],"picked":"SKIP","floor":40},{"not_picked":["Wild Strike","Clothesline+1"],"picked":"Pummel+1","floor":42},{"not_picked":["Body Slam+1","Warcry","Carnage+1"],"picked":"SKIP","floor":46}],"player_experience":324485,"relics_obtained":[{"floor":6,"key":"Omamori"},{"floor":9,"key":"Dream Catcher"},{"floor":10,"key":"Lantern"},{"floor":12,"key":"Happy Flower"},{"floor":26,"key":"Shuriken"},{"floor":30,"key":"Potion Belt"},{"floor":40,"key":"Bronze Scales"},{"floor":43,"key":"Whetstone"},{"floor":46,"key":"Red Skull"}],"event_choices":[{"event_name":"Bonfire Elementals","player_choice":"UNCOMMON","floor":4,"damage_taken":0},{"event_name":"Scrap Ooze","player_choice":"success","floor":5,"damage_taken":3},{"event_name":"Nest","player_choice":"Stole From Cult","floor":20,"damage_taken":0},{"event_name":"Transmorgrifier","player_choice":"Transform","floor":37,"damage_taken":0},{"event_name":"Mysterious Sphere","player_choice":"Ignore","floor":44,"damage_taken":0},{"event_name":"Wheel of Change","player_choice":"Relic","floor":48,"damage_taken":0}],"is_beta":false,"boss_relics":[{"not_picked":["Velvet Choker","Fusion Hammer"],"picked":"Astrolabe"},{"not_picked":["Cursed Key","Coffee Dripper"],"picked":"Lizard Tail"}],"items_purged_floors":[2,14,19,36],"is_endless":false,"potions_floor_spawned":[3,16,21,25,29,33,35,39,46],"ascension_level":0}