{"gold_per_floor":[115,115,95,114,189,189,220,238,262,262,130,130,146,161,161,235,235,253,269,269,39,39,39,49,82,82,102,102,115,128,53,53,131,131,148,165,1164,1183,1183],"floor_reached":39,"playtime":1341,"items_purged":["Strike_B","Strike_B"],"score":1051,"play_id":"b60dae83-bfc9-4935-aad7-8ebd39fae22e","local_time":"20190428153343","is_ascension_mode":true,"campfire_choices":[{"data":"Defragment","floor":6.0,"key":"SMITH"},{"data":"Zap","floor":10.0,"key":"SMITH"},{"data":"Darkness","floor":15.0,"key":"SMITH"},{"data":"Dualcast","floor":23.0,"key":"SMITH"},{"data":"Loop","floor":28.0,"key":"SMITH"},{"data":"Capacitor","floor":32.0,"key":"SMITH"}],"neow_cost":"NONE","seed_source_timestamp":317152474949652,"circlet_count":0,"master_deck":["AscendersBane","Zap+1","Dualcast+1","Defragment+1","BootSequence","Loop+1","Hologram","Turbo","Darkness+1","Biased Cognition","Go for the Eyes+1","Steam+1","Glacier","Capacitor+1","Seek","Reprogram+1","Hologram","Biased Cognition+1","Meteor Strike","White Noise","Rip and Tear","Gash","Loop+1","Recycle","Amplify","Defragment+1"],"special_seed":0,"relics":["NeowsBlessing","Omamori","Potion Belt","Runic Pyramid","Nloth\u0027s Gift","Whetstone","Frozen Egg 2","Pandora\u0027s Box"],"potions_floor_usage":[],"damage_taken":[{"damage":0.0,"enemies":"Small Slimes","floor":1.0,"turns":1.0},{"damage":0.0,"enemies":"Cultist","floor":4.0,"turns":1.0},{"damage":0.0,"enemies":"3 Sentries","floor":7.0,"turns":1.0},{"damage":0.0,"enemies":"2 Louse","floor":8.0,"turns":2.0},{"damage":0.0,"enemies":"Gremlin Nob","floor":12.0,"turns":2.0},{"damage":6.0,"enemies":"Looter","floor":13.0,"turns":4.0},{"damage":12.0,"enemies":"3 Louse","floor":14.0,"turns":4.0},{"damage":18.0,"enemies":"Hexaghost","floor":16.0,"turns":8.0},{"damage":0.0,"enemies":"Spheric Guardian","floor":18.0,"turns":3.0},{"damage":30.0,"enemies":"Shell Parasite","floor":19.0,"turns":6.0},{"damage":0.0,"enemies":"Sentry and Sphere","floor":24.0,"turns":6.0},{"damage":6.0,"enemies":"Gremlin Leader","floor":25.0,"turns":6.0},{"damage":8.0,"enemies":"Centurion and Healer","floor":27.0,"turns":7.0},{"damage":0.0,"enemies":"Snecko","floor":29.0,"turns":4.0},{"damage":0.0,"enemies":"Cultist and Chosen","floor":30.0,"turns":8.0},{"damage":0.0,"enemies":"Champ","floor":33.0,"turns":9.0},{"damage":6.0,"enemies":"Orb Walker","floor":35.0,"turns":4.0},{"damage":10.0,"enemies":"3 Darklings","floor":36.0,"turns":9.0},{"damage":13.0,"enemies":"Transient","floor":38.0,"turns":6.0},{"damage":16,"enemies":"Spire Growth","floor":39,"turns":3}],"seed_played":"5467217421263904289","potions_obtained":[{"floor":1.0,"key":"SmokeBomb"},{"floor":3.0,"key":"Regen Potion"},{"floor":13.0,"key":"EssenceOfSteel"},{"floor":14.0,"key":"SkillPotion"},{"floor":18.0,"key":"Regen Potion"},{"floor":19.0,"key":"Strength Potion"},{"floor":25.0,"key":"GamblersBrew"},{"floor":35.0,"key":"SneckoOil"}],"is_trial":false,"path_per_floor":["M","?","?","M","?","R","E","M","T","R","$","E","M","M","R","B",null,"M","M","?","$","?","R","M","E","T","M","R","M","M","?","R","B",null,"M","M","?","M","M"],"character_chosen":"DEFECT","items_purchased":["Hologram","Glacier","Capacitor"],"campfire_rested":0,"item_purchase_floors":[11,21,21],"current_hp_per_floor":[64,43,43,43,32,32,32,32,32,32,32,32,26,14,14,11,56,56,26,26,26,26,26,41,35,35,27,27,27,27,27,27,27,60,54,44,44,31,15],"gold":1183,"neow_bonus":"THREE_ENEMY_KILL","is_prod":false,"is_daily":false,"chose_seed":false,"campfire_upgraded":6,"win_rate":0,"timestamp":1556436823,"path_taken":["M","?","?","?","?","R","E","M","T","R","$","E","M","M","R","BOSS","M","M","?","$","?","R","?","E","T","M","R","M","M","?","R","BOSS","M","M","?","M","M"],"build_version":"2019-01-23","purchased_purges":2,"victory":false,"max_hp_per_floor":[71,71,71,71,71,71,71,71,71,71,71,71,71,71,71,71,71,71,71,71,71,71,71,71,71,71,71,71,71,71,71,71,71,71,71,71,71,71,71],"card_choices":[{"not_picked":["Steam Power","Steam","Lockon"],"picked":"SKIP","floor":1.0},{"not_picked":["Genetic Algorithm","Hologram"],"picked":"Defragment","floor":4.0},{"not_picked":["Cold Snap","Lockon"],"picked":"BootSequence","floor":7.0},{"not_picked":["Beam Cell","Gash"],"picked":"Loop","floor":8.0},{"not_picked":["Auto Shields","Consume"],"picked":"Turbo","floor":13.0},{"not_picked":["Double Energy","Electrodynamics"],"picked":"Darkness","floor":14.0},{"not_picked":["Machine Learning","Rainbow"],"picked":"Biased Cognition","floor":16.0},{"not_picked":["Leap","Consume"],"picked":"Go for the Eyes","floor":18.0},{"not_picked":["Turbo","Stack"],"picked":"Steam+1","floor":19.0},{"not_picked":["Doom and Gloom","Rip and Tear","Steam Power"],"picked":"SKIP","floor":24.0},{"not_picked":["Biased Cognition","Turbo"],"picked":"Seek","floor":25.0},{"not_picked":["Leap","Doom and Gloom"],"picked":"Reprogram+1","floor":27.0},{"not_picked":["Beam Cell","Hyperbeam"],"picked":"Hologram","floor":29.0},{"not_picked":["Leap","Tempest"],"picked":"Biased Cognition+1","floor":30.0},{"not_picked":["Amplify","Hyperbeam"],"picked":"Meteor Strike","floor":33.0},{"not_picked":["Ball Lightning","Doom and Gloom","Darkness"],"picked":"SKIP","floor":35.0},{"not_picked":["White Noise+1","Turbo"],"picked":"Amplify","floor":36.0},{"not_picked":["Rebound","Conserve Battery"],"picked":"Defragment+1","floor":38.0}],"player_experience":1492475,"relics_obtained":[{"floor":7.0,"key":"Omamori"},{"floor":9.0,"key":"Potion Belt"},{"floor":25.0,"key":"Whetstone"},{"floor":26.0,"key":"Frozen Egg 2"}],"event_choices":[{"damage_healed":0.0,"max_hp_gain":0.0,"max_hp_loss":0.0,"gold_gain":0.0,"event_name":"Shining Light","player_choice":"Entered Light","floor":2.0,"gold_loss":0.0,"damage_taken":21.0,"cards_upgraded":["Defend_B","Defend_B"]},{"damage_healed":0.0,"max_hp_gain":0.0,"max_hp_loss":0.0,"gold_gain":0.0,"event_name":"The Woman in Blue","player_choice":"Bought 1 Potion","floor":3.0,"gold_loss":0.0,"damage_taken":0.0},{"damage_healed":0.0,"max_hp_gain":0.0,"max_hp_loss":0.0,"gold_gain":75.0,"event_name":"World of Goop","player_choice":"Gather Gold","floor":5.0,"gold_loss":0.0,"damage_taken":11.0},{"damage_healed":0.0,"max_hp_gain":0.0,"max_hp_loss":0.0,"gold_gain":0.0,"event_name":"The Mausoleum","player_choice":"Ignored","floor":20.0,"gold_loss":0.0,"damage_taken":0.0},{"damage_healed":0.0,"max_hp_gain":0.0,"max_hp_loss":0.0,"gold_gain":0.0,"event_name":"N\u0027loth","player_choice":"Traded Relic","floor":22.0,"relics_lost":["Cracked Core"],"gold_loss":0.0,"damage_taken":0.0,"relics_obtained":["Nloth\u0027s Gift"]},{"cards_removed":["Strike_B"],"damage_healed":0.0,"max_hp_gain":0.0,"max_hp_loss":0.0,"gold_gain":0.0,"event_name":"Beggar","player_choice":"Gave Gold","floor":31.0,"gold_loss":75.0,"damage_taken":0.0},{"damage_healed":0.0,"max_hp_gain":0.0,"max_hp_loss":0.0,"gold_gain":999.0,"event_name":"MindBloom","player_choice":"Gold","floor":37.0,"gold_loss":0.0,"damage_taken":0.0,"cards_obtained":["Normality","Normality"]}],"is_beta":false,"boss_relics":[{"not_picked":["Nuclear Battery","Tiny House"],"picked":"Runic Pyramid"},{"not_picked":["Calling Bell","Cursed Key"],"picked":"Pandora\u0027s Box"}],"items_purged_floors":[11,21],"is_endless":false,"potions_floor_spawned":[1,4,13,14,18,19,25,35],"killed_by":"Spire Growth","ascension_level":20}