{"gold_per_floor":[110,110,110,110,128,159,159,195,195,215,59,73,17,17,17,110,110,124,140,140,190,190],"floor_reached":22,"playtime":589,"items_purged":["Regret"],"score":412,"play_id":"0c8e2209-6372-4a64-b7a1-de8d84b4a2f8","local_time":"20181115153342","is_ascension_mode":true,"campfire_choices":[{"data":"Bouncing Flask","floor":7,"key":"SMITH"},{"data":"Wraith Form v2","floor":15,"key":"SMITH"}],"neow_cost":"NONE","seed_source_timestamp":78236775739361,"circlet_count":0,"master_deck":["AscendersBane","Defend_G","Defend_G","Defend_G","Defend_G","Defend_G","Strike_G","Strike_G","Strike_G","Strike_G","Strike_G","Survivor","Neutralize","Blade Dance","Injury","Bouncing Flask+1","Riddle With Holes","PiercingWail","Wraith Form v2+1","Accuracy","Dodge and Roll","Cloak And Dagger","A Thousand Cuts","Endless Agony+1","RitualDagger"],"relics":["Ring of the Snake","NeowsBlessing","Golden Idol","Mummified Hand","Orichalcum","Pantograph","Paper Crane","Philosopher\u0027s Stone"],"potions_floor_usage":[8,10,18,19],"damage_taken":[{"damage":0,"enemies":"Jaw Worm","floor":1,"turns":1},{"damage":0,"enemies":"Small Slimes","floor":5,"turns":1},{"damage":0,"enemies":"3 Sentries","floor":6,"turns":2},{"damage":38,"enemies":"Gremlin Nob","floor":8,"turns":5},{"damage":5,"enemies":"2 Louse","floor":10,"turns":3},{"damage":0,"enemies":"Blue Slaver","floor":12,"turns":4},{"damage":22,"enemies":"The Guardian","floor":16,"turns":12},{"damage":9,"enemies":"3 Byrds","floor":18,"turns":5},{"damage":19,"enemies":"2 Thieves","floor":19,"turns":5},{"damage":21,"enemies":"Snake Plant","floor":22,"turns":1}],"seed_played":"-4979237441023767680","potions_obtained":[{"floor":6,"key":"Ancient Potion"},{"floor":8,"key":"Swift Potion"},{"floor":16,"key":"Poison Potion"},{"floor":18,"key":"GamblersBrew"}],"is_trial":false,"path_per_floor":["M","?","?","?","M","E","R","E","T","M","$","M","$","?","R","B",null,"M","M","?","?","M"],"character_chosen":"THE_SILENT","items_purchased":["Accuracy","Cloak And Dagger"],"campfire_rested":0,"item_purchase_floors":[11,13],"current_hp_per_floor":[59,59,59,59,59,59,59,21,21,16,16,16,16,16,16,19,54,45,26,20,20,0],"gold":190,"neow_bonus":"THREE_ENEMY_KILL","is_prod":false,"is_daily":false,"chose_seed":false,"campfire_upgraded":2,"win_rate":0,"timestamp":1542314022,"path_taken":["M","?","?","?","M","E","R","E","T","M","$","M","$","?","R","BOSS","M","M","?","?","M"],"build_version":"2018-11-08","purchased_purges":1,"victory":false,"max_hp_per_floor":[66,66,66,66,66,66,66,66,66,66,66,66,66,66,66,66,66,66,66,66,66,66],"card_choices":[{"not_picked":["Poisoned Stab","Expertise"],"picked":"Blade Dance","floor":1},{"not_picked":["Expertise","Well Laid Plans"],"picked":"Bouncing Flask","floor":5},{"not_picked":["Blur","Underhanded Strike"],"picked":"Riddle With Holes","floor":6},{"not_picked":["Deadly Poison","Acrobatics"],"picked":"PiercingWail","floor":8},{"not_picked":["Dagger Throw","Endless Agony"],"picked":"Wraith Form v2","floor":10},{"not_picked":["Backflip","Poisoned Stab"],"picked":"Dodge and Roll","floor":12},{"not_picked":["Die Die Die","Bullet Time"],"picked":"A Thousand Cuts","floor":16},{"not_picked":["Acrobatics","Skewer"],"picked":"Endless Agony+1","floor":18},{"not_picked":["Bane","Prepared","Underhanded Strike"],"picked":"SKIP","floor":19}],"player_experience":722273,"relics_obtained":[{"floor":6,"key":"Orichalcum"},{"floor":8,"key":"Pantograph"},{"floor":9,"key":"Paper Crane"}],"event_choices":[{"damage_healed":0,"gold_gain":0,"player_choice":"Take Wound","damage_taken":0,"relics_obtained":["Golden Idol"],"max_hp_gain":0,"max_hp_loss":0,"event_name":"Golden Idol","floor":2,"gold_loss":0,"cards_obtained":["Injury"]},{"damage_healed":0,"gold_gain":0,"player_choice":"Box","damage_taken":0,"relics_obtained":["Mummified Hand"],"max_hp_gain":0,"max_hp_loss":0,"event_name":"Big Fish","floor":3,"gold_loss":0,"cards_obtained":["Regret"]},{"damage_healed":0,"gold_gain":0,"player_choice":"Ignored","damage_taken":0,"max_hp_gain":0,"max_hp_loss":0,"event_name":"Liars Game","floor":4,"gold_loss":0},{"damage_healed":0,"gold_gain":0,"player_choice":"Searched \u00270\u0027 times","damage_taken":0,"max_hp_gain":0,"max_hp_loss":0,"event_name":"Dead Adventurer","floor":14,"gold_loss":0},{"damage_healed":0,"gold_gain":0,"player_choice":"Joined the Cult","damage_taken":6,"max_hp_gain":0,"max_hp_loss":0,"event_name":"Nest","floor":20,"gold_loss":0,"cards_obtained":["RitualDagger"]},{"damage_healed":0,"gold_gain":50,"player_choice":"Pray","damage_taken":0,"max_hp_gain":0,"max_hp_loss":0,"event_name":"Golden Shrine","floor":21,"gold_loss":0}],"is_beta":false,"boss_relics":[{"not_picked":["Runic Pyramid","Orrery"],"picked":"Philosopher\u0027s Stone"}],"items_purged_floors":[11],"is_endless":false,"potions_floor_spawned":[6,8,16,18],"killed_by":"Snake Plant","ascension_level":18}