{"gold_per_floor":[117,127,302,302,302,338,351,364,419,439,453,453,528,264,264,264],"floor_reached":16,"playtime":510,"items_purged":["Doubt"],"score":203,"play_id":"9895621f-c0c3-4d2b-90cb-7d63177ffcb1","local_time":"20190506115732","is_ascension_mode":true,"campfire_choices":[{"data":"Neutralize","floor":12,"key":"SMITH"},{"floor":15,"key":"REST"}],"neow_cost":"NONE","seed_source_timestamp":64060239599945,"circlet_count":0,"master_deck":["AscendersBane","Defend_G","Defend_G","Defend_G","Defend_G","Defend_G","Strike_G","Strike_G","Strike_G","Strike_G","Strike_G","Survivor","Neutralize+1","Footwork","Heel Hook","Crippling Poison+1","Masterful Stab","Dodge and Roll+1","Poisoned Stab","Endless Agony","Chrysalis+1"],"relics":["Ring of the Snake","NeowsBlessing","Golden Idol","Toxic Egg 2","Bronze Scales","Anchor"],"potions_floor_usage":[16,16],"damage_taken":[{"damage":0,"enemies":"Small Slimes","floor":1,"turns":1},{"damage":0,"enemies":"2 Louse","floor":2,"turns":1},{"damage":0,"enemies":"Lagavulin","floor":6,"turns":1},{"damage":0,"enemies":"Cultist","floor":7,"turns":4},{"damage":3,"enemies":"Looter","floor":8,"turns":3},{"damage":0,"enemies":"3 Louse","floor":10,"turns":2},{"damage":0,"enemies":"2 Fungi Beasts","floor":11,"turns":4},{"damage":43,"enemies":"Slime Boss","floor":16,"turns":7}],"seed_played":"4718995098115227243","potions_obtained":[{"floor":2,"key":"Strength Potion"},{"floor":6,"key":"LiquidBronze"},{"floor":7,"key":"FearPotion"},{"floor":10,"key":"GhostInAJar"}],"is_trial":false,"path_per_floor":["M","M","?","?","?","E","M","M","T","M","M","R","?","$","R","B"],"character_chosen":"THE_SILENT","items_purchased":["Chrysalis+1"],"campfire_rested":1,"item_purchase_floors":[14],"current_hp_per_floor":[63,63,63,46,46,46,46,43,43,43,43,43,32,32,53,10],"gold":264,"neow_bonus":"THREE_ENEMY_KILL","is_prod":false,"is_daily":false,"chose_seed":false,"campfire_upgraded":1,"win_rate":0,"timestamp":1557169052,"path_taken":["M","M","?","?","?","E","M","?","T","M","M","R","?","$","R","BOSS"],"build_version":"2019-01-23","purchased_purges":1,"victory":false,"max_hp_per_floor":[70,70,70,70,70,70,70,70,70,70,70,70,70,70,70,70],"card_choices":[{"not_picked":["Bane","Dodge and Roll"],"picked":"Footwork","floor":1},{"not_picked":["Dodge and Roll","Leg Sweep"],"picked":"Heel Hook","floor":2},{"not_picked":["Dagger Throw","Sucker Punch"],"picked":"Crippling Poison+1","floor":6},{"not_picked":["PiercingWail+1","Flechettes"],"picked":"Masterful Stab","floor":7},{"not_picked":["Doppelganger+1","Bane"],"picked":"Dodge and Roll+1","floor":8},{"not_picked":["Skewer","Flying Knee"],"picked":"Poisoned Stab","floor":10},{"not_picked":["Masterful Stab","Underhanded Strike"],"picked":"Endless Agony","floor":11}],"player_experience":582913,"relics_obtained":[{"floor":6,"key":"Bronze Scales"},{"floor":9,"key":"Anchor"}],"event_choices":[{"damage_healed":0,"gold_gain":175,"player_choice":"AGREE","damage_taken":0,"max_hp_gain":0,"max_hp_loss":0,"event_name":"Liars Game","floor":3,"gold_loss":0,"cards_obtained":["Doubt"]},{"damage_healed":0,"gold_gain":0,"player_choice":"Take Damage","damage_taken":17,"relics_obtained":["Golden Idol"],"max_hp_gain":0,"max_hp_loss":0,"event_name":"Golden Idol","floor":4,"gold_loss":0},{"damage_healed":0,"gold_gain":0,"player_choice":"Gave Potion","damage_taken":0,"relics_obtained":["Toxic Egg 2"],"max_hp_gain":0,"max_hp_loss":0,"event_name":"WeMeetAgain","floor":5,"gold_loss":0},{"damage_healed":0,"gold_gain":75,"player_choice":"Gather Gold","damage_taken":11,"max_hp_gain":0,"max_hp_loss":0,"event_name":"World of Goop","floor":13,"gold_loss":0}],"is_beta":false,"boss_relics":[],"items_purged_floors":[14],"is_endless":false,"potions_floor_spawned":[2,6,7,10],"killed_by":"Slime Boss","ascension_level":12}