{"gold_per_floor":[359,375,389,17,28,28,48,78,78,78,3,18,18,32,32,104,104,115,115,148,148,148,148,125,125,148,198,198,215,215,226,226,304,304,316,316,316,328,346,373,373,400,480,490,508,508,522,553,553,553,553,553,553,22,56,56],"floor_reached":57,"playtime":3424,"items_purged":["Strike_B","Defend_B"],"score":3063,"play_id":"3e3d76e6-4304-4393-8d55-9448533d2cec","local_time":"20190502214755","is_ascension_mode":true,"campfire_choices":[{"data":"Apotheosis","floor":6.0,"key":"SMITH"},{"data":"Defragment","floor":10.0,"key":"SMITH"},{"floor":15.0,"key":"REST"},{"data":"Defragment","floor":23.0,"key":"SMITH"},{"data":"Coolheaded","floor":25.0,"key":"SMITH"},{"data":"Recycle","floor":30,"key":"SMITH"},{"data":"Sunder","floor":32,"key":"SMITH"},{"data":"Fission","floor":41,"key":"SMITH"},{"data":"Fusion","floor":46,"key":"SMITH"},{"floor":49,"key":"RECALL"},{"data":"Master of Strategy","floor":53,"key":"SMITH"}],"neow_cost":"TEN_PERCENT_HP_LOSS","seed_source_timestamp":683046441929093,"circlet_count":0,"master_deck":["AscendersBane","Defend_B","Defend_B","Defend_B","Zap","Dualcast","Turbo+1","Double Energy","Skim","Apotheosis+1","Defragment+1","BootSequence","Recycle+1","Core Surge+1","Sunder+1","Chill","Echo Form","Coolheaded+1","Thunder Strike","Defragment+1","Glacier+1","Decay","Compile Driver","Ghostly","Ghostly","Ghostly","Skim","Coolheaded+1","Fission+1","Tempest","Panacea","Master of Strategy+1","Flash of Steel+1","Conserve Battery+1","Fusion+1","Recycle+1","Chaos","Hologram","Machine Learning","Finesse","Capacitor+1"],"special_seed":0,"relics":["Cracked Core","Pen Nib","Matryoshka","Symbiotic Virus","Eternal Feather","Red Mask","Centennial Puzzle","Anchor","Runic Pyramid","Art of War","Whetstone","Smiling Mask","Meat on the Bone","Torii","Strawberry"],"potions_floor_usage":[48,56,56],"damage_taken":[{"damage":0.0,"enemies":"Cultist","floor":1.0,"turns":3.0},{"damage":0.0,"enemies":"2 Louse","floor":2.0,"turns":2.0},{"damage":0.0,"enemies":"Small Slimes","floor":3.0,"turns":3.0},{"damage":11.0,"enemies":"Exordium Wildlife","floor":5.0,"turns":4.0},{"damage":11.0,"enemies":"3 Louse","floor":7.0,"turns":3.0},{"damage":20.0,"enemies":"3 Sentries","floor":8.0,"turns":10.0},{"damage":12.0,"enemies":"Large Slime","floor":12.0,"turns":7.0},{"damage":2.0,"enemies":"2 Fungi Beasts","floor":14.0,"turns":3.0},{"damage":1.0,"enemies":"Slime Boss","floor":16.0,"turns":6.0},{"damage":14.0,"enemies":"Spheric Guardian","floor":18.0,"turns":5.0},{"damage":28.0,"enemies":"Masked Bandits","floor":20.0,"turns":4.0},{"damage":6.0,"enemies":"2 Thieves","floor":24.0,"turns":5.0},{"damage":3,"enemies":"Cultist and Chosen","floor":29,"turns":10},{"damage":0,"enemies":"Centurion and Healer","floor":31,"turns":6},{"damage":18,"enemies":"Automaton","floor":33,"turns":7},{"damage":0,"enemies":"3 Shapes","floor":35,"turns":6},{"damage":0,"enemies":"3 Darklings","floor":38,"turns":6},{"damage":0,"enemies":"Writhing Mass","floor":39,"turns":4},{"damage":0,"enemies":"Giant Head","floor":40,"turns":4},{"damage":0,"enemies":"Nemesis","floor":42,"turns":7},{"damage":4,"enemies":"Jaw Worm Horde","floor":44,"turns":4},{"damage":0,"enemies":"Sphere and 2 Shapes","floor":45,"turns":6},{"damage":0,"enemies":"Writhing Mass","floor":47,"turns":5},{"damage":0,"enemies":"Reptomancer","floor":48,"turns":7},{"damage":0,"enemies":"Donu and Deca","floor":50,"turns":8},{"damage":0,"enemies":"Awakened One","floor":51,"turns":8},{"damage":2,"enemies":"Shield and Spear","floor":55,"turns":4},{"damage":25,"enemies":"The Heart","floor":56,"turns":9}],"seed_played":"8476296917749080029","potions_obtained":[{"floor":5.0,"key":"Ancient Potion"},{"floor":8.0,"key":"Dexterity Potion"},{"floor":16.0,"key":"FocusPotion"},{"floor":20.0,"key":"EssenceOfSteel"},{"floor":38,"key":"SkillPotion"},{"floor":48,"key":"SmokeBomb"}],"is_trial":false,"path_per_floor":["M","M","M","$","M","R","M","E","T","R","?","M","?","M","R","B",null,"M","?","?","?","?","R","M","R","T","?","?","M","R","M","R","B",null,"M","?","?","M","M","E","R","E","T","M","M","R","M","E","R","B","B",null,"R","$","E","B",null],"character_chosen":"DEFECT","items_purchased":["Apotheosis","Defragment","Weak Potion","Torii","Finesse"],"campfire_rested":1,"item_purchase_floors":[4,4,54,54,54],"current_hp_per_floor":[64,64,64,64,53,53,42,22,22,22,22,10,10,8,27,26,55,41,41,13,13,13,25,19,31,31,31,31,28,32,32,32,14,28,28,18,18,18,18,18,32,32,32,28,28,32,32,32,32,32,32,32,32,32,37,24],"gold":56,"neow_bonus":"TWO_FIFTY_GOLD","is_prod":false,"is_daily":false,"chose_seed":false,"campfire_upgraded":9,"win_rate":0,"timestamp":1556804875,"path_taken":["M","M","M","$","M","R","?","E","T","R","?","M","?","?","R","BOSS","M","?","?","?","?","R","M","R","T","?","?","?","R","M","R","BOSS","M","?","?","M","M","E","R","E","T","?","M","R","M","E","R","BOSS","BOSS","R","$","E","BOSS"],"build_version":"2019-01-23","purchased_purges":2,"victory":true,"max_hp_per_floor":[64,64,64,64,64,64,64,64,64,64,64,64,64,64,64,64,64,64,64,64,64,64,64,64,64,64,64,32,32,32,32,32,32,32,32,32,32,32,32,32,32,32,32,32,32,32,32,32,32,32,32,32,32,32,39,39],"card_choices":[{"not_picked":["Gash","Beam Cell"],"picked":"Turbo","floor":1.0},{"not_picked":["Leap","Stack"],"picked":"Double Energy","floor":2.0},{"not_picked":["Consume","Steam"],"picked":"Skim","floor":3.0},{"not_picked":["Turbo","Compile Driver"],"picked":"BootSequence","floor":5.0},{"not_picked":["Aggregate","Conserve Battery"],"picked":"Recycle","floor":7.0},{"not_picked":["Streamline","Turbo"],"picked":"Core Surge","floor":8.0},{"not_picked":["Beam Cell","Compile Driver"],"picked":"Sunder","floor":12.0},{"not_picked":["Barrage","Leap"],"picked":"Chill","floor":14.0},{"not_picked":["Creative AI","Reboot"],"picked":"Echo Form","floor":16.0},{"not_picked":["Gash","Rebound"],"picked":"Coolheaded","floor":18.0},{"not_picked":["Heatsinks","Aggregate"],"picked":"Glacier+1","floor":20.0},{"not_picked":["Sweeping Beam","Rebound+1"],"picked":"Compile Driver","floor":24.0},{"not_picked":["Fusion","Stack"],"picked":"Skim","floor":29},{"not_picked":["Go for the Eyes","Redo"],"picked":"Coolheaded+1","floor":31},{"not_picked":["Multi-Cast","Creative AI"],"picked":"Fission","floor":33},{"not_picked":["Redo+1","Steam+1"],"picked":"Tempest","floor":35},{"not_picked":["Blind","HandOfGreed"],"picked":"Panacea","floor":36},{"not_picked":["Madness","Panacea"],"picked":"Master of Strategy","floor":36},{"not_picked":["Dark Shackles","Trip"],"picked":"Flash of Steel","floor":36},{"not_picked":["Rip and Tear","Ball Lightning"],"picked":"Conserve Battery+1","floor":38},{"not_picked":["Conserve Battery","Reinforced Body"],"picked":"Fusion","floor":39},{"not_picked":["Stack+1","Chill+1"],"picked":"Recycle+1","floor":40},{"not_picked":["Steam","Scrape"],"picked":"Chaos","floor":42},{"not_picked":["Beam Cell","Leap","BootSequence"],"picked":"SKIP","floor":44},{"not_picked":["Compile Driver","Chill","Redo"],"picked":"SKIP","floor":45},{"not_picked":["Auto Shields","Sunder+1"],"picked":"Hologram","floor":47},{"not_picked":["Ball Lightning","Undo"],"picked":"Machine Learning","floor":48},{"not_picked":["Steam","Reprogram"],"picked":"Capacitor+1","floor":55}],"player_experience":1535516,"relics_obtained":[{"floor":8.0,"key":"Pen Nib"},{"floor":9.0,"key":"Matryoshka"},{"floor":20.0,"key":"Red Mask"},{"floor":26.0,"key":"Centennial Puzzle"},{"floor":26.0,"key":"Anchor"},{"floor":40,"key":"Art of War"},{"floor":42,"key":"Whetstone"},{"floor":43,"key":"Smiling Mask"},{"floor":48,"key":"Meat on the Bone"},{"floor":55,"key":"Strawberry"}],"event_choices":[{"cards_removed":["Strike_B"],"damage_healed":0.0,"max_hp_gain":0.0,"max_hp_loss":0.0,"gold_gain":0.0,"event_name":"The Cleric","player_choice":"Card Removal","floor":11.0,"gold_loss":75.0,"damage_taken":0.0},{"damage_healed":0.0,"max_hp_gain":0.0,"max_hp_loss":0.0,"gold_gain":0.0,"event_name":"WeMeetAgain","player_choice":"Gave Potion","floor":13.0,"gold_loss":0.0,"damage_taken":0.0,"relics_obtained":["Symbiotic Virus"]},{"damage_healed":0.0,"max_hp_gain":0.0,"max_hp_loss":0.0,"gold_gain":0.0,"cards_transformed":["Strike_B","Strike_B"],"event_name":"Drug Dealer","player_choice":"Became Test Subject","floor":19.0,"gold_loss":0.0,"damage_taken":0.0,"cards_obtained":["Thunder Strike","Defragment"]},{"damage_healed":0.0,"max_hp_gain":0.0,"max_hp_loss":0.0,"gold_gain":0.0,"event_name":"Masked Bandits","player_choice":"Fought Bandits","floor":20.0,"gold_loss":0.0,"damage_taken":0.0},{"damage_healed":0.0,"max_hp_gain":0.0,"max_hp_loss":0.0,"gold_gain":0.0,"event_name":"Forgotten Altar","player_choice":"Smashed Altar","floor":21.0,"gold_loss":0.0,"damage_taken":0.0,"cards_obtained":["Decay"]},{"damage_healed":0.0,"max_hp_gain":0.0,"max_hp_loss":0.0,"gold_gain":0.0,"event_name":"The Mausoleum","player_choice":"Ignored","floor":22.0,"gold_loss":0.0,"damage_taken":0.0},{"damage_healed":0.0,"max_hp_gain":0.0,"max_hp_loss":0.0,"gold_gain":50.0,"event_name":"Nest","player_choice":"Stole From Cult","floor":27.0,"gold_loss":0.0,"damage_taken":0.0},{"damage_healed":0.0,"max_hp_gain":0.0,"max_hp_loss":32.0,"gold_gain":0.0,"event_name":"Ghosts","player_choice":"Became a Ghost","floor":28.0,"gold_loss":0.0,"damage_taken":0.0,"cards_obtained":["Ghostly","Ghostly","Ghostly"]},{"damage_healed":0,"gold_gain":0,"player_choice":"Memory 3","damage_taken":10,"max_hp_gain":0,"max_hp_loss":0,"event_name":"SensoryStone","floor":36,"gold_loss":0},{"damage_healed":0,"gold_gain":0,"player_choice":"Forge","damage_taken":0,"max_hp_gain":0,"max_hp_loss":0,"event_name":"Accursed Blacksmith","floor":37,"gold_loss":0,"cards_upgraded":["Turbo"]}],"is_beta":false,"boss_relics":[{"not_picked":["Snecko Eye","FrozenCore"],"picked":"Eternal Feather"},{"not_picked":["Empty Cage","Philosopher\u0027s Stone"],"picked":"Runic Pyramid"}],"items_purged_floors":[4,54],"is_endless":false,"potions_floor_spawned":[5,8,16,18,20,29,35,38,45,48,55],"ascension_level":20}