{"gold_per_floor":[217,217,217,142,166,166,216,216,288,312,331,331,364,8,8,106,106,129,179,179,202,220,220,235,235,314,41,41],"floor_reached":28,"playtime":602,"items_purged":["Strike_R","Strike_R","Strike_R"],"score":378,"play_id":"325c71cd-f5a4-4b4f-8cec-67921668b913","local_time":"20190302233800","is_ascension_mode":true,"campfire_choices":[{"data":"Body Slam","floor":6,"key":"SMITH"},{"data":"Power Through","floor":8,"key":"SMITH"},{"data":"Carnage","floor":12,"key":"SMITH"},{"data":"Whirlwind","floor":15,"key":"SMITH"},{"data":"Barricade","floor":23,"key":"SMITH"},{"data":"Seeing Red","floor":25,"key":"SMITH"}],"neow_cost":"NONE","seed_source_timestamp":17207947282036,"circlet_count":0,"master_deck":["AscendersBane","Defend_R+1","Defend_R","Defend_R","Defend_R+1","Bash","Body Slam+1","Power Through+1","Carnage+1","Whirlwind+1","Barricade+1","Battle Trance","Seeing Red+1"],"relics":["Burning Blood","Golden Idol","Bronze Scales","Matryoshka","Empty Cage","Vajra","Bottled Lightning","War Paint"],"potions_floor_usage":[16,16,22,28],"damage_taken":[{"damage":10,"enemies":"Small Slimes","floor":1,"turns":4},{"damage":8,"enemies":"2 Louse","floor":5,"turns":3},{"damage":6,"enemies":"Cultist","floor":10,"turns":4},{"damage":9,"enemies":"Exordium Thugs","floor":11,"turns":5},{"damage":15,"enemies":"Lagavulin","floor":13,"turns":5},{"damage":16,"enemies":"The Guardian","floor":16,"turns":12},{"damage":2,"enemies":"3 Byrds","floor":18,"turns":3},{"damage":17,"enemies":"Chosen","floor":21,"turns":6},{"damage":19,"enemies":"Centurion and Healer","floor":22,"turns":8},{"damage":19,"enemies":"Snake Plant","floor":24,"turns":3},{"damage":37,"enemies":"Book of Stabbing","floor":28,"turns":4}],"seed_played":"-4843701796831052680","potions_obtained":[{"floor":5,"key":"PowerPotion"},{"floor":10,"key":"PowerPotion"},{"floor":16,"key":"Block Potion"},{"floor":18,"key":"Poison Potion"},{"floor":20,"key":"GamblersBrew"}],"is_trial":false,"path_per_floor":["M","?","?","$","M","R","?","R","T","M","M","R","E","$","R","B",null,"M","?","?","M","M","R","M","R","T","$","E"],"character_chosen":"IRONCLAD","items_purchased":["Matryoshka","War Paint"],"campfire_rested":0,"item_purchase_floors":[14,27],"current_hp_per_floor":[64,69,69,69,67,67,60,60,60,60,57,57,48,48,48,38,64,68,68,68,57,44,44,31,31,31,31,0],"gold":41,"neow_bonus":"HUNDRED_GOLD","is_prod":false,"is_daily":false,"chose_seed":false,"campfire_upgraded":6,"win_rate":0,"timestamp":1551541080,"path_taken":["M","?","?","$","M","R","?","R","T","?","M","R","E","$","R","BOSS","M","?","?","M","M","R","M","R","T","$","E"],"build_version":"2019-01-23","purchased_purges":3,"victory":false,"max_hp_per_floor":[75,80,72,72,72,72,72,72,72,72,72,72,72,72,72,72,72,72,72,72,72,72,72,72,72,72,72,72],"card_choices":[{"not_picked":["Havoc","Armaments"],"picked":"Body Slam","floor":1},{"not_picked":["Anger","Warcry"],"picked":"Power Through","floor":5},{"not_picked":["Anger","Infernal Blade","Headbutt"],"picked":"SKIP","floor":10},{"not_picked":["Perfected Strike","Pommel Strike"],"picked":"Carnage","floor":11},{"not_picked":["Anger","Wild Strike"],"picked":"Whirlwind","floor":13},{"not_picked":["Berserk","Immolate"],"picked":"Barricade","floor":16},{"not_picked":["Pommel Strike","Twin Strike"],"picked":"Battle Trance","floor":18},{"not_picked":["Anger","Body Slam","Rupture+1"],"picked":"SKIP","floor":21},{"not_picked":["Reckless Charge","Pommel Strike","Heavy Blade+1"],"picked":"SKIP","floor":22},{"not_picked":["Heavy Blade","Pommel Strike+1"],"picked":"Seeing Red","floor":24}],"player_experience":1077721,"relics_obtained":[{"floor":13,"key":"Bronze Scales"},{"floor":26,"key":"Vajra"},{"floor":26,"key":"Bottled Lightning"}],"event_choices":[{"damage_healed":0,"gold_gain":0,"player_choice":"Donut","damage_taken":0,"max_hp_gain":5,"max_hp_loss":0,"event_name":"Big Fish","floor":2,"gold_loss":0},{"damage_healed":0,"gold_gain":0,"player_choice":"Lose Max HP","damage_taken":0,"relics_obtained":["Golden Idol"],"max_hp_gain":0,"max_hp_loss":8,"event_name":"Golden Idol","floor":3,"gold_loss":0},{"damage_healed":0,"gold_gain":50,"player_choice":"Touch","damage_taken":7,"max_hp_gain":0,"max_hp_loss":0,"event_name":"FaceTrader","floor":7,"gold_loss":0},{"damage_healed":0,"gold_gain":50,"player_choice":"Stole From Cult","damage_taken":0,"max_hp_gain":0,"max_hp_loss":0,"event_name":"Nest","floor":19,"gold_loss":0},{"damage_healed":0,"gold_gain":0,"player_choice":"Got Potions","damage_taken":0,"max_hp_gain":0,"max_hp_loss":0,"event_name":"Lab","floor":20,"gold_loss":0}],"is_beta":false,"boss_relics":[{"not_picked":["Philosopher\u0027s Stone","Eternal Feather"],"picked":"Empty Cage"}],"items_purged_floors":[4,14,27],"is_endless":false,"potions_floor_spawned":[5,10,16,18],"killed_by":"Book of Stabbing","ascension_level":15}