{"gold_per_floor":[117,117,117,131,145,145,172,183,208,39,39,49,63,73,73,150,150,162,162,162,67,79,79,112,112,139,159,179,179,195,210,210,210],"floor_reached":33,"playtime":1151,"items_purged":[],"score":562,"play_id":"f3f72e9a-9d6e-40c9-a4c5-53d427c0c703","local_time":"20181116084637","is_ascension_mode":true,"campfire_choices":[{"floor":6,"key":"REST"},{"data":"1","floor":11,"key":"LIFT"},{"data":"2","floor":15,"key":"LIFT"},{"data":"Storm of Steel","floor":23,"key":"SMITH"},{"data":"Riddle With Holes","floor":25,"key":"SMITH"},{"floor":29,"key":"REST"},{"floor":32,"key":"REST"}],"neow_cost":"CURSE","seed_source_timestamp":139649687329209,"circlet_count":0,"master_deck":["AscendersBane","Defend_G","Defend_G","Defend_G","Defend_G","Defend_G","Strike_G","Strike_G","Strike_G","Strike_G","Survivor","Neutralize","Clumsy","Sucker Punch+1","Bouncing Flask","Terror","Masterful Stab","Backflip","Good Instincts","Dagger Spray","Deflect","Storm of Steel+1","Expertise+1","Riddle With Holes+1","Impatience","Infinite Blades","Calculated Gamble","Dagger Throw+1","Escape Plan+1","Eviscerate"],"relics":["Ring of the Snake","Girya","Oddly Smooth Stone","Pen Nib","Cursed Key","Omamori","Potion Belt"],"potions_floor_usage":[8,16,18,27,28,33],"damage_taken":[{"damage":7,"enemies":"2 Louse","floor":1,"turns":3},{"damage":3,"enemies":"Small Slimes","floor":4,"turns":4},{"damage":3,"enemies":"Cultist","floor":5,"turns":4},{"damage":26,"enemies":"Gremlin Nob","floor":7,"turns":4},{"damage":12,"enemies":"Large Slime","floor":8,"turns":7},{"damage":0,"enemies":"2 Fungi Beasts","floor":12,"turns":3},{"damage":0,"enemies":"Lots of Slimes","floor":13,"turns":3},{"damage":0,"enemies":"Blue Slaver","floor":14,"turns":4},{"damage":2,"enemies":"Hexaghost","floor":16,"turns":7},{"damage":18,"enemies":"Shell Parasite","floor":18,"turns":4},{"damage":0,"enemies":"Spheric Guardian","floor":22,"turns":1},{"damage":0,"enemies":"Gremlin Leader","floor":24,"turns":5},{"damage":18,"enemies":"Snake Plant","floor":27,"turns":2},{"damage":5,"enemies":"3 Cultists","floor":28,"turns":3},{"damage":23,"enemies":"Cultist and Chosen","floor":30,"turns":5},{"damage":15,"enemies":"Snake Plant","floor":31,"turns":3},{"damage":28,"enemies":"Champ","floor":33,"turns":7}],"seed_played":"7942139815208131210","potions_obtained":[{"floor":5,"key":"LiquidBronze"},{"floor":7,"key":"Weak Potion"},{"floor":22,"key":"AttackPotion"},{"floor":27,"key":"AttackPotion"},{"floor":31,"key":"SneckoOil"}],"is_trial":false,"path_per_floor":["M","?","?","M","M","R","E","M","T","$","R","M","M","M","R","B",null,"M","?","?","$","M","R","E","R","T","M","M","R","M","M","R","B"],"character_chosen":"THE_SILENT","items_purchased":["Good Instincts","Regen Potion","Impatience"],"campfire_rested":3,"item_purchase_floors":[10,10,21],"current_hp_per_floor":[52,52,52,49,46,65,39,27,27,27,27,27,27,27,27,25,56,50,50,50,50,50,50,50,50,50,32,27,46,23,8,27,0],"gold":210,"neow_bonus":"ONE_RARE_RELIC","is_prod":false,"is_daily":false,"chose_seed":false,"campfire_upgraded":2,"win_rate":0,"timestamp":1542375997,"path_taken":["M","?","?","M","M","R","E","M","T","$","R","M","M","?","R","BOSS","M","?","?","$","?","R","E","R","T","M","M","R","M","M","R","BOSS"],"build_version":"2018-11-15","purchased_purges":0,"victory":false,"max_hp_per_floor":[66,66,66,66,66,66,66,66,66,66,66,66,66,66,66,66,66,66,66,66,66,66,66,66,66,66,66,66,66,66,66,66,66],"card_choices":[{"not_picked":["Acrobatics","Reflex"],"picked":"Sucker Punch","floor":1},{"not_picked":["Acrobatics","Dagger Spray"],"picked":"Bouncing Flask","floor":4},{"not_picked":["Backflip","Cloak And Dagger"],"picked":"Terror","floor":5},{"not_picked":["Acrobatics","Deflect"],"picked":"Masterful Stab","floor":7},{"not_picked":["Dagger Throw","Underhanded Strike"],"picked":"Backflip","floor":8},{"not_picked":["Prepared","Setup"],"picked":"Dagger Spray","floor":12},{"not_picked":["Bane","Poisoned Stab"],"picked":"Deflect","floor":13},{"not_picked":["Reflex","Expertise","Dagger Spray"],"picked":"SKIP","floor":14},{"not_picked":["Unload","Doppelganger"],"picked":"Storm of Steel","floor":16},{"not_picked":["Eviscerate","Well Laid Plans+1"],"picked":"Expertise+1","floor":18},{"not_picked":["Concentrate","Masterful Stab"],"picked":"Infinite Blades","floor":22},{"not_picked":["PiercingWail","Endless Agony"],"picked":"Calculated Gamble","floor":24},{"not_picked":["Quick Slash","Deflect"],"picked":"Dagger Throw+1","floor":27},{"not_picked":["All Out Attack","Well Laid Plans"],"picked":"Escape Plan+1","floor":28},{"not_picked":["Prepared","Quick Slash","Endless Agony"],"picked":"SKIP","floor":30},{"not_picked":["Dagger Spray","Poisoned Stab"],"picked":"Eviscerate","floor":31}],"player_experience":728468,"relics_obtained":[{"floor":7,"key":"Oddly Smooth Stone"},{"floor":9,"key":"Pen Nib"},{"floor":24,"key":"Omamori"},{"floor":26,"key":"Potion Belt"}],"event_choices":[{"damage_healed":0,"gold_gain":0,"player_choice":"Ignored","damage_taken":0,"max_hp_gain":0,"max_hp_loss":0,"event_name":"Golden Wing","floor":2,"gold_loss":0},{"damage_healed":0,"gold_gain":0,"player_choice":"Forge","damage_taken":0,"max_hp_gain":0,"max_hp_loss":0,"event_name":"Accursed Blacksmith","floor":3,"gold_loss":0,"cards_upgraded":["Sucker Punch"]},{"damage_healed":0,"gold_gain":0,"player_choice":"Ignored","damage_taken":0,"max_hp_gain":0,"max_hp_loss":0,"event_name":"Ghosts","floor":19,"gold_loss":0},{"damage_healed":0,"gold_gain":0,"cards_transformed":["Strike_G"],"player_choice":"Transformed","damage_taken":0,"max_hp_gain":0,"max_hp_loss":0,"event_name":"Transmorgrifier","floor":20,"gold_loss":0,"cards_obtained":["Riddle With Holes"]}],"is_beta":false,"boss_relics":[{"not_picked":["Busted Crown","Black Star"],"picked":"Cursed Key"}],"items_purged_floors":[],"is_endless":false,"potions_floor_spawned":[5,7,12,22,27,31],"killed_by":"Champ","ascension_level":18}