{"gold_per_floor":[118,136,136,236,257,301,326,176,224,224,238,256,331,331,331,450,450,473,473,493,397,397,397,251,0,25,41,41,41,41,65,65,65],"floor_reached":33,"playtime":1091,"items_purged":[],"score":245,"play_id":"2f86d2fc-f381-4f65-b2bd-c7a3da446f46","local_time":"20190405013450","is_ascension_mode":false,"campfire_choices":[{"floor":15,"key":"REST"},{"data":"Perfected Strike","floor":23,"key":"SMITH"},{"floor":30,"key":"REST"},{"data":"Perfected Strike","floor":32,"key":"SMITH"}],"neow_cost":"NONE","seed_source_timestamp":1770964161305400,"circlet_count":0,"master_deck":["Strike_R","Strike_R","Strike_R","Strike_R","Strike_R","Defend_R","Defend_R","Defend_R","Bash","Pummel","Spot Weakness","Perfected Strike+1","Perfected Strike+1","Flex","Anger","Pommel Strike","Double Tap","Pommel Strike","Cleave","Heavy Blade","Flex","Wild Strike+1","Pommel Strike","Pummel","Anger"],"relics":["Burning Blood","NeowsBlessing","Golden Idol","Letter Opener","Vajra","Bag of Preparation","Oddly Smooth Stone","Orrery","Juzu Bracelet","Dream Catcher"],"potions_floor_usage":[6,6,19,20,27,33],"damage_taken":[{"damage":0,"enemies":"Small Slimes","floor":1,"turns":1},{"damage":0,"enemies":"2 Louse","floor":2,"turns":1},{"damage":0,"enemies":"Cultist","floor":5,"turns":1},{"damage":24,"enemies":"Lagavulin","floor":6,"turns":6},{"damage":4,"enemies":"Blue Slaver","floor":7,"turns":3},{"damage":15,"enemies":"Lots of Slimes","floor":11,"turns":3},{"damage":4,"enemies":"Looter","floor":12,"turns":2},{"damage":52,"enemies":"The Guardian","floor":16,"turns":10},{"damage":10,"enemies":"Chosen","floor":18,"turns":3},{"damage":13,"enemies":"Colosseum Slavers","floor":19,"turns":3},{"damage":20,"enemies":"Shell Parasite","floor":20,"turns":4},{"damage":21,"enemies":"3 Cultists","floor":27,"turns":4},{"damage":21,"enemies":"Snake Plant","floor":31,"turns":2},{"damage":99,"enemies":"Automaton","floor":33,"turns":6}],"seed_played":"8845325253535338674","potions_obtained":[{"floor":2,"key":"Block Potion"},{"floor":5,"key":"Explosive Potion"},{"floor":6,"key":"Energy Potion"},{"floor":12,"key":"Energy Potion"},{"floor":18,"key":"AttackPotion"},{"floor":31,"key":"AttackPotion"}],"is_trial":false,"path_per_floor":["M","M","?","?","M","E","M","$","T","?","M","M","?","?","R","B",null,"M","?","M","$","?","R","$","?","T","M","$","?","R","M","R","B"],"character_chosen":"IRONCLAD","items_purchased":["Vajra","Fruit Juice","Juzu Bracelet"],"campfire_rested":2,"item_purchase_floors":[8,21,24],"current_hp_per_floor":[80,80,60,60,66,48,50,50,50,50,41,43,32,32,56,10,80,76,69,55,55,55,55,55,55,55,45,45,45,70,55,55,0],"gold":65,"neow_bonus":"THREE_ENEMY_KILL","is_prod":false,"is_daily":false,"chose_seed":false,"campfire_upgraded":2,"win_rate":0,"timestamp":1554442490,"path_taken":["M","M","?","?","M","E","?","$","T","?","?","M","?","?","R","BOSS","M","?","M","$","?","R","$","?","T","M","?","?","R","M","R","BOSS"],"build_version":"2019-01-23","purchased_purges":0,"victory":false,"max_hp_per_floor":[80,80,80,80,80,80,80,80,80,80,80,80,80,80,80,80,80,80,80,80,80,80,80,80,80,80,85,85,85,85,85,85,85],"card_choices":[{"not_picked":["Clash","Heavy Blade"],"picked":"Pummel","floor":1},{"not_picked":["Searing Blow","Sword Boomerang"],"picked":"Spot Weakness","floor":2},{"not_picked":["Clash","Thunderclap"],"picked":"Perfected Strike","floor":5},{"not_picked":["Juggernaut","Blood for Blood"],"picked":"Perfected Strike","floor":6},{"not_picked":["Whirlwind","Headbutt"],"picked":"Flex","floor":7},{"not_picked":["Disarm","Power Through"],"picked":"Anger","floor":11},{"not_picked":["Thunderclap","Anger"],"picked":"Pommel Strike","floor":12},{"not_picked":["Exhume","Reaper"],"picked":"Double Tap","floor":16},{"not_picked":["Warcry","Flex"],"picked":"Pommel Strike","floor":17},{"not_picked":["Clothesline","Flame Barrier"],"picked":"Cleave","floor":17},{"not_picked":["Fire Breathing","Shrug It Off"],"picked":"Heavy Blade","floor":17},{"not_picked":["Havoc","Whirlwind"],"picked":"Flex","floor":17},{"not_picked":["Rupture+1","True Grit","Iron Wave"],"picked":"SKIP","floor":18},{"not_picked":["Demon Form","Clothesline"],"picked":"Wild Strike+1","floor":20},{"not_picked":["Heavy Blade","Clothesline+1"],"picked":"Pommel Strike","floor":27},{"not_picked":["Whirlwind","Clothesline+1"],"picked":"Pummel","floor":30},{"not_picked":["Body Slam","Havoc"],"picked":"Anger","floor":31}],"player_experience":268320,"relics_obtained":[{"floor":6,"key":"Letter Opener"},{"floor":9,"key":"Bag of Preparation"},{"floor":26,"key":"Dream Catcher"}],"event_choices":[{"damage_healed":0,"gold_gain":0,"player_choice":"Take Damage","damage_taken":20,"relics_obtained":["Golden Idol"],"max_hp_gain":0,"max_hp_loss":0,"event_name":"Golden Idol","floor":3,"gold_loss":0},{"damage_healed":0,"gold_gain":100,"player_choice":"Pray","damage_taken":0,"max_hp_gain":0,"max_hp_loss":0,"event_name":"Golden Shrine","floor":4,"gold_loss":0},{"damage_healed":0,"gold_gain":0,"player_choice":"Gave Potion","damage_taken":0,"relics_obtained":["Oddly Smooth Stone"],"max_hp_gain":0,"max_hp_loss":0,"event_name":"WeMeetAgain","floor":10,"gold_loss":0},{"damage_healed":0,"gold_gain":75,"player_choice":"Gather Gold","damage_taken":11,"max_hp_gain":0,"max_hp_loss":0,"event_name":"World of Goop","floor":13,"gold_loss":0},{"damage_healed":0,"gold_gain":0,"player_choice":"Searched \u00271\u0027 times","damage_taken":0,"max_hp_gain":0,"max_hp_loss":0,"event_name":"Dead Adventurer","floor":14,"gold_loss":0},{"damage_healed":0,"gold_gain":0,"player_choice":"Fight","damage_taken":0,"max_hp_gain":0,"max_hp_loss":0,"event_name":"Colosseum","floor":19,"gold_loss":0},{"damage_healed":0,"gold_gain":0,"player_choice":"Fled From Nobs","damage_taken":0,"max_hp_gain":0,"max_hp_loss":0,"event_name":"Colosseum","floor":19,"gold_loss":0},{"damage_healed":0,"gold_gain":0,"player_choice":"Ignored","damage_taken":0,"max_hp_gain":0,"max_hp_loss":0,"event_name":"Beggar","floor":22,"gold_loss":0},{"damage_healed":0,"gold_gain":0,"player_choice":"Paid Fearfully","damage_taken":0,"max_hp_gain":0,"max_hp_loss":0,"event_name":"Masked Bandits","floor":25,"gold_loss":251},{"cards_removed":["Defend_R"],"damage_healed":0,"gold_gain":0,"player_choice":"Offered Basic","damage_taken":0,"max_hp_gain":0,"max_hp_loss":0,"event_name":"Bonfire Elementals","floor":29,"gold_loss":0}],"is_beta":false,"boss_relics":[{"not_picked":["Fusion Hammer","Black Blood"],"picked":"Orrery"}],"items_purged_floors":[],"is_endless":false,"potions_floor_spawned":[2,5,6,12,18,31],"killed_by":"Automaton","ascension_level":0}