{"gold_per_floor":[113,113,113,130,130,130,130,145,213,236,236,202,227,265,265,265],"floor_reached":16,"playtime":802,"items_purged":[],"score":105,"play_id":"e622b4e3-5125-41a7-b111-ba16888bb55b","local_time":"20190409212652","is_ascension_mode":true,"campfire_choices":[{"floor":6,"key":"RECALL"},{"data":"Armaments","floor":11,"key":"SMITH"},{"data":"Inflame","floor":15,"key":"SMITH"}],"neow_cost":"NONE","seed_source_timestamp":338910343271034,"circlet_count":0,"master_deck":["Strike_R+1","Strike_R","Strike_R","Strike_R","Strike_R+1","Defend_R","Defend_R","Defend_R","Defend_R","Bash+1","Dual Wield","Armaments+1","Power Through","Flash of Steel","Headbutt","Inflame+1","Sword Boomerang","Pommel Strike"],"relics":["Burning Blood","Omamori","Golden Idol","WingedGreaves"],"potions_floor_usage":[14,16,16,16],"damage_taken":[{"damage":6,"enemies":"Jaw Worm","floor":1,"turns":3},{"damage":0,"enemies":"Small Slimes","floor":4,"turns":2},{"damage":2,"enemies":"2 Louse","floor":8,"turns":3},{"damage":12,"enemies":"Large Slime","floor":10,"turns":5},{"damage":19,"enemies":"Lots of Slimes","floor":13,"turns":4},{"damage":30,"enemies":"Lagavulin","floor":14,"turns":8},{"damage":45,"enemies":"The Guardian","floor":16,"turns":11}],"seed_played":"-3879122357944018484","potions_obtained":[{"floor":4,"key":"Block Potion"},{"floor":8,"key":"Regen Potion"},{"floor":13,"key":"SteroidPotion"},{"floor":14,"key":"Energy Potion"}],"is_trial":false,"path_per_floor":["M","?","?","M","?","R","?","M","T","M","R","$","M","E","R","B"],"character_chosen":"IRONCLAD","items_purchased":["Inflame"],"campfire_rested":0,"item_purchase_floors":[12],"current_hp_per_floor":[80,77,61,67,67,67,67,71,71,65,65,65,52,28,28,0],"gold":265,"neow_bonus":"UPGRADE_CARD","is_prod":false,"is_daily":false,"chose_seed":false,"campfire_upgraded":2,"win_rate":0,"timestamp":1554863212,"path_taken":["M","?","?","M","?","R","?","M","T","?","R","$","M","E","R","BOSS"],"build_version":"2019-01-23","purchased_purges":0,"victory":false,"max_hp_per_floor":[80,80,80,80,80,80,80,80,80,80,80,80,80,80,80,80],"card_choices":[{"not_picked":["Warcry","Anger"],"picked":"Dual Wield","floor":1},{"not_picked":["Wild Strike","True Grit"],"picked":"Armaments","floor":4},{"not_picked":["Flame Barrier","Body Slam"],"picked":"Headbutt","floor":8},{"not_picked":["Sever Soul","Anger","Sentinel"],"picked":"SKIP","floor":10},{"not_picked":["Shrug It Off","Clothesline"],"picked":"Sword Boomerang","floor":13},{"not_picked":["Whirlwind","Flex"],"picked":"Pommel Strike","floor":14}],"player_experience":164169,"relics_obtained":[{"floor":14,"key":"WingedGreaves"}],"event_choices":[{"damage_healed":0,"gold_gain":0,"player_choice":"Success","damage_taken":3,"relics_obtained":["Omamori"],"max_hp_gain":0,"max_hp_loss":0,"event_name":"Scrap Ooze","floor":2,"gold_loss":0},{"damage_healed":0,"gold_gain":0,"player_choice":"Entered Light","damage_taken":16,"max_hp_gain":0,"max_hp_loss":0,"event_name":"Shining Light","floor":3,"gold_loss":0,"cards_upgraded":["Strike_R","Strike_R"]},{"damage_healed":0,"gold_gain":0,"player_choice":"Take Wound","damage_taken":0,"relics_obtained":["Golden Idol"],"max_hp_gain":0,"max_hp_loss":0,"event_name":"Golden Idol","floor":5,"gold_loss":0,"cards_obtained":["Injury"]},{"damage_healed":0,"gold_gain":0,"player_choice":"2 cards matched","damage_taken":0,"max_hp_gain":0,"max_hp_loss":0,"event_name":"Match and Keep!","floor":7,"gold_loss":0,"cards_obtained":["Power Through","Flash of Steel"]}],"is_beta":false,"boss_relics":[],"items_purged_floors":[],"is_endless":false,"potions_floor_spawned":[4,8,13,14],"killed_by":"The Guardian","ascension_level":1}