{"gold_per_floor":[114,264,41,41,53,82,82,117,117,134,134],"floor_reached":11,"playtime":205,"items_purged":[],"score":212,"play_id":"beb4c2fa-d7b7-43b6-a077-62fc2fbe832a","local_time":"20190418095951","is_ascension_mode":true,"campfire_choices":[{"data":"Bash","floor":7,"key":"SMITH"}],"neow_cost":"NONE","seed_source_timestamp":663749324749298,"circlet_count":0,"master_deck":["AscendersBane","Strike_R","Strike_R","Strike_R","Strike_R","Strike_R","Defend_R","Defend_R","Defend_R","Defend_R","Bash+1","Cleave","Doubt","Flex","Havoc","Seeing Red","Rupture"],"relics":["Burning Blood","NeowsBlessing","Strange Spoon","Question Card","Lantern","Ancient Tea Set"],"potions_floor_usage":[8,8],"damage_taken":[{"damage":0,"enemies":"Jaw Worm","floor":1,"turns":1},{"damage":0,"enemies":"Cultist","floor":5,"turns":1},{"damage":0,"enemies":"Lagavulin","floor":6,"turns":1},{"damage":43,"enemies":"Gremlin Nob","floor":8,"turns":4},{"damage":7,"enemies":"2 Louse","floor":10,"turns":4},{"damage":30,"enemies":"Lagavulin","floor":11,"turns":5}],"seed_played":"-4485126838743024791","potions_obtained":[{"floor":1,"key":"Fire Potion"},{"floor":4,"key":"BloodPotion"}],"is_trial":false,"path_per_floor":["M","?","$","?","M","E","R","E","T","M","E"],"character_chosen":"IRONCLAD","items_purchased":["Strange Spoon"],"campfire_rested":0,"item_purchase_floors":[3],"current_hp_per_floor":[74,74,74,74,75,75,75,45,45,44,14],"gold":134,"neow_bonus":"THREE_ENEMY_KILL","is_prod":false,"is_daily":false,"chose_seed":false,"campfire_upgraded":1,"win_rate":0,"timestamp":1555595991,"path_taken":["M","?","$","?","?","E","R","E","T","M","E"],"build_version":"2019-01-23","purchased_purges":0,"victory":false,"max_hp_per_floor":[75,75,75,75,75,75,75,75,75,75,75],"card_choices":[{"not_picked":["Disarm","Rage"],"picked":"Cleave","floor":1},{"not_picked":["Reckless Charge","Thunderclap"],"picked":"Flex","floor":5},{"not_picked":["Carnage","Sentinel"],"picked":"Havoc","floor":6},{"not_picked":["Twin Strike","Second Wind","Sword Boomerang"],"picked":"Seeing Red","floor":8},{"not_picked":["Evolve","Armaments","Pommel Strike"],"picked":"Rupture","floor":10}],"player_experience":912028,"relics_obtained":[{"floor":6,"key":"Question Card"},{"floor":8,"key":"Lantern"},{"floor":9,"key":"Ancient Tea Set"}],"event_choices":[{"damage_healed":0,"gold_gain":150,"player_choice":"AGREE","damage_taken":0,"max_hp_gain":0,"max_hp_loss":0,"event_name":"Liars Game","floor":2,"gold_loss":0,"cards_obtained":["Doubt"]},{"damage_healed":0,"gold_gain":0,"player_choice":"Got Potions","damage_taken":0,"max_hp_gain":0,"max_hp_loss":0,"event_name":"Lab","floor":4,"gold_loss":0}],"is_beta":false,"boss_relics":[],"items_purged_floors":[],"is_endless":false,"potions_floor_spawned":[1,5],"killed_by":"Lagavulin","ascension_level":20}