{"gold_per_floor":[144,189,189,189,238,238,238,287,287,37,86,135,10,10,10,335,335,260,335,15,64,113,113,113],"floor_reached":24,"playtime":1789,"items_purged":["Defend_B","Injury"],"score":186,"play_id":"6c8244a6-1936-43f5-a884-9906ae937fc5","local_time":"20190506113100","daily_mods":["Chimera","Colorless Cards","Midas"],"is_ascension_mode":false,"campfire_choices":[{"floor":7,"key":"REST"},{"floor":15,"key":"REST"},{"floor":23,"key":"REST"}],"neow_cost":"","seed_source_timestamp":147457522002400,"circlet_count":0,"master_deck":["Bash","Survivor","Zap","Strike_R","Strike_G","Strike_B","Defend_R","Defend_G+1","Dual Wield+1","Metallicize","Disarm+1","Armaments+1","Secret Weapon+1","Trip+1","Flame Barrier+1","Metallicize"],"special_seed":18022,"relics":["Burning Blood","Golden Idol","Ginger","Toxic Egg 2","Pantograph","Black Star","Blood Vial"],"potions_floor_usage":[16,16,16,24],"damage_taken":[{"damage":5,"enemies":"Jaw Worm","floor":1,"turns":4},{"damage":8,"enemies":"Small Slimes","floor":2,"turns":4},{"damage":0,"enemies":"2 Louse","floor":5,"turns":3},{"damage":20,"enemies":"Large Slime","floor":8,"turns":9},{"damage":17,"enemies":"Lots of Slimes","floor":11,"turns":6},{"damage":6,"enemies":"Exordium Wildlife","floor":12,"turns":4},{"damage":24,"enemies":"Slime Boss","floor":16,"turns":20},{"damage":19,"enemies":"2 Thieves","floor":18,"turns":5},{"damage":25,"enemies":"Spheric Guardian","floor":21,"turns":13},{"damage":9,"enemies":"Chosen and Byrds","floor":22,"turns":10},{"damage":77,"enemies":"Gremlin Leader","floor":24,"turns":8}],"seed_played":"2603549402228900304","potions_obtained":[{"floor":5,"key":"BloodPotion"},{"floor":8,"key":"PowerPotion"},{"floor":21,"key":"GamblersBrew"},{"floor":22,"key":"Weak Potion"}],"is_trial":false,"path_per_floor":["M","M","?","?","M","?","R","M","T","$","M","M","$","?","R","B",null,"M","?","$","M","M","R","E"],"character_chosen":"IRONCLAD","items_purchased":["Pantograph","SkillPotion","Flame Barrier+1","Blood Vial"],"campfire_rested":3,"item_purchase_floors":[10,13,20,20],"current_hp_per_floor":[80,78,78,62,68,61,80,66,66,66,55,55,55,60,85,75,85,72,64,64,47,46,71,0],"gold":113,"neow_bonus":"","is_prod":false,"is_daily":true,"chose_seed":false,"campfire_upgraded":0,"win_rate":0,"timestamp":1557156660,"path_taken":["M","M","?","?","M","?","R","M","T","$","M","M","$","?","R","BOSS","M","?","$","?","M","R","E"],"build_version":"2019-01-23","purchased_purges":2,"victory":false,"max_hp_per_floor":[80,80,80,80,80,80,80,80,80,80,80,80,80,85,85,85,85,85,85,85,85,85,85,85],"card_choices":[{"not_picked":["Wild Strike","Clothesline"],"picked":"Dual Wield","floor":1},{"not_picked":["Second Wind","Havoc","Flex"],"picked":"SKIP","floor":2},{"not_picked":["Headbutt","Wild Strike","Perfected Strike"],"picked":"SKIP","floor":5},{"not_picked":["Wild Strike","Twin Strike"],"picked":"Metallicize","floor":8},{"not_picked":["Purity+1","Body Slam"],"picked":"Disarm+1","floor":11},{"not_picked":["Perfected Strike","Seeing Red+1"],"picked":"Armaments+1","floor":12},{"not_picked":["Immolate","Secret Technique+1"],"picked":"Secret Weapon+1","floor":16},{"not_picked":["Headbutt","Carnage"],"picked":"Trip+1","floor":18},{"not_picked":["Havoc+1","Perfected Strike+1","Hemokinesis"],"picked":"SKIP","floor":21},{"not_picked":["Headbutt+1","Pommel Strike"],"picked":"Metallicize","floor":22}],"player_experience":110653,"relics_obtained":[{"floor":9,"key":"Toxic Egg 2"}],"event_choices":[{"damage_healed":0,"gold_gain":0,"player_choice":"Take Wound","damage_taken":0,"relics_obtained":["Golden Idol"],"max_hp_gain":0,"max_hp_loss":0,"event_name":"Golden Idol","floor":3,"gold_loss":0,"cards_obtained":["Injury"]},{"damage_healed":0,"gold_gain":0,"player_choice":"Entered Light","damage_taken":16,"max_hp_gain":0,"max_hp_loss":0,"event_name":"Shining Light","floor":4,"gold_loss":0,"cards_upgraded":["Dual Wield","Defend_G"]},{"damage_healed":0,"gold_gain":0,"player_choice":"Success","damage_taken":7,"relics_obtained":["Ginger"],"max_hp_gain":0,"max_hp_loss":0,"event_name":"Scrap Ooze","floor":6,"gold_loss":0},{"damage_healed":0,"gold_gain":0,"player_choice":"Donut","damage_taken":0,"max_hp_gain":5,"max_hp_loss":0,"event_name":"Big Fish","floor":14,"gold_loss":0},{"damage_healed":0,"gold_gain":75,"player_choice":"Touch","damage_taken":8,"max_hp_gain":0,"max_hp_loss":0,"event_name":"FaceTrader","floor":19,"gold_loss":0}],"is_beta":false,"boss_relics":[{"not_picked":["Empty Cage","Pandora\u0027s Box"],"picked":"Black Star"}],"items_purged_floors":[13,20],"is_endless":false,"potions_floor_spawned":[5,8,21,22],"killed_by":"Gremlin Leader","ascension_level":0}