{"gold_per_floor":[115,115,134,154,79,79,91,91,117,135,210,210,226,245,245,343,343,354,354,371,371],"floor_reached":21,"playtime":962,"items_purged":["Strike_B"],"score":242,"play_id":"0c3f36bc-9a9f-4829-a644-74a110411672","local_time":"20180825030654","is_ascension_mode":true,"campfire_choices":[{"data":"Buffer","floor":6,"key":"SMITH"},{"floor":8,"key":"REST"},{"floor":12,"key":"REST"},{"floor":15,"key":"REST"}],"neow_cost":"PERCENT_DAMAGE","seed_source_timestamp":95935390355116,"circlet_count":0,"master_deck":["Strike_B","Defend_B","Defend_B","Defend_B","Defend_B","Zap+1","Dualcast","Buffer+1","Glacier"],"relics":["Cracked Core","Anchor","Velvet Choker","Nilry\u0027s Codex"],"potions_floor_usage":[21],"damage_taken":[{"damage":2,"enemies":"Jaw Worm","floor":1,"turns":3},{"damage":4,"enemies":"2 Louse","floor":3,"turns":3},{"damage":0,"enemies":"Cultist","floor":4,"turns":4},{"damage":35,"enemies":"Gremlin Gang","floor":7,"turns":6},{"damage":1,"enemies":"3 Louse","floor":10,"turns":4},{"damage":0,"enemies":"Large Slime","floor":13,"turns":5},{"damage":0,"enemies":"Red Slaver","floor":14,"turns":5},{"damage":22,"enemies":"The Guardian","floor":16,"turns":22},{"damage":0,"enemies":"Chosen","floor":18,"turns":9},{"damage":0,"enemies":"Spheric Guardian","floor":20,"turns":6},{"damage":55,"enemies":"Cultist and Chosen","floor":21,"turns":6}],"seed_played":"5906411482074591366","potions_obtained":[{"floor":4,"key":"Swift Potion"},{"floor":7,"key":"LiquidBronze"},{"floor":10,"key":"Swift Potion"},{"floor":13,"key":"SmokeBomb"},{"floor":18,"key":"Fire Potion"}],"is_trial":false,"path_per_floor":["M","?","M","M","$","R","M","R","T","M","?","R","M","M","R","B",null,"M","?","M"],"character_chosen":"DEFECT","items_purchased":[],"campfire_rested":3,"item_purchase_floors":[],"current_hp_per_floor":[48,48,44,44,44,44,9,31,31,30,19,41,41,41,63,41,67,67,51,51,0],"gold":371,"neow_bonus":"REMOVE_TWO","is_prod":false,"is_daily":false,"chose_seed":false,"campfire_upgraded":1,"win_rate":0,"timestamp":1535159214,"path_taken":["M","?","M","M","?","R","M","R","T","?","?","R","?","M","R","BOSS","M","?","?","M"],"build_version":"2018-08-23v2","purchased_purges":1,"victory":false,"max_hp_per_floor":[75,75,75,75,75,75,75,75,75,75,75,75,75,75,75,75,75,75,75,75,75],"card_choices":[{"not_picked":["Stack","Recycle","Consume"],"picked":"SKIP","floor":1},{"not_picked":["Barrage","Leap","Steam Power"],"picked":"SKIP","floor":3},{"not_picked":["Blizzard","Conserve Battery"],"picked":"Buffer","floor":4},{"not_picked":["Ball Lightning","Chaos","Barrage"],"picked":"SKIP","floor":7},{"not_picked":["Leap","Streamline","Genetic Algorithm"],"picked":"SKIP","floor":10},{"not_picked":["Hello World","Streamline"],"picked":"Glacier","floor":13},{"not_picked":["Hyperbeam","Coolheaded","Sweeping Beam"],"picked":"SKIP","floor":14},{"not_picked":["Beam Cell+1","Chill+1","Genetic Algorithm+1"],"picked":"SKIP","floor":18},{"not_picked":["Hello World+1","Melter","Chill"],"picked":"SKIP","floor":20}],"player_experience":514609,"relics_obtained":[{"floor":9,"key":"Anchor"},{"floor":19,"key":"Nilry\u0027s Codex"}],"event_choices":[{"event_name":"Living Wall","player_choice":"Grow","floor":2,"damage_taken":0},{"event_name":"World of Goop","player_choice":"Gather Gold","floor":11,"damage_taken":0},{"event_name":"Cursed Tome","player_choice":"Obtained Book","floor":19,"damage_taken":0}],"is_beta":false,"boss_relics":[{"not_picked":["Ectoplasm","Snecko Eye"],"picked":"Velvet Choker"}],"items_purged_floors":[5],"is_endless":false,"potions_floor_spawned":[4,7,10,13,14,18],"killed_by":"Cultist and Chosen","ascension_level":8}