{"gold_per_floor":[118,268,281,281,300,331,331,291],"floor_reached":8,"playtime":122,"items_purged":[],"score":112,"play_id":"b541a2fc-b57f-4d2e-b1f4-1aba57d0fdaf","local_time":"20190429154623","is_ascension_mode":true,"campfire_choices":[],"neow_cost":"NONE","seed_source_timestamp":526005803815805,"circlet_count":0,"master_deck":["AscendersBane","Strike_R","Strike_R","Strike_R","Strike_R","Strike_R","Defend_R","Defend_R","Defend_R","Defend_R","Bash","Sword Boomerang","Heavy Blade","Flex"],"relics":["Burning Blood","NeowsBlessing","Bottled Flame","FaceOfCleric"],"potions_floor_usage":[],"damage_taken":[{"damage":0,"enemies":"Jaw Worm","floor":1,"turns":1},{"damage":0,"enemies":"2 Louse","floor":3,"turns":1},{"damage":0,"enemies":"Cultist","floor":5,"turns":1},{"damage":64,"enemies":"Lagavulin","floor":6,"turns":9},{"damage":17,"enemies":"Looter","floor":8,"turns":2}],"seed_played":"7732217250049745201","potions_obtained":[{"floor":1,"key":"Explosive Potion"}],"is_trial":false,"path_per_floor":["M","?","M","?","M","E","?","M"],"character_chosen":"IRONCLAD","items_purchased":[],"campfire_rested":0,"item_purchase_floors":[],"current_hp_per_floor":[74,74,75,75,75,17,17,0],"gold":291,"neow_bonus":"THREE_ENEMY_KILL","is_prod":false,"is_daily":false,"chose_seed":false,"campfire_upgraded":0,"win_rate":0,"timestamp":1556567183,"path_taken":["M","?","M","?","?","E","?","M"],"build_version":"2019-01-23","purchased_purges":0,"victory":false,"max_hp_per_floor":[75,75,75,75,75,75,75,75],"card_choices":[{"not_picked":["Metallicize","Clothesline"],"picked":"Sword Boomerang","floor":1},{"not_picked":["Pommel Strike","Perfected Strike"],"picked":"Heavy Blade","floor":3},{"not_picked":["Combust","Pommel Strike"],"picked":"Flex","floor":5},{"not_picked":["Body Slam","Rage","Warcry"],"picked":"SKIP","floor":6}],"player_experience":937621,"relics_obtained":[{"floor":6,"key":"Bottled Flame"}],"event_choices":[{"damage_healed":0,"gold_gain":150,"player_choice":"AGREE","damage_taken":0,"max_hp_gain":0,"max_hp_loss":0,"event_name":"Liars Game","floor":2,"gold_loss":0,"cards_obtained":["Doubt"]},{"cards_removed":["Doubt"],"damage_healed":0,"gold_gain":0,"player_choice":"Removed Curses","damage_taken":0,"max_hp_gain":0,"max_hp_loss":0,"event_name":"Fountain of Cleansing","floor":4,"gold_loss":0},{"damage_healed":0,"gold_gain":0,"player_choice":"Trade","damage_taken":0,"relics_obtained":["FaceOfCleric"],"max_hp_gain":0,"max_hp_loss":0,"event_name":"FaceTrader","floor":7,"gold_loss":0}],"is_beta":false,"boss_relics":[],"items_purged_floors":[],"is_endless":false,"potions_floor_spawned":[1],"killed_by":"Looter","ascension_level":20}