{"gold_per_floor":[109,127,139,154,173,173,198,211,211,225,257,271,299,309,309,404,404,424,424,424,424,104,138,149,174,174,174,192,192,208,123,123,224,224],"floor_reached":34,"playtime":2573,"items_purged":[],"score":485,"play_id":"35d389cc-6d5a-46ce-aee0-e9d6580059cb","local_time":"20190205001610","is_ascension_mode":true,"campfire_choices":[{"data":"Beam Cell","floor":6.0,"key":"SMITH"},{"floor":15.0,"key":"REST"},{"floor":27.0,"key":"REST"},{"data":"Zap","floor":32.0,"key":"SMITH"}],"neow_cost":"NONE","seed_source_timestamp":0,"circlet_count":0,"master_deck":["Defend_B","Defend_B","Defend_B","Defend_B","Zap+1","Dualcast","Beam Cell","Conserve Battery","Conserve Battery","Beam Cell+1","Hologram","Hologram","Leap","Seek","Redo+1","Gash","Conserve Battery+1","Streamline+1","Go for the Eyes","Bite","Bite","Bite","Bite","Bite","Scrape","All For One"],"special_seed":0,"relics":["Cracked Core","Letter Opener","Pocketwatch","Happy Flower","Lizard Tail","Sundial","Membership Card","Question Card","Cables","Pantograph","Mercury Hourglass","Centennial Puzzle","Runic Pyramid"],"potions_floor_usage":[],"damage_taken":[{"damage":1.0,"enemies":"Cultist","floor":1.0,"turns":3.0},{"damage":3.0,"enemies":"2 Louse","floor":2.0,"turns":2.0},{"damage":0.0,"enemies":"Small Slimes","floor":3.0,"turns":4.0},{"damage":3.0,"enemies":"Exordium Wildlife","floor":4.0,"turns":4.0},{"damage":8.0,"enemies":"Exordium Thugs","floor":5.0,"turns":5.0},{"damage":19.0,"enemies":"Gremlin Nob","floor":7.0,"turns":5.0},{"damage":3.0,"enemies":"Blue Slaver","floor":8.0,"turns":2.0},{"damage":3.0,"enemies":"Exordium Wildlife","floor":10.0,"turns":3.0},{"damage":1.0,"enemies":"3 Sentries","floor":11.0,"turns":6.0},{"damage":0.0,"enemies":"2 Fungi Beasts","floor":12.0,"turns":3.0},{"damage":37.0,"enemies":"Gremlin Nob","floor":13.0,"turns":5.0},{"damage":6.0,"enemies":"Gremlin Gang","floor":14.0,"turns":3.0},{"damage":52.0,"enemies":"Slime Boss","floor":16.0,"turns":10.0},{"damage":21.0,"enemies":"Shell Parasite","floor":18.0,"turns":7.0},{"damage":7.0,"enemies":"Chosen","floor":19.0,"turns":4.0},{"damage":22.0,"enemies":"Book of Stabbing","floor":23.0,"turns":7.0},{"damage":16.0,"enemies":"Shelled Parasite and Fungi","floor":24.0,"turns":8.0},{"damage":30.0,"enemies":"Slavers","floor":25.0,"turns":6.0},{"damage":12.0,"enemies":"3 Cultists","floor":28.0,"turns":3.0},{"damage":14.0,"enemies":"Cultist and Chosen","floor":30.0,"turns":4.0},{"damage":68.0,"enemies":"Automaton","floor":33.0,"turns":10.0}],"seed_played":"-1518372629440704895","potions_obtained":[{"floor":0.0,"key":"Energy Potion"},{"floor":0.0,"key":"Block Potion"},{"floor":0.0,"key":"Poison Potion"},{"floor":4.0,"key":"SmokeBomb"},{"floor":8.0,"key":"Energy Potion"},{"floor":12.0,"key":"Regen Potion"},{"floor":13.0,"key":"Regen Potion"},{"floor":21.0,"key":"Ancient Potion"},{"floor":21.0,"key":"SpeedPotion"},{"floor":21.0,"key":"Poison Potion"},{"floor":24.0,"key":"Fire Potion"},{"floor":25.0,"key":"AttackPotion"},{"floor":28.0,"key":"LiquidBronze"},{"floor":33.0,"key":"Fire Potion"}],"is_trial":false,"path_per_floor":["M","M","M","M","M","R","E","M","T","M","E","M","E","M","R","B",null,"M","M","?","?","$","E","M","E","T","R","M","?","M","?","R","B",null],"character_chosen":"DEFECT","items_purchased":["Membership Card","Question Card"],"campfire_rested":2,"item_purchase_floors":[22,22],"current_hp_per_floor":[74,71,71,68,60,60,41,40,40,39,40,42,21,17,39,4,75,54,49,49,49,49,29,15,36,36,58,48,48,44,44,44,23,75],"gold":224,"neow_bonus":"THREE_SMALL_POTIONS","is_prod":false,"is_daily":false,"chose_seed":false,"campfire_upgraded":2,"win_rate":0,"timestamp":1549343770,"path_taken":["M","M","?","M","M","R","E","M","T","M","E","M","E","M","R","BOSS","M","M","?","?","$","E","M","E","T","R","?","?","M","?","R","BOSS"],"build_version":"2019-01-23","purchased_purges":0,"victory":false,"max_hp_per_floor":[75,75,75,75,75,75,75,75,75,75,75,75,75,75,75,75,75,75,75,75,75,75,75,75,75,75,75,75,75,75,75,75,75,75],"card_choices":[{"not_picked":["Fusion","BootSequence"],"picked":"Beam Cell","floor":1.0},{"not_picked":["Beam Cell","Undo"],"picked":"Conserve Battery","floor":2.0},{"not_picked":["Defragment","Redo","Streamline"],"picked":"SKIP","floor":3.0},{"not_picked":["Leap","Recycle"],"picked":"Conserve Battery","floor":4.0},{"not_picked":["Redo","Rebound"],"picked":"Beam Cell","floor":5.0},{"not_picked":["Meteor Strike","Undo"],"picked":"Hologram","floor":7.0},{"not_picked":["BootSequence","Cold Snap","Melter"],"picked":"SKIP","floor":8.0},{"not_picked":["BootSequence","Sweeping Beam"],"picked":"Hologram","floor":10.0},{"not_picked":["Sweeping Beam","Fission","Turbo"],"picked":"SKIP","floor":11.0},{"not_picked":["Cold Snap","Recycle","Barrage"],"picked":"SKIP","floor":12.0},{"not_picked":["Lockon","Double Energy","Blizzard"],"picked":"SKIP","floor":13.0},{"not_picked":["Hello World","Doom and Gloom"],"picked":"Leap","floor":14.0},{"not_picked":["Amplify","Meteor Strike"],"picked":"Seek","floor":16.0},{"not_picked":["Steam Power","Barrage+1"],"picked":"Redo+1","floor":18.0},{"not_picked":["Ball Lightning+1","Electrodynamics","Turbo"],"picked":"Gash","floor":23.0},{"not_picked":["White Noise","Force Field","Barrage+1"],"picked":"Conserve Battery+1","floor":24.0},{"not_picked":["Cold Snap","Barrage+1","Electrodynamics"],"picked":"Streamline+1","floor":25.0},{"not_picked":["Redo","Chill+1","Cold Snap"],"picked":"Go for the Eyes","floor":28.0},{"not_picked":["Chaos","Coolheaded+1","Conserve Battery"],"picked":"Scrape","floor":30.0},{"not_picked":["Machine Learning","Creative AI","Buffer"],"picked":"All For One","floor":33.0}],"player_experience":190403,"relics_obtained":[{"floor":7.0,"key":"Blood Vial"},{"floor":9.0,"key":"Letter Opener"},{"floor":11.0,"key":"Pocketwatch"},{"floor":13.0,"key":"Happy Flower"},{"floor":23.0,"key":"Cables"},{"floor":25.0,"key":"Pantograph"},{"floor":26.0,"key":"Mercury Hourglass"}],"event_choices":[{"damage_healed":0.0,"max_hp_gain":0.0,"max_hp_loss":0.0,"gold_gain":0.0,"event_name":"The Mausoleum","player_choice":"Opened","floor":20.0,"gold_loss":0.0,"damage_taken":0.0,"relics_obtained":["Sundial"]},{"damage_healed":0.0,"max_hp_gain":0.0,"max_hp_loss":0.0,"gold_gain":0.0,"event_name":"Lab","player_choice":"Got Potions","floor":21.0,"gold_loss":0.0,"damage_taken":0.0},{"damage_healed":0.0,"max_hp_gain":0.0,"max_hp_loss":0.0,"gold_gain":0.0,"event_name":"Vampires","player_choice":"Became a vampire (Vial)","floor":29.0,"relics_lost":["Blood Vial"],"gold_loss":0.0,"damage_taken":0.0,"cards_obtained":["Bite","Bite","Bite","Bite","Bite"]},{"damage_healed":0.0,"max_hp_gain":0.0,"max_hp_loss":0.0,"gold_gain":0.0,"event_name":"Addict","player_choice":"Obtained Relic","floor":31.0,"gold_loss":85.0,"damage_taken":0.0,"relics_obtained":["Centennial Puzzle"]}],"is_beta":false,"boss_relics":[{"not_picked":["Inserter","White Beast Statue"],"picked":"Lizard Tail"},{"not_picked":["Busted Crown","Snecko Eye"],"picked":"Runic Pyramid"}],"items_purged_floors":[],"is_endless":false,"potions_floor_spawned":[1,2,4,8,12,13,14,24,25,28,33],"ascension_level":2}