{"gold_per_floor":[13,13,13,24,36,36,64,64,64,64,88,106,122,147,147,224,224,237,237,152,152,102,102,128,78,78,92,106,56,56,56],"floor_reached":31,"playtime":837,"items_purged":["Bash","Strike_R","Strike_R"],"score":547,"play_id":"9c94574c-5699-46b4-9699-f1fa7191da0f","local_time":"20190326141828","is_ascension_mode":true,"campfire_choices":[{"data":"Feed","floor":6.0,"key":"SMITH"},{"floor":15.0,"key":"REST"},{"data":"Rage","floor":23.0,"key":"SMITH"},{"data":"True Grit","floor":30.0,"key":"SMITH"}],"neow_cost":"NO_GOLD","seed_source_timestamp":2056593824960975,"circlet_count":0,"master_deck":["AscendersBane","Defend_R","Defend_R","Defend_R","Defend_R","Demon Form","Feed+1","Rage+1","Dual Wield","Evolve","Sever Soul","Limit Break","Clash+1","True Grit+1","Flex+1"],"special_seed":0,"relics":["Burning Blood","Ornamental Fan","Omamori","Smiling Mask","Juzu Bracelet","Red Skull","Coffee Dripper","Frozen Egg 2","Lantern","Bottled Lightning","Incense Burner"],"potions_floor_usage":[],"damage_taken":[{"damage":7.0,"enemies":"2 Louse","floor":1.0,"turns":5.0},{"damage":1.0,"enemies":"Small Slimes","floor":4.0,"turns":4.0},{"damage":7.0,"enemies":"Jaw Worm","floor":5.0,"turns":5.0},{"damage":21.0,"enemies":"Lagavulin","floor":7.0,"turns":6.0},{"damage":29.0,"enemies":"Red Slaver","floor":12.0,"turns":6.0},{"damage":9.0,"enemies":"Looter","floor":13.0,"turns":3.0},{"damage":30.0,"enemies":"Gremlin Nob","floor":14.0,"turns":4.0},{"damage":32.0,"enemies":"Slime Boss","floor":16.0,"turns":8.0},{"damage":33.0,"enemies":"Chosen","floor":18.0,"turns":5.0},{"damage":19.0,"enemies":"Book of Stabbing","floor":24.0,"turns":4.0},{"damage":22.0,"enemies":"Spheric Guardian","floor":27.0,"turns":5.0},{"damage":19.0,"enemies":"Shelled Parasite and Fungi","floor":28.0,"turns":4.0},{"damage":0,"enemies":"Snecko","floor":31,"turns":5}],"seed_played":"-8388158385307292621","potions_obtained":[{"floor":4.0,"key":"Fire Potion"},{"floor":7.0,"key":"Swift Potion"},{"floor":16.0,"key":"Strength Potion"},{"floor":18.0,"key":"Strength Potion"},{"floor":27.0,"key":"Explosive Potion"},{"floor":28.0,"key":"Energy Potion"}],"is_trial":false,"path_per_floor":["M","?","?","M","M","R","E","?","T","?","T","M","M","E","R","B",null,"M","?","?","?","$","R","E","$","T","M","M","$","R","M"],"character_chosen":"IRONCLAD","items_purchased":[],"campfire_rested":1,"item_purchase_floors":[],"current_hp_per_floor":[70,70,59,67,69,69,58,58,58,58,58,35,36,12,39,13,72,49,49,49,49,49,49,36,36,36,20,7,7,7,7],"gold":56,"neow_bonus":"TRANSFORM_TWO_CARDS","is_prod":false,"is_daily":false,"chose_seed":false,"campfire_upgraded":3,"win_rate":0,"timestamp":1553581108,"path_taken":["M","?","?","M","M","R","E","?","T","?","?","M","M","E","R","BOSS","M","?","?","?","$","R","E","?","T","M","M","$","R","M"],"build_version":"2019-01-23","purchased_purges":3,"victory":false,"max_hp_per_floor":[78,78,78,81,84,84,88,88,88,88,88,88,92,92,92,92,92,96,96,96,96,96,96,96,96,96,96,96,96,96,96],"card_choices":[{"not_picked":["Armaments","Cleave"],"picked":"Rage","floor":1.0},{"not_picked":["Disarm","Hemokinesis"],"picked":"Dual Wield","floor":4.0},{"not_picked":["Clothesline","Havoc","Wild Strike"],"picked":"SKIP","floor":5.0},{"not_picked":["Heavy Blade","Shrug It Off","Thunderclap"],"picked":"SKIP","floor":7.0},{"not_picked":["Flex","Iron Wave","Metallicize"],"picked":"SKIP","floor":12.0},{"not_picked":["Pummel","Bludgeon","Rampage"],"picked":"SKIP","floor":13.0},{"not_picked":["Twin Strike","Perfected Strike"],"picked":"Sever Soul","floor":14.0},{"not_picked":["Berserk","Demon Form"],"picked":"Limit Break","floor":16.0},{"not_picked":["Thunderclap","Rupture"],"picked":"Clash+1","floor":18.0},{"not_picked":["Shrug It Off","Metallicize+1"],"picked":"True Grit","floor":24.0},{"not_picked":["Shockwave","Twin Strike"],"picked":"Flex+1","floor":27.0},{"not_picked":["Headbutt+1","Pommel Strike","Warcry"],"picked":"SKIP","floor":28.0}],"player_experience":1270547,"relics_obtained":[{"floor":7.0,"key":"Omamori"},{"floor":9.0,"key":"Smiling Mask"},{"floor":11.0,"key":"Juzu Bracelet"},{"floor":14.0,"key":"Red Skull"},{"floor":24.0,"key":"Bottled Lightning"},{"floor":26.0,"key":"Incense Burner"}],"event_choices":[{"damage_healed":0.0,"max_hp_gain":0.0,"max_hp_loss":0.0,"gold_gain":0.0,"event_name":"Liars Game","player_choice":"Ignored","floor":2.0,"gold_loss":0.0,"damage_taken":0.0},{"damage_healed":0.0,"max_hp_gain":0.0,"max_hp_loss":0.0,"gold_gain":0.0,"event_name":"Scrap Ooze","player_choice":"Success","floor":3.0,"gold_loss":0.0,"damage_taken":11.0,"relics_obtained":["Ornamental Fan"]},{"damage_healed":0.0,"max_hp_gain":0.0,"max_hp_loss":0.0,"gold_gain":0.0,"cards_transformed":["Strike_R"],"event_name":"Living Wall","player_choice":"Change","floor":8.0,"gold_loss":0.0,"damage_taken":0.0,"cards_obtained":["Evolve"]},{"damage_healed":0.0,"max_hp_gain":0.0,"max_hp_loss":0.0,"gold_gain":0.0,"event_name":"The Cleric","player_choice":"Leave","floor":10.0,"gold_loss":0.0,"damage_taken":0.0},{"damage_healed":0.0,"max_hp_gain":0.0,"max_hp_loss":0.0,"gold_gain":0.0,"event_name":"WeMeetAgain","player_choice":"Gave Potion","floor":19.0,"gold_loss":0.0,"damage_taken":0.0,"relics_obtained":["Frozen Egg 2"]},{"damage_healed":0.0,"max_hp_gain":0.0,"max_hp_loss":0.0,"gold_gain":0.0,"event_name":"Addict","player_choice":"Obtained Relic","floor":20.0,"gold_loss":85.0,"damage_taken":0.0,"relics_obtained":["Lantern"]},{"damage_healed":0.0,"max_hp_gain":0.0,"max_hp_loss":0.0,"gold_gain":0.0,"event_name":"Vampires","player_choice":"Ignored","floor":21.0,"gold_loss":0.0,"damage_taken":0.0}],"is_beta":false,"boss_relics":[{"not_picked":["Black Star","Ectoplasm"],"picked":"Coffee Dripper"}],"items_purged_floors":[22,25,29],"is_endless":false,"potions_floor_spawned":[4,7,12,16,18,27,28],"killed_by":"Snecko","ascension_level":20}