{"gold_per_floor":[114,114,125,155,43,78,78,109,134,113,132,132,145,164,164,263,263,277,294,326,326,326,360,360,391,391,416,47,57,57,67,67,171,171,182,182,44,444,463,463,2,34,57,57,57,72,100,117,117,117],"floor_reached":51,"playtime":3814,"items_purged":["Regret"],"score":1309,"play_id":"df38945e-4ea5-421b-b4b4-550cd4cf4ffa","local_time":"20190409004438","is_ascension_mode":true,"campfire_choices":[{"data":"Footwork","floor":7,"key":"SMITH"},{"floor":15,"key":"REST"},{"data":"Accuracy","floor":24,"key":"SMITH"},{"floor":32,"key":"REST"},{"data":"Cloak And Dagger","floor":40,"key":"SMITH"},{"data":"Blade Dance","floor":45,"key":"SMITH"},{"data":"After Image","floor":49,"key":"SMITH"}],"neow_cost":"NONE","seed_source_timestamp":2110828902712900,"circlet_count":0,"master_deck":["Defend_G","Defend_G","Defend_G","Defend_G+1","Defend_G","Strike_G","Strike_G+1","Strike_G","Strike_G","Strike_G","Survivor","Neutralize","Sucker Punch+1","Deadly Poison","Crippling Poison","Footwork+1","Blade Dance+1","Flying Knee","After Image+1","Accuracy+1","Deadly Poison+1","Dodge and Roll","Ghostly","Ghostly","Ghostly+1","Ghostly","Ghostly","Dodge and Roll","Deadly Poison","Deflect+1","Cloak And Dagger+1","Infinite Blades+1","Heel Hook","Sucker Punch+1","Wraith Form v2+1","Escape Plan+1","Well Laid Plans+1","Masterful Stab+1","Blade Dance+1","Wraith Form v2+1","Backflip+1","Footwork+1"],"relics":["Black Star","Oddly Smooth Stone","Tiny Chest","Snake Skull","Juzu Bracelet","Blue Candle","Ninja Scroll","Bag of Marbles","Bottled Flame","Philosopher\u0027s Stone","Red Mask","Mummified Hand","Bag of Preparation","Vajra","Tough Bandages","Mercury Hourglass","Centennial Puzzle","Frozen Egg 2","Regal Pillow","Singing Bowl","Lizard Tail","Molten Egg 2","Old Coin","PreservedInsect","War Paint","Lantern","Whetstone","Smiling Mask","Kunai","Gremlin Horn","Art of War"],"potions_floor_usage":[16,16,20,23,27,33,50,50,50],"damage_taken":[{"damage":2,"enemies":"Small Slimes","floor":1,"turns":3},{"damage":0,"enemies":"2 Louse","floor":3,"turns":3},{"damage":10,"enemies":"Lagavulin","floor":6,"turns":8},{"damage":22,"enemies":"Gremlin Nob","floor":8,"turns":5},{"damage":0,"enemies":"Jaw Worm","floor":11,"turns":1},{"damage":0,"enemies":"Blue Slaver","floor":13,"turns":2},{"damage":0,"enemies":"Exordium Thugs","floor":14,"turns":6},{"damage":12,"enemies":"The Guardian","floor":16,"turns":13},{"damage":9,"enemies":"Spheric Guardian","floor":18,"turns":3},{"damage":4,"enemies":"Shell Parasite","floor":19,"turns":5},{"damage":27,"enemies":"Masked Bandits","floor":20,"turns":5},{"damage":0,"enemies":"Slavers","floor":23,"turns":6},{"damage":4,"enemies":"Book of Stabbing","floor":25,"turns":7},{"damage":4,"enemies":"Gremlin Leader","floor":27,"turns":7},{"damage":0,"enemies":"Snake Plant","floor":29,"turns":2},{"damage":0,"enemies":"Cultist and Chosen","floor":31,"turns":4},{"damage":11,"enemies":"Automaton","floor":33,"turns":9},{"damage":0,"enemies":"Orb Walker","floor":35,"turns":4},{"damage":0,"enemies":"Mind Bloom Boss Battle","floor":38,"turns":7},{"damage":0,"enemies":"3 Shapes","floor":39,"turns":2},{"damage":0,"enemies":"Reptomancer","floor":42,"turns":7},{"damage":0,"enemies":"Transient","floor":46,"turns":5},{"damage":0,"enemies":"Giant Head","floor":47,"turns":7},{"damage":0,"enemies":"4 Shapes","floor":48,"turns":2},{"damage":0,"enemies":"Awakened One","floor":50,"turns":14}],"seed_played":"7085849262251775117","potions_obtained":[{"floor":8,"key":"AttackPotion"},{"floor":11,"key":"Block Potion"},{"floor":16,"key":"Energy Potion"},{"floor":19,"key":"Weak Potion"},{"floor":20,"key":"Block Potion"},{"floor":23,"key":"Block Potion"},{"floor":38,"key":"Explosive Potion"},{"floor":39,"key":"SkillPotion"},{"floor":47,"key":"PowerPotion"},{"floor":48,"key":"Weak Potion"}],"is_trial":false,"path_per_floor":["M","?","M","?","$","E","R","E","T","?","M","T","M","M","R","B",null,"M","M","?","?","T","E","R","E","T","E","$","M","$","M","R","B",null,"M","T","$","?","M","R","$","E","T","T","R","M","E","M","R","B",null],"character_chosen":"THE_SILENT","items_purchased":["Crippling Poison","Singing Bowl","Cloak And Dagger","Infinite Blades+1","Well Laid Plans+1","Masterful Stab+1","PreservedInsect","Wraith Form v2+1","War Paint"],"campfire_rested":2,"item_purchase_floors":[5,28,28,28,37,37,41,41,41],"current_hp_per_floor":[61,58,58,58,58,48,48,26,26,26,26,26,26,26,47,35,61,52,48,21,21,21,21,21,17,17,13,13,13,13,13,35,24,32,32,32,32,34,34,34,34,36,36,36,36,36,38,38,38,38],"gold":117,"neow_bonus":"BOSS_RELIC","is_prod":false,"is_daily":false,"chose_seed":false,"campfire_upgraded":5,"win_rate":0,"timestamp":1554785078,"path_taken":["M","?","M","?","$","E","R","E","T","?","M","?","M","M","R","BOSS","M","M","?","?","?","E","R","E","T","E","$","M","?","M","R","BOSS","M","?","$","?","M","R","?","E","T","?","R","M","E","M","R","BOSS"],"build_version":"2019-01-23","purchased_purges":1,"victory":true,"max_hp_per_floor":[70,70,70,70,70,70,70,70,70,70,70,70,70,70,70,70,70,70,70,70,35,35,35,35,35,35,35,35,35,35,35,35,35,35,35,35,35,37,37,37,37,39,39,39,39,39,41,41,41,41],"card_choices":[{"not_picked":["Outmaneuver","Heel Hook"],"picked":"Sucker Punch","floor":1},{"not_picked":["Well Laid Plans","Acrobatics"],"picked":"Deadly Poison","floor":3},{"not_picked":["Outmaneuver","Acrobatics"],"picked":"Footwork","floor":6},{"not_picked":["Concentrate","Bane","Expertise"],"picked":"SKIP","floor":8},{"not_picked":["Prepared","Choke","Skewer"],"picked":"SKIP","floor":11},{"not_picked":["Distraction","Reflex"],"picked":"Blade Dance","floor":13},{"not_picked":["Dagger Spray","Deadly Poison"],"picked":"Flying Knee","floor":14},{"not_picked":["Tools of the Trade","Burst"],"picked":"After Image","floor":16},{"not_picked":["Poisoned Stab","PiercingWail"],"picked":"Accuracy","floor":18},{"not_picked":["Deflect","Choke+1"],"picked":"Deadly Poison+1","floor":19},{"not_picked":["Masterful Stab","Setup"],"picked":"Dodge and Roll","floor":20},{"not_picked":["Underhanded Strike","Poisoned Stab"],"picked":"Dodge and Roll","floor":23},{"not_picked":["Outmaneuver","Accuracy"],"picked":"Deadly Poison","floor":25},{"not_picked":["Dagger Spray","Quick Slash"],"picked":"Deflect+1","floor":27},{"not_picked":["Backflip","Slice"],"picked":"Heel Hook","floor":29},{"not_picked":["Expertise","Leg Sweep"],"picked":"Sucker Punch+1","floor":31},{"not_picked":["Die Die Die","Phantasmal Killer"],"picked":"Wraith Form v2+1","floor":33},{"not_picked":["Finisher+1","All Out Attack+1"],"picked":"Escape Plan+1","floor":35},{"not_picked":["Dagger Throw+1","Underhanded Strike+1","Acrobatics"],"picked":"Singing Bowl","floor":38},{"not_picked":["Concentrate","Predator+1"],"picked":"Blade Dance+1","floor":39},{"not_picked":["Deflect+1","Outmaneuver","Poisoned Stab+1"],"picked":"Singing Bowl","floor":42},{"not_picked":["Deflect","Quick Slash+1"],"picked":"Backflip+1","floor":46},{"not_picked":["Backflip","Quick Slash+1","Outmaneuver"],"picked":"Singing Bowl","floor":47},{"not_picked":["Bouncing Flask+1","Deadly Poison+1"],"picked":"Footwork+1","floor":48}],"player_experience":299400,"relics_obtained":[{"floor":6,"key":"Snake Skull"},{"floor":6,"key":"Juzu Bracelet"},{"floor":8,"key":"Blue Candle"},{"floor":8,"key":"Ninja Scroll"},{"floor":9,"key":"Bag of Marbles"},{"floor":12,"key":"Bottled Flame"},{"floor":20,"key":"Red Mask"},{"floor":22,"key":"Mummified Hand"},{"floor":23,"key":"Bag of Preparation"},{"floor":23,"key":"Vajra"},{"floor":25,"key":"Tough Bandages"},{"floor":25,"key":"Mercury Hourglass"},{"floor":26,"key":"Centennial Puzzle"},{"floor":27,"key":"Frozen Egg 2"},{"floor":27,"key":"Regal Pillow"},{"floor":36,"key":"Molten Egg 2"},{"floor":38,"key":"Old Coin"},{"floor":42,"key":"Lantern"},{"floor":42,"key":"Whetstone"},{"floor":43,"key":"Smiling Mask"},{"floor":44,"key":"Kunai"},{"floor":47,"key":"Gremlin Horn"},{"floor":47,"key":"Art of War"}],"event_choices":[{"damage_healed":0,"gold_gain":0,"player_choice":"Success","damage_taken":3,"relics_obtained":["Oddly Smooth Stone"],"max_hp_gain":0,"max_hp_loss":0,"event_name":"Scrap Ooze","floor":2,"gold_loss":0},{"damage_healed":0,"gold_gain":0,"player_choice":"Box","damage_taken":0,"relics_obtained":["Tiny Chest"],"max_hp_gain":0,"max_hp_loss":0,"event_name":"Big Fish","floor":4,"gold_loss":0,"cards_obtained":["Regret"]},{"damage_healed":0,"gold_gain":0,"player_choice":"Left Gold","damage_taken":0,"max_hp_gain":0,"max_hp_loss":0,"event_name":"World of Goop","floor":10,"gold_loss":21},{"damage_healed":0,"gold_gain":0,"player_choice":"Fought Bandits","damage_taken":0,"max_hp_gain":0,"max_hp_loss":0,"event_name":"Masked Bandits","floor":20,"gold_loss":0},{"damage_healed":0,"gold_gain":0,"player_choice":"Became a Ghost","damage_taken":0,"max_hp_gain":0,"max_hp_loss":35,"event_name":"Ghosts","floor":21,"gold_loss":0,"cards_obtained":["Ghostly","Ghostly","Ghostly","Ghostly","Ghostly"]},{"damage_healed":0,"gold_gain":0,"player_choice":"Fight","damage_taken":0,"max_hp_gain":0,"max_hp_loss":0,"event_name":"MindBloom","floor":38,"gold_loss":0}],"is_beta":false,"boss_relics":[{"not_picked":["Velvet Choker","White Beast Statue"],"picked":"Philosopher\u0027s Stone"},{"not_picked":["Runic Pyramid","Fusion Hammer"],"picked":"Lizard Tail"}],"items_purged_floors":[5],"is_endless":false,"potions_floor_spawned":[8,11,16,19,20,23,38,39,47,48],"ascension_level":8}