{"gold_per_floor":[18,18,35,35,35,35,52,85,85,85,101,114,114,34,34,136,136,151,162,11,11,30,30,59,59,59,59,59,77,77,97,97,197,247,266,266,276,292,292],"floor_reached":39,"playtime":2814,"items_purged":[],"score":586,"play_id":"921ec23a-0e2e-4973-bbdb-ba9dc23a9dc0","local_time":"20180826212656","is_ascension_mode":true,"campfire_choices":[{"data":"Zap","floor":6,"key":"SMITH"},{"floor":10,"key":"REST"},{"floor":15,"key":"REST"},{"floor":23,"key":"REST"},{"data":"Echo Form","floor":28,"key":"SMITH"},{"floor":32,"key":"REST"}],"neow_cost":"NO_GOLD","seed_source_timestamp":246485383611315,"circlet_count":0,"master_deck":["Strike_B","Strike_B","Strike_B","Defend_B","Defend_B","Defend_B","Zap+1","Dualcast+1","Gash","Gash+1","Glacier","Buffer+1","Echo Form+1","Necronomicurse","Rebound+1","Storm+1","BootSequence","Glacier"],"relics":["Cracked Core","Molten Egg 2","Ornamental Fan","Runic Pyramid","Art of War","Pantograph","Necronomicon","Tiny House"],"potions_floor_usage":[8,8,8,18,24],"damage_taken":[{"damage":7,"enemies":"Jaw Worm","floor":1,"turns":3},{"damage":1,"enemies":"Cultist","floor":3,"turns":3},{"damage":5,"enemies":"2 Louse","floor":7,"turns":3},{"damage":40,"enemies":"3 Sentries","floor":8,"turns":9},{"damage":13,"enemies":"Exordium Thugs","floor":11,"turns":4},{"damage":12,"enemies":"Large Slime","floor":12,"turns":4},{"damage":18,"enemies":"The Guardian","floor":16,"turns":11},{"damage":17,"enemies":"2 Thieves","floor":18,"turns":5},{"damage":1,"enemies":"Chosen","floor":19,"turns":5},{"damage":26,"enemies":"Centurion and Healer","floor":22,"turns":7},{"damage":10,"enemies":"Gremlin Leader","floor":24,"turns":6},{"damage":23,"enemies":"Snecko","floor":29,"turns":7},{"damage":17,"enemies":"Chosen and Byrds","floor":31,"turns":6},{"damage":14,"enemies":"Champ","floor":33,"turns":12},{"damage":48,"enemies":"3 Darklings","floor":35,"turns":6},{"damage":1,"enemies":"Flame Bruiser 1 Orb","floor":37,"turns":8},{"damage":18,"enemies":"Spire Growth","floor":38,"turns":6},{"damage":26,"enemies":"Sphere and 2 Shapes","floor":39,"turns":3}],"seed_played":"-8466196449160979648","potions_obtained":[{"floor":1,"key":"SpeedPotion"},{"floor":5,"key":"SkillPotion"},{"floor":5,"key":"PowerPotion"},{"floor":8,"key":"SneckoOil"},{"floor":11,"key":"AttackPotion"},{"floor":12,"key":"Dexterity Potion"},{"floor":19,"key":"PowerPotion"},{"floor":29,"key":"Ancient Potion"},{"floor":31,"key":"Explosive Potion"}],"is_trial":false,"path_per_floor":["M","$","M","?","?","R","M","E","T","R","M","M","?","$","R","B",null,"M","M","$","?","M","R","E","?","T","?","R","M","?","M","R","B",null,"M","?","M","M"],"character_chosen":"DEFECT","items_purchased":["Glacier","Echo Form"],"campfire_rested":4,"item_purchase_floors":[14,20],"current_hp_per_floor":[75,75,74,74,74,74,69,29,29,55,42,30,30,30,56,38,76,59,58,58,58,32,58,48,48,48,32,32,9,38,21,47,58,86,38,38,37,19,0],"gold":292,"neow_bonus":"TWENTY_PERCENT_HP_BONUS","is_prod":false,"is_daily":false,"chose_seed":false,"campfire_upgraded":2,"win_rate":0,"timestamp":1535311616,"path_taken":["M","$","M","?","?","R","M","E","T","R","M","?","?","?","R","BOSS","M","M","$","?","M","R","E","?","T","?","R","M","?","M","R","BOSS","M","?","M","M","M"],"build_version":"2018-08-23v2","purchased_purges":0,"victory":false,"max_hp_per_floor":[89,89,89,89,89,89,89,89,89,89,89,89,89,89,89,89,89,89,89,89,89,89,89,89,89,89,89,89,89,89,89,89,89,94,94,94,94,94,94],"card_choices":[{"not_picked":["Double Energy","Conserve Battery"],"picked":"Gash","floor":1},{"not_picked":["Streamline","Fusion","Darkness"],"picked":"SKIP","floor":3},{"not_picked":["Static Discharge","Compile Driver","Ball Lightning"],"picked":"SKIP","floor":7},{"not_picked":["Genetic Algorithm","Force Field","Steam Power"],"picked":"SKIP","floor":8},{"not_picked":["Reinforced Body","Creative AI"],"picked":"Gash+1","floor":11},{"not_picked":["Compile Driver+1","Conserve Battery","Heatsinks"],"picked":"SKIP","floor":12},{"not_picked":["Rainbow","Hyperbeam+1"],"picked":"Buffer","floor":16},{"not_picked":["Force Field","Hologram","Barrage+1"],"picked":"SKIP","floor":18},{"not_picked":["Cold Snap+1","Darkness","Beam Cell+1"],"picked":"SKIP","floor":19},{"not_picked":["Go for the Eyes+1","Conserve Battery","Ball Lightning+1"],"picked":"SKIP","floor":22},{"not_picked":["Static Discharge","Steam Power","Consume"],"picked":"SKIP","floor":24},{"not_picked":["Machine Learning","Hologram"],"picked":"Rebound+1","floor":29},{"not_picked":["Redo","Undo+1","Darkness"],"picked":"SKIP","floor":31},{"not_picked":["Darkness","Hologram"],"picked":"Storm+1","floor":34},{"not_picked":["Lockon+1","Consume"],"picked":"BootSequence","floor":35},{"not_picked":["Ball Lightning+1","Blizzard+1","Go for the Eyes+1"],"picked":"SKIP","floor":37},{"not_picked":["Tempest+1","Turbo+1"],"picked":"Glacier","floor":38}],"player_experience":523761,"relics_obtained":[{"floor":8,"key":"Molten Egg 2"},{"floor":9,"key":"Ornamental Fan"},{"floor":24,"key":"Art of War"},{"floor":26,"key":"Pantograph"},{"floor":27,"key":"Necronomicon"}],"event_choices":[{"event_name":"Bonfire Elementals","player_choice":"BASIC","floor":4,"damage_taken":0},{"event_name":"The Lab","player_choice":"Got Potions","floor":5,"damage_taken":0},{"event_name":"Upgrade Shrine","player_choice":"Upgraded","floor":13,"damage_taken":0},{"event_name":"Upgrade Shrine","player_choice":"Upgraded","floor":21,"damage_taken":0},{"event_name":"Cursed Tome","player_choice":"Obtained Book","floor":27,"damage_taken":0},{"event_name":"The Library","player_choice":"Heal","floor":30,"damage_taken":0},{"event_name":"Falling","player_choice":"Removed Skill","floor":36,"damage_taken":0}],"is_beta":false,"boss_relics":[{"not_picked":["Eternal Feather","Velvet Choker"],"picked":"Runic Pyramid"},{"not_picked":["White Beast Statue","Philosopher\u0027s Stone"],"picked":"Tiny House"}],"items_purged_floors":[],"is_endless":false,"potions_floor_spawned":[1,8,11,12,19,29,31,35],"killed_by":"Sphere and 2 Shapes","ascension_level":8}