{"gold_per_floor":[128,90,114,139,151,163,210,233,298,325,337,349,361,373,385,501,513,543,555,567,579,304,304,304],"floor_reached":24,"playtime":641,"items_purged":[],"score":230,"play_id":"6391573d-e219-4fc8-a86d-194acafa6ea8","local_time":"20180828141607","is_ascension_mode":true,"campfire_choices":[{"data":"Streamline","floor":6.0,"key":"SMITH"},{"floor":12.0,"key":"REST"},{"floor":15.0,"key":"REST"},{"data":"Rainbow","floor":23.0,"key":"SMITH"}],"neow_cost":"NONE","seed_source_timestamp":0,"circlet_count":0,"master_deck":["Strike_B+1","Strike_B+1","Strike_B+1","Strike_B+1","Defend_B+1","Defend_B+1","Defend_B+1","Zap","Dualcast","Streamline+1","Thunder Strike","Conserve Battery","Lockon","Ball Lightning","Chill","Beam Cell","Defragment+1","Rainbow+1","BootSequence+1","J.A.X.","Defragment+1","Dark Shackles"],"special_seed":0,"relics":["Cracked Core","MawBank","Frozen Egg 2","Boot","Dream Catcher","Inserter","Tiny Chest"],"potions_floor_usage":[24],"damage_taken":[{"damage":3.0,"enemies":"2 Louse","floor":1.0,"turns":3.0},{"damage":12.0,"enemies":"Jaw Worm","floor":3.0,"turns":2.0},{"damage":10.0,"enemies":"Small Slimes","floor":4.0,"turns":2.0},{"damage":11.0,"enemies":"Gremlin Nob","floor":7.0,"turns":3.0},{"damage":23.0,"enemies":"Exordium Wildlife","floor":8.0,"turns":4.0},{"damage":6.0,"enemies":"Looter","floor":10.0,"turns":2.0},{"damage":12.0,"enemies":"Slime Boss","floor":16.0,"turns":6.0},{"damage":15.0,"enemies":"3 Byrds","floor":18.0,"turns":4.0},{"damage":65,"enemies":"Gremlin Leader","floor":24,"turns":8}],"seed_played":"5417754320686684202","potions_obtained":[{"floor":1.0,"key":"FearPotion"},{"floor":10.0,"key":"Fire Potion"},{"floor":16.0,"key":"AttackPotion"},{"floor":18.0,"key":"GamblersBrew"}],"is_trial":false,"path_per_floor":["M","?","M","M","?","R","E","M","T","M","?","R","$","?","R","B",null,"M","$","?","?","$","R"],"character_chosen":"DEFECT","items_purchased":["Defragment+1","Dark Shackles","Tiny Chest"],"campfire_rested":2,"item_purchase_floors":[22,22,22],"current_hp_per_floor":[72,72,60,50,43,43,32,9,9,3,3,25,25,25,47,35,75,60,60,60,60,60,60,0],"gold":304,"neow_bonus":"RANDOM_COMMON_RELIC","is_prod":false,"is_daily":false,"chose_seed":false,"campfire_upgraded":2,"win_rate":0,"timestamp":1535480167,"path_taken":["M","?","M","M","?","R","E","M","T","M","?","R","?","?","R","BOSS","M","$","?","?","$","R","E"],"build_version":"2018-08-23v2","purchased_purges":0,"victory":false,"max_hp_per_floor":[75,75,75,75,75,75,75,75,75,75,75,75,75,75,75,75,75,75,75,75,75,75,75,75],"card_choices":[{"not_picked":["Cold Snap","Conserve Battery"],"picked":"Streamline","floor":1.0},{"not_picked":["Chaos","Leap"],"picked":"Thunder Strike","floor":3.0},{"not_picked":["FTL","Reprogram"],"picked":"Conserve Battery","floor":4.0},{"not_picked":["Rebound","Recycle"],"picked":"Lockon","floor":7.0},{"not_picked":["Hologram","Sweeping Beam"],"picked":"Ball Lightning","floor":8.0},{"not_picked":["Stack","Redo"],"picked":"Chill","floor":10.0},{"not_picked":["Leap","Coolheaded"],"picked":"Beam Cell","floor":12.0},{"not_picked":["Redo","Stack"],"picked":"Defragment+1","floor":15.0},{"not_picked":["Multi-Cast","Machine Learning+1"],"picked":"Rainbow","floor":16.0},{"not_picked":["Beam Cell","Conserve Battery+1"],"picked":"BootSequence+1","floor":18.0}],"player_experience":477146,"relics_obtained":[{"floor":7.0,"key":"Boot"},{"floor":9.0,"key":"Dream Catcher"}],"event_choices":[{"event_name":"The Cleric","player_choice":"Card Removal","floor":2.0,"damage_taken":0.0},{"event_name":"Scrap Ooze","player_choice":"success","floor":5.0,"damage_taken":7.0},{"event_name":"Shining Light","player_choice":"Ignored","floor":11.0,"damage_taken":0.0},{"event_name":"Dead Adventurer","player_choice":"Searched \u00270\u0027 times","floor":14.0,"damage_taken":0.0},{"event_name":"Drug Dealer","player_choice":"Got JAX","floor":20.0,"damage_taken":0.0},{"event_name":"Back to Basics","player_choice":"Simplicity","floor":21.0,"damage_taken":0.0}],"is_beta":false,"boss_relics":[{"not_picked":["Calling Bell","Astrolabe"],"picked":"Inserter"}],"items_purged_floors":[],"is_endless":false,"potions_floor_spawned":[1,10,16,18],"killed_by":"Gremlin Leader","ascension_level":4}