{"gold_per_floor":[115,40,53,53,3,3,20,36,36,36,48,62,62,76,76,76],"floor_reached":16,"playtime":427,"items_purged":["Strike_B"],"score":136,"play_id":"9d89297b-bb41-4245-8aaf-621bf521de20","local_time":"20180827205223","is_ascension_mode":true,"campfire_choices":[{"data":"Zap","floor":6,"key":"SMITH"},{"data":"Dualcast","floor":10,"key":"SMITH"},{"data":"BootSequence","floor":15,"key":"SMITH"}],"neow_cost":"","seed_source_timestamp":333201180467774,"circlet_count":0,"master_deck":["Strike_B","Strike_B","Defend_B","Defend_B","Defend_B","Defend_B","Zap+1","Dualcast+1","Scrape","Self Repair","BootSequence+1"],"relics":["Cracked Core","Bottled Lightning"],"potions_floor_usage":[16,16,16],"damage_taken":[{"damage":1,"enemies":"Cultist","floor":1,"turns":3},{"damage":8,"enemies":"Jaw Worm","floor":3,"turns":4},{"damage":0,"enemies":"Small Slimes","floor":7,"turns":3},{"damage":7,"enemies":"Looter","floor":8,"turns":3},{"damage":0,"enemies":"Blue Slaver","floor":11,"turns":3},{"damage":16,"enemies":"Lots of Slimes","floor":12,"turns":4},{"damage":10,"enemies":"Large Slime","floor":14,"turns":4},{"damage":78,"enemies":"Slime Boss","floor":16,"turns":9}],"seed_played":"4810551466864947540","potions_obtained":[{"floor":1,"key":"Ancient Potion"},{"floor":7,"key":"FearPotion"},{"floor":11,"key":"GamblersBrew"}],"is_trial":false,"path_per_floor":["M","$","M","$","?","R","M","M","T","R","M","M","?","M","R"],"character_chosen":"DEFECT","items_purchased":[],"campfire_rested":0,"item_purchase_floors":[],"current_hp_per_floor":[67,67,59,59,59,59,59,59,59,59,66,57,75,72,72,0],"gold":76,"neow_bonus":"","is_prod":false,"is_daily":false,"chose_seed":false,"campfire_upgraded":3,"win_rate":0,"timestamp":1535395943,"path_taken":["M","$","M","?","?","R","M","M","T","R","M","M","?","M","R","BOSS"],"build_version":"2018-08-23v2","purchased_purges":1,"victory":false,"max_hp_per_floor":[75,75,75,75,75,75,75,75,75,75,75,75,75,75,75,75],"card_choices":[{"not_picked":["Lockon","Ball Lightning","Steam Power"],"picked":"SKIP","floor":1},{"not_picked":["Conserve Battery","Leap"],"picked":"Scrape","floor":3},{"not_picked":["Barrage","Redo"],"picked":"Self Repair","floor":7},{"not_picked":["Darkness","Sweeping Beam","Scrape"],"picked":"SKIP","floor":8},{"not_picked":["Hologram","Rip and Tear","Streamline"],"picked":"SKIP","floor":11},{"not_picked":["Consume","Barrage","Go for the Eyes"],"picked":"SKIP","floor":12},{"not_picked":["Capacitor","Skim"],"picked":"BootSequence","floor":14}],"player_experience":551746,"relics_obtained":[{"floor":9,"key":"Bottled Lightning"}],"event_choices":[{"event_name":"The Cleric","player_choice":"Card Removal","floor":5,"damage_taken":0},{"event_name":"Big Fish","player_choice":"Banana","floor":13,"damage_taken":0}],"is_beta":false,"boss_relics":[],"items_purged_floors":[2],"is_endless":false,"potions_floor_spawned":[1,7,11],"killed_by":"Slime Boss","ascension_level":9}