{"gold_per_floor":[109,109,127,127,402,431,442,474,474,491,491,502,502],"floor_reached":13,"playtime":270,"items_purged":[],"score":174,"play_id":"eac2f73a-a855-4155-aaeb-224cf5caac47","local_time":"20190411232019","is_ascension_mode":true,"campfire_choices":[{"floor":11,"key":"REST"}],"neow_cost":"NONE","seed_source_timestamp":97074962603594,"circlet_count":0,"master_deck":["Strike_B","Strike_B","Strike_B","Strike_B","Defend_B","Defend_B","Defend_B+1","Defend_B","Zap","Dualcast+1","Gash","Sunder","Regret","Rainbow","Loop","Rebound","Scrape","Self Repair"],"relics":["Cracked Core","NeowsBlessing","CultistMask","War Paint","Mercury Hourglass","Mummified Hand"],"potions_floor_usage":[],"damage_taken":[{"damage":0,"enemies":"2 Louse","floor":1,"turns":1},{"damage":0,"enemies":"Cultist","floor":3,"turns":1},{"damage":0,"enemies":"3 Sentries","floor":6,"turns":1},{"damage":7,"enemies":"Jaw Worm","floor":7,"turns":2},{"damage":36,"enemies":"Gremlin Nob","floor":8,"turns":4},{"damage":7,"enemies":"Looter","floor":10,"turns":2},{"damage":10,"enemies":"2 Fungi Beasts","floor":12,"turns":2},{"damage":32,"enemies":"Exordium Thugs","floor":13,"turns":4}],"seed_played":"9112776281147027085","potions_obtained":[{"floor":1,"key":"Ancient Potion"},{"floor":6,"key":"Dexterity Potion"},{"floor":7,"key":"SteroidPotion"}],"is_trial":false,"path_per_floor":["M","?","M","$","?","E","M","E","T","M","R","M","M"],"character_chosen":"DEFECT","items_purchased":[],"campfire_rested":1,"item_purchase_floors":[],"current_hp_per_floor":[68,68,68,68,68,68,61,25,25,18,40,30,0],"gold":502,"neow_bonus":"THREE_ENEMY_KILL","is_prod":false,"is_daily":false,"chose_seed":false,"campfire_upgraded":0,"win_rate":0,"timestamp":1555050019,"path_taken":["M","?","M","$","?","E","?","E","T","M","R","M","M"],"build_version":"2019-01-23","purchased_purges":0,"victory":false,"max_hp_per_floor":[75,75,75,75,75,75,75,75,75,75,75,75,75],"card_choices":[{"not_picked":["Heatsinks","Coolheaded"],"picked":"Gash","floor":1},{"not_picked":["Sweeping Beam","Darkness"],"picked":"Sunder","floor":3},{"not_picked":["Melter","Beam Cell"],"picked":"Rainbow","floor":6},{"not_picked":["Beam Cell","Chill"],"picked":"Loop","floor":7},{"not_picked":["Barrage","Stack"],"picked":"Rebound","floor":8},{"not_picked":["Leap","Hologram"],"picked":"Scrape","floor":10},{"not_picked":["Leap","Go for the Eyes"],"picked":"Self Repair","floor":12}],"player_experience":562238,"relics_obtained":[{"floor":6,"key":"War Paint"},{"floor":8,"key":"Mercury Hourglass"},{"floor":9,"key":"Mummified Hand"}],"event_choices":[{"damage_healed":0,"gold_gain":0,"player_choice":"Trade","damage_taken":0,"relics_obtained":["CultistMask"],"max_hp_gain":0,"max_hp_loss":0,"event_name":"FaceTrader","floor":2,"gold_loss":0},{"damage_healed":0,"gold_gain":275,"player_choice":"Desecrate","damage_taken":0,"max_hp_gain":0,"max_hp_loss":0,"event_name":"Golden Shrine","floor":5,"gold_loss":0,"cards_obtained":["Regret"]}],"is_beta":false,"boss_relics":[],"items_purged_floors":[],"is_endless":false,"potions_floor_spawned":[1,6,7,8],"killed_by":"Exordium Thugs","ascension_level":9}