{"gold_per_floor":[115,115,65,65,83,108,108,143,173,173,192,207,282,11,11,113,113,131,131,131,148,167,202,202,218,218,253,253,269,269,288,288,288],"floor_reached":33,"playtime":1304,"items_purged":[],"score":295,"play_id":"a3cc5e90-beb3-47b0-9705-ccacf408a451","local_time":"20190427041317","is_ascension_mode":false,"campfire_choices":[{"data":"Neutralize","floor":7.0,"key":"SMITH"},{"floor":10.0,"key":"REST"},{"data":"Finisher","floor":15.0,"key":"SMITH"},{"floor":24,"key":"REST"},{"floor":28,"key":"REST"},{"floor":30,"key":"REST"},{"floor":32,"key":"REST"}],"neow_cost":"CURSE","seed_source_timestamp":0,"circlet_count":0,"master_deck":["Defend_G","Defend_G","Defend_G","Strike_G","Strike_G","Strike_G","Survivor","Neutralize+1","Unload+1","Dagger Spray+1","Riddle With Holes","Well Laid Plans","Finisher+1","Tactician","Footwork","Corpse Explosion","Leg Sweep","Terror","Catalyst+1","Underhanded Strike","Die Die Die","PiercingWail+1"],"special_seed":0,"relics":["Ring of the Snake","Blue Candle","Bronze Scales","Tiny Chest","Membership Card","Empty Cage","Whetstone","Kunai","PreservedInsect"],"potions_floor_usage":[23,27,33],"damage_taken":[{"damage":0.0,"enemies":"Small Slimes","floor":1.0,"turns":2.0},{"damage":0.0,"enemies":"Jaw Worm","floor":5.0,"turns":2.0},{"damage":20.0,"enemies":"Gremlin Nob","floor":6.0,"turns":4.0},{"damage":23.0,"enemies":"3 Sentries","floor":8.0,"turns":6.0},{"damage":0.0,"enemies":"Cultist","floor":11.0,"turns":3.0},{"damage":5.0,"enemies":"Large Slime","floor":12.0,"turns":4.0},{"damage":22.0,"enemies":"The Guardian","floor":16.0,"turns":11.0},{"damage":0.0,"enemies":"Chosen","floor":18.0,"turns":5.0},{"damage":7.0,"enemies":"Shell Parasite","floor":21.0,"turns":4.0},{"damage":7.0,"enemies":"Shelled Parasite and Fungi","floor":22.0,"turns":2.0},{"damage":30,"enemies":"Slavers","floor":23,"turns":3},{"damage":10,"enemies":"Snake Plant","floor":25,"turns":4},{"damage":36,"enemies":"Book of Stabbing","floor":27,"turns":5},{"damage":0,"enemies":"3 Cultists","floor":29,"turns":2},{"damage":25,"enemies":"Sentry and Sphere","floor":31,"turns":4},{"damage":14,"enemies":"Champ","floor":33,"turns":4}],"seed_played":"832418164543725960","potions_obtained":[{"floor":6.0,"key":"Swift Potion"},{"floor":11.0,"key":"Explosive Potion"},{"floor":12.0,"key":"Explosive Potion"},{"floor":22.0,"key":"Strength Potion"},{"floor":31,"key":"SneckoOil"}],"is_trial":false,"path_per_floor":["M","?","?","?","M","E","R","E","T","R","M","M","?","$","R","B",null,"M","?","?","M","M","E","R","M","T","E","R","M","R","M","R","B"],"character_chosen":"THE_SILENT","items_purchased":["Membership Card","Tactician","Footwork"],"campfire_rested":5,"item_purchase_floors":[14,14,14],"current_hp_per_floor":[70,70,70,70,70,50,50,27,27,48,48,43,32,32,32,10,70,70,70,70,63,56,26,47,37,37,1,22,22,43,18,39,25],"gold":288,"neow_bonus":"THREE_RARE_CARDS","is_prod":false,"is_daily":false,"chose_seed":false,"campfire_upgraded":2,"win_rate":0,"timestamp":1556352797,"path_taken":["M","?","?","?","M","E","R","E","T","R","?","M","?","$","R","BOSS","M","?","?","?","M","E","R","M","T","E","R","M","R","M","R","BOSS"],"build_version":"2019-04-23","purchased_purges":0,"victory":false,"max_hp_per_floor":[70,70,70,70,70,70,70,70,70,70,70,70,70,70,70,70,70,70,70,70,70,70,70,70,70,70,70,70,70,70,70,70,70],"card_choices":[{"not_picked":["Bullet Time","Wraith Form v2"],"picked":"Unload","floor":0.0},{"not_picked":["Deadly Poison","Bane"],"picked":"Dagger Spray","floor":1.0},{"not_picked":["Deflect","Bane"],"picked":"Riddle With Holes","floor":5.0},{"not_picked":["Riddle With Holes","Acrobatics","Caltrops"],"picked":"SKIP","floor":6.0},{"not_picked":["Acrobatics","Poisoned Stab","Dodge and Roll"],"picked":"SKIP","floor":8.0},{"not_picked":["Quick Slash","Malaise"],"picked":"Well Laid Plans","floor":11.0},{"not_picked":["Blade Dance","Prepared"],"picked":"Finisher","floor":12.0},{"not_picked":["Tools of the Trade","Grand Finale"],"picked":"Corpse Explosion","floor":16.0},{"not_picked":["Cloak And Dagger","Outmaneuver"],"picked":"Leg Sweep","floor":18.0},{"not_picked":["Outmaneuver","PiercingWail","Dagger Spray"],"picked":"SKIP","floor":21.0},{"not_picked":["PiercingWail","Eviscerate"],"picked":"Terror","floor":22.0},{"not_picked":["Accuracy","Blur"],"picked":"Catalyst+1","floor":23},{"not_picked":["Slice","Distraction"],"picked":"Underhanded Strike","floor":25},{"not_picked":["Quick Slash","Deadly Poison"],"picked":"Die Die Die","floor":27},{"not_picked":["Sucker Punch","Outmaneuver"],"picked":"PiercingWail+1","floor":29},{"not_picked":["Bane","Tools of the Trade","Dash"],"picked":"SKIP","floor":31}],"player_experience":1380465,"relics_obtained":[{"floor":6.0,"key":"Blue Candle"},{"floor":8.0,"key":"Bronze Scales"},{"floor":9.0,"key":"Tiny Chest"},{"floor":23,"key":"Whetstone"},{"floor":26,"key":"Kunai"},{"floor":27,"key":"PreservedInsect"}],"event_choices":[{"cards_removed":["Doubt"],"damage_healed":0.0,"max_hp_gain":0.0,"max_hp_loss":0.0,"gold_gain":0.0,"event_name":"Living Wall","player_choice":"Forget","floor":2.0,"gold_loss":0.0,"damage_taken":0.0},{"cards_removed":["Strike_G"],"damage_healed":0.0,"max_hp_gain":0.0,"max_hp_loss":0.0,"gold_gain":0.0,"event_name":"The Cleric","player_choice":"Card Removal","floor":3.0,"gold_loss":50.0,"damage_taken":0.0},{"cards_removed":["Defend_G"],"damage_healed":0.0,"max_hp_gain":0.0,"max_hp_loss":0.0,"gold_gain":0.0,"event_name":"Bonfire Elementals","player_choice":"Offered Basic","floor":4.0,"gold_loss":0.0,"damage_taken":0.0},{"damage_healed":0.0,"max_hp_gain":0.0,"max_hp_loss":0.0,"gold_gain":75.0,"event_name":"World of Goop","player_choice":"Gather Gold","floor":13.0,"gold_loss":0.0,"damage_taken":11.0},{"damage_healed":0.0,"max_hp_gain":0.0,"max_hp_loss":0.0,"gold_gain":0.0,"event_name":"NoteForYourself","player_choice":"Ignored","floor":20.0,"gold_loss":0.0,"damage_taken":0.0}],"is_beta":true,"boss_relics":[{"not_picked":["WristBlade","Eternal Feather"],"picked":"Empty Cage"}],"items_purged_floors":[],"is_endless":false,"potions_floor_spawned":[6,11,12,21,22,31],"killed_by":"Champ","ascension_level":0}