{"gold_per_floor":[118,118,118,118,131,150,150,191,214,214,229,14,35,35,35,35],"floor_reached":16,"playtime":848,"items_purged":[],"score":150,"play_id":"9a92400a-425b-4cd7-9d93-de94f23525a9","local_time":"20190313171243","is_ascension_mode":false,"campfire_choices":[{"floor":7,"key":"RECALL"},{"floor":10,"key":"REST"},{"data":"Blade Dance","floor":15,"key":"SMITH"}],"neow_cost":"NONE","seed_source_timestamp":68325852162565,"circlet_count":0,"master_deck":["Defend_G","Defend_G","Defend_G","Defend_G","Defend_G","Strike_G","Strike_G","Strike_G","Strike_G","Strike_G","Survivor","Neutralize","Cloak And Dagger+1","Underhanded Strike","Dagger Throw","Dagger Throw","Blade Dance+1","Accuracy","Flying Knee"],"relics":["Ring of the Snake","Golden Idol","Pen Nib","Membership Card","Orichalcum"],"potions_floor_usage":[],"damage_taken":[{"damage":0,"enemies":"Jaw Worm","floor":1,"turns":5},{"damage":1,"enemies":"Small Slimes","floor":5,"turns":3},{"damage":0,"enemies":"Cultist","floor":6,"turns":3},{"damage":22,"enemies":"Gremlin Nob","floor":8,"turns":5},{"damage":5,"enemies":"Blue Slaver","floor":11,"turns":3},{"damage":7,"enemies":"Large Slime","floor":13,"turns":4}],"seed_played":"3989320074281244132","potions_obtained":[{"floor":8,"key":"Ancient Potion"},{"floor":11,"key":"Strength Potion"}],"is_trial":false,"path_per_floor":["M","?","$","?","M","M","R","E","T","R","M","$","M","?","R","B"],"character_chosen":"THE_SILENT","items_purchased":["Membership Card","Accuracy"],"campfire_rested":1,"item_purchase_floors":[12,12],"current_hp_per_floor":[77,58,58,58,57,57,57,35,35,58,53,53,46,46,46,0],"gold":35,"neow_bonus":"TEN_PERCENT_HP_BONUS","is_prod":false,"is_daily":false,"chose_seed":false,"campfire_upgraded":1,"win_rate":0,"timestamp":1552515163,"path_taken":["M","?","$","?","?","M","R","E","T","R","M","$","M","?","R","BOSS"],"build_version":"2019-01-23","purchased_purges":0,"victory":false,"max_hp_per_floor":[77,77,77,77,77,77,77,77,77,77,77,77,77,77,77,77],"card_choices":[{"not_picked":["Acrobatics","Finisher"],"picked":"Cloak And Dagger","floor":1},{"not_picked":["Dodge and Roll","Outmaneuver"],"picked":"Underhanded Strike","floor":5},{"not_picked":["Quick Slash","Flying Knee"],"picked":"Dagger Throw","floor":6},{"not_picked":["Underhanded Strike","Glass Knife"],"picked":"Dagger Throw","floor":8},{"not_picked":["Endless Agony","Poisoned Stab"],"picked":"Blade Dance","floor":11},{"not_picked":["Outmaneuver","Blade Dance"],"picked":"Flying Knee","floor":13}],"player_experience":125051,"relics_obtained":[{"floor":8,"key":"Pen Nib"}],"event_choices":[{"damage_healed":0,"gold_gain":0,"player_choice":"Take Damage","damage_taken":19,"relics_obtained":["Golden Idol"],"max_hp_gain":0,"max_hp_loss":0,"event_name":"Golden Idol","floor":2,"gold_loss":0},{"damage_healed":0,"gold_gain":0,"player_choice":"Upgraded","damage_taken":0,"max_hp_gain":0,"max_hp_loss":0,"event_name":"Upgrade Shrine","floor":4,"gold_loss":0,"cards_upgraded":["Cloak And Dagger"]},{"damage_healed":0,"gold_gain":0,"player_choice":"Searched \u00271\u0027 times","damage_taken":0,"relics_obtained":["Orichalcum"],"max_hp_gain":0,"max_hp_loss":0,"event_name":"Dead Adventurer","floor":14,"gold_loss":0}],"is_beta":false,"boss_relics":[],"items_purged_floors":[],"is_endless":false,"potions_floor_spawned":[8,11],"killed_by":"The Guardian","ascension_level":0}