{"path_per_floor":["M","?","M","M","$","R","E","M","T","?","M","$","M","M","R","B",null,"M","?","$","M","M","R","M"],"character_chosen":"IRONCLAD","items_purchased":["Dual Wield"],"gold_per_floor":[114,114,125,143,68,68,93,107,132,132,143,43,58,72,72,172,172,192,192,30,43,57,57,68,68],"floor_reached":25,"campfire_rested":0,"playtime":880,"item_purchase_floors":[20],"current_hp_per_floor":[80,73,67,67,67,67,56,49,49,33,33,33,32,32,32,16,80,54,54,54,11,40,40,18,0],"items_purged":["Strike_R","Strike_R","Strike_R"],"gold":68,"score":207,"play_id":"8f610eda-473b-46c3-8209-eb009854742d","local_time":"20180530083050","is_prod":false,"is_daily":false,"chose_seed":false,"is_ascension_mode":false,"campfire_upgraded":3,"win_rate":0,"timestamp":1527640250,"campfire_choices":[{"data":"Bash","floor":6,"key":"SMITH"},{"data":"Rampage","floor":15,"key":"SMITH"},{"data":"Battle Trance","floor":23,"key":"SMITH"}],"path_taken":["M","?","M","M","$","R","E","M","T","?","M","$","M","M","R","BOSS","M","?","$","M","M","R","M","E"],"build_version":"2018-05-24","seed_source_timestamp":173272847101128,"purchased_purges":3,"victory":false,"master_deck":["Strike_R+1","Strike_R+1","Defend_R","Defend_R","Defend_R","Bash+1","Rampage+1","Dual Wield","Battle Trance+1"],"max_hp_per_floor":[80,80,80,80,80,80,80,80,80,80,80,80,80,80,80,80,80,80,80,80,80,80,80,80,80],"relics":["Mark of Pain","Anchor","Boot","Lizard Tail"],"card_choices":[{"not_picked":["Inflame","Second Wind","Anger"],"picked":"SKIP","floor":1},{"not_picked":["Spot Weakness","Reckless Charge","Second Wind"],"picked":"SKIP","floor":3},{"not_picked":["Heavy Blade","Clothesline","Warcry"],"picked":"SKIP","floor":4},{"not_picked":["Berserk","Armaments","Clash"],"picked":"SKIP","floor":7},{"not_picked":["Wild Strike","Body Slam"],"picked":"Rampage","floor":8},{"not_picked":["Whirlwind","Clothesline","Body Slam"],"picked":"SKIP","floor":11},{"not_picked":["Corruption","Power Through","Sever Soul"],"picked":"SKIP","floor":13},{"not_picked":["True Grit","Fiend Fire","Twin Strike"],"picked":"SKIP","floor":14},{"not_picked":["Clothesline","Armaments","True Grit"],"picked":"SKIP","floor":18},{"not_picked":["Anger","Bloodletting+1"],"picked":"Battle Trance","floor":21},{"not_picked":["Iron Wave","Feel No Pain+1","Wild Strike+1"],"picked":"SKIP","floor":22},{"not_picked":["Spot Weakness+1","Cleave","True Grit+1"],"picked":"SKIP","floor":24}],"player_experience":201050,"potions_floor_usage":[7,7,16,16,16,22],"damage_taken":[{"damage":0,"enemies":"Small Slimes","floor":1,"turns":3},{"damage":6,"enemies":"Jaw Worm","floor":3,"turns":3},{"damage":0,"enemies":"2 Louse","floor":4,"turns":3},{"damage":11,"enemies":"Gremlin Nob","floor":7,"turns":3},{"damage":7,"enemies":"Blue Slaver","floor":8,"turns":3},{"damage":0,"enemies":"Large Slime","floor":11,"turns":4},{"damage":1,"enemies":"Exordium Thugs","floor":13,"turns":3},{"damage":0,"enemies":"Blue Slaver","floor":14,"turns":2},{"damage":16,"enemies":"Hexaghost","floor":16,"turns":6},{"damage":26,"enemies":"Spheric Guardian","floor":18,"turns":5},{"damage":43,"enemies":"3 Byrds","floor":21,"turns":7},{"damage":16,"enemies":"Slaver and Parasite","floor":22,"turns":6},{"damage":22,"enemies":"Sentry and Sphere","floor":24,"turns":4},{"damage":19,"enemies":"Book of Stabbing","floor":25,"turns":3}],"relics_obtained":[{"floor":7,"key":"Anchor"},{"floor":9,"key":"Boot"}],"event_choices":[{"event_name":"Golden Wing","player_choice":"Card Removal","floor":2,"damage_taken":0},{"event_name":"Shining Light","player_choice":"Entered Light","floor":10,"damage_taken":0},{"event_name":"The Mausoleum","player_choice":"No","floor":19,"damage_taken":0}],"boss_relics":[{"not_picked":["Runic Pyramid","Astrolabe"],"picked":"Lizard Tail"}],"items_purged_floors":[5,12,20],"potions_floor_spawned":[1,3,7,11,14,21,24],"seed_played":"-1007708461127661929","killed_by":"Book of Stabbing","ascension_level":0,"potions_obtained":[{"floor":1,"key":"GamblersBrew"},{"floor":3,"key":"Strength Potion"},{"floor":7,"key":"PowerPotion"},{"floor":11,"key":"GamblersBrew"},{"floor":14,"key":"EssenceOfSteel"},{"floor":21,"key":"SteroidPotion"},{"floor":24,"key":"Explosive Potion"}],"is_trial":false}