{"gold_per_floor":[118,118,131,141,160,195,195,228,283,297,152,168,188,208,208,309,309,327,327,341,353,372,407,407,255,255,255,255,12,12,24,24,120,120,140,140,140,240,256,256,16,43,43,63,82,82,112,112,112,112],"floor_reached":51,"playtime":3273,"items_purged":[],"score":846,"play_id":"aae18470-ec2b-45eb-b5b8-d147884c512e","local_time":"20190205214344","is_ascension_mode":true,"campfire_choices":[{"data":"Armaments","floor":7,"key":"SMITH"},{"floor":15,"key":"REST"},{"floor":24,"key":"REST"},{"data":"Demon Form","floor":27,"key":"SMITH"},{"floor":32,"key":"REST"},{"data":"Heavy Blade","floor":40,"key":"SMITH"},{"floor":46,"key":"REST"},{"floor":49,"key":"REST"}],"neow_cost":"NONE","seed_source_timestamp":1069007542332000,"circlet_count":0,"master_deck":["Strike_R","Strike_R","Strike_R","Strike_R","Defend_R","Defend_R+1","Defend_R+1","Defend_R","Bash","Clothesline","Warcry","Armaments+1","Dropkick","Sword Boomerang","Shockwave","Demon Form+1","Shrug It Off","Hemokinesis","Offering","Heavy Blade+1","Twin Strike+1","Cleave+1","Necronomicurse","Reaper","Disarm+1","Enlightenment","Pommel Strike+1","Shrug It Off+1","Decay","Seeing Red+1","Parasite"],"relics":["Burning Blood","CultistMask","Pear","Blood Vial","Tiny Chest","Bronze Scales","Cursed Key","PreservedInsect","Vajra","Bottled Tornado","Question Card","Necronomicon","White Beast Statue","Ice Cream","Mummified Hand","Ancient Tea Set","Sundial","Dead Branch","War Paint"],"potions_floor_usage":[6,6,10,16,20,23,23,35,38,50,50,50,50,50,50],"damage_taken":[{"damage":10,"enemies":"Jaw Worm","floor":1,"turns":4},{"damage":0,"enemies":"Cultist","floor":3,"turns":4},{"damage":6,"enemies":"2 Louse","floor":4,"turns":3},{"damage":14,"enemies":"Red Slaver","floor":5,"turns":4},{"damage":34,"enemies":"3 Sentries","floor":6,"turns":10},{"damage":24,"enemies":"Gremlin Nob","floor":8,"turns":5},{"damage":15,"enemies":"Large Slime","floor":10,"turns":7},{"damage":2,"enemies":"Exordium Thugs","floor":12,"turns":4},{"damage":2,"enemies":"2 Fungi Beasts","floor":13,"turns":3},{"damage":9,"enemies":"Looter","floor":14,"turns":3},{"damage":13,"enemies":"Hexaghost","floor":16,"turns":9},{"damage":25,"enemies":"2 Thieves","floor":18,"turns":4},{"damage":8,"enemies":"3 Byrds","floor":20,"turns":4},{"damage":23,"enemies":"Cultist and Chosen","floor":21,"turns":5},{"damage":13,"enemies":"Snecko","floor":22,"turns":4},{"damage":37,"enemies":"Slavers","floor":23,"turns":3},{"damage":18,"enemies":"Centurion and Healer","floor":31,"turns":3},{"damage":27,"enemies":"Collector","floor":33,"turns":5},{"damage":12,"enemies":"Orb Walker","floor":35,"turns":3},{"damage":35,"enemies":"Mind Bloom Boss Battle","floor":38,"turns":5},{"damage":36,"enemies":"3 Darklings","floor":39,"turns":4},{"damage":16,"enemies":"Giant Head","floor":42,"turns":4},{"damage":25,"enemies":"Writhing Mass","floor":44,"turns":4},{"damage":51,"enemies":"Sphere and 2 Shapes","floor":45,"turns":5},{"damage":13,"enemies":"Reptomancer","floor":47,"turns":3},{"damage":40,"enemies":"Donu and Deca","floor":50,"turns":5}],"seed_played":"5844684649721313923","potions_obtained":[{"floor":1,"key":"Explosive Potion"},{"floor":4,"key":"SpeedPotion"},{"floor":5,"key":"PowerPotion"},{"floor":8,"key":"Poison Potion"},{"floor":10,"key":"Strength Potion"},{"floor":12,"key":"SteroidPotion"},{"floor":14,"key":"PowerPotion"},{"floor":18,"key":"AttackPotion"},{"floor":22,"key":"FearPotion"},{"floor":33,"key":"SkillPotion"},{"floor":35,"key":"Fire Potion"},{"floor":38,"key":"Strength Potion"},{"floor":39,"key":"Weak Potion"},{"floor":45,"key":"AttackPotion"},{"floor":47,"key":"EntropicBrew"}],"is_trial":false,"path_per_floor":["M","?","M","M","M","E","R","E","T","M","$","M","M","M","R","B",null,"M","?","M","M","M","E","R","$","T","R","?","$","?","M","R","B",null,"M","?","?","?","M","R","$","E","T","M","M","R","E","T","R","B",null],"character_chosen":"IRONCLAD","items_purchased":["Bronze Scales","Vajra","Question Card","Mummified Hand"],"campfire_rested":5,"item_purchase_floors":[11,25,29,41],"current_hp_per_floor":[76,76,80,80,72,54,54,36,36,29,29,35,41,40,67,62,90,71,71,71,56,51,22,49,49,49,49,49,49,33,23,50,31,90,90,90,90,83,55,55,55,65,65,54,43,70,65,65,90,65],"gold":112,"neow_bonus":"THREE_CARDS","is_prod":false,"is_daily":false,"chose_seed":false,"campfire_upgraded":3,"win_rate":0,"timestamp":1549421024,"path_taken":["M","?","M","M","?","E","R","E","T","M","$","M","M","M","R","BOSS","M","?","M","?","M","E","R","$","T","R","?","?","?","M","R","BOSS","M","?","?","?","M","R","$","E","T","M","M","R","E","?","R","BOSS"],"build_version":"2019-01-23","purchased_purges":0,"victory":true,"max_hp_per_floor":[80,80,80,80,80,90,90,90,90,90,90,90,90,90,90,90,90,90,90,90,90,90,90,90,90,90,90,90,90,90,90,90,90,90,90,90,90,90,90,90,90,90,90,90,90,90,90,90,90,90],"card_choices":[{"not_picked":["Battle Trance","Headbutt"],"picked":"Clothesline","floor":0},{"not_picked":["Bloodletting","Disarm"],"picked":"Warcry","floor":1},{"not_picked":["Headbutt","Rampage"],"picked":"Rupture","floor":3},{"not_picked":["Iron Wave","Rupture"],"picked":"Armaments","floor":4},{"not_picked":["Infernal Blade","Iron Wave","Corruption"],"picked":"SKIP","floor":5},{"not_picked":["Havoc","Feel No Pain"],"picked":"Dropkick","floor":6},{"not_picked":["Armaments","Feel No Pain"],"picked":"Sword Boomerang","floor":8},{"not_picked":["Flex","Thunderclap"],"picked":"Shockwave","floor":10},{"not_picked":["Burning Pact","Disarm"],"picked":"Demon Form","floor":12},{"not_picked":["Entrench","Infernal Blade"],"picked":"Shrug It Off","floor":13},{"not_picked":["Disarm","Intimidate"],"picked":"Hemokinesis","floor":14},{"not_picked":["Exhume","Double Tap"],"picked":"Offering","floor":16},{"not_picked":["Metallicize","Dropkick"],"picked":"Heavy Blade","floor":18},{"not_picked":["Fire Breathing","Flex"],"picked":"Twin Strike+1","floor":20},{"not_picked":["Seeing Red","Rampage"],"picked":"Cleave+1","floor":21},{"not_picked":["Clothesline","Blood for Blood","Cleave+1"],"picked":"SKIP","floor":22},{"not_picked":["Sword Boomerang","Body Slam","Wild Strike"],"picked":"SKIP","floor":23},{"not_picked":["Second Wind","Clothesline","Searing Blow","Wild Strike+1"],"picked":"SKIP","floor":31},{"not_picked":["Juggernaut","Demon Form","Feed"],"picked":"Reaper","floor":33},{"not_picked":["Combust","Armaments+1","Headbutt"],"picked":"Disarm+1","floor":35},{"not_picked":["Mayhem","Thinking Ahead","Secret Weapon"],"picked":"Enlightenment","floor":36},{"not_picked":["Spot Weakness","Twin Strike","Combust+1"],"picked":"Pommel Strike+1","floor":38},{"not_picked":["Evolve+1","Second Wind+1","Fire Breathing","Twin Strike+1"],"picked":"SKIP","floor":39},{"not_picked":["Havoc+1","Clothesline+1","Sword Boomerang+1"],"picked":"Shrug It Off+1","floor":42},{"not_picked":["Spot Weakness+1","Anger+1","Thunderclap","Wild Strike+1"],"picked":"SKIP","floor":44},{"not_picked":["Pommel Strike+1","Bloodletting+1","Wild Strike+1"],"picked":"Seeing Red+1","floor":45},{"not_picked":["Headbutt+1","Dark Embrace","Fiend Fire","Clash+1"],"picked":"SKIP","floor":47}],"player_experience":198308,"relics_obtained":[{"floor":6,"key":"Pear"},{"floor":8,"key":"Blood Vial"},{"floor":9,"key":"Tiny Chest"},{"floor":23,"key":"PreservedInsect"},{"floor":26,"key":"Bottled Tornado"},{"floor":30,"key":"Necronomicon"},{"floor":38,"key":"Ice Cream"},{"floor":42,"key":"Ancient Tea Set"},{"floor":43,"key":"Sundial"},{"floor":47,"key":"Dead Branch"},{"floor":48,"key":"War Paint"}],"event_choices":[{"damage_healed":0,"gold_gain":0,"player_choice":"Trade","damage_taken":0,"relics_obtained":["CultistMask"],"max_hp_gain":0,"max_hp_loss":0,"event_name":"FaceTrader","floor":2,"gold_loss":0},{"cards_removed":["Strike_R"],"damage_healed":0,"gold_gain":0,"player_choice":"Purged","damage_taken":0,"max_hp_gain":0,"max_hp_loss":0,"event_name":"Purifier","floor":19,"gold_loss":0},{"cards_removed":["Normality"],"damage_healed":0,"gold_gain":0,"player_choice":"Removed Curses","damage_taken":0,"max_hp_gain":0,"max_hp_loss":0,"event_name":"Fountain of Cleansing","floor":28,"gold_loss":0},{"damage_healed":0,"gold_gain":0,"player_choice":"Obtained Book","damage_taken":16,"max_hp_gain":0,"max_hp_loss":0,"event_name":"Cursed Tome","floor":30,"gold_loss":0},{"damage_healed":0,"gold_gain":0,"player_choice":"Memory 1","damage_taken":0,"max_hp_gain":0,"max_hp_loss":0,"event_name":"SensoryStone","floor":36,"gold_loss":0},{"cards_removed":["Rupture"],"damage_healed":0,"gold_gain":0,"player_choice":"Removed Power","damage_taken":0,"max_hp_gain":0,"max_hp_loss":0,"event_name":"Falling","floor":37,"gold_loss":0},{"damage_healed":0,"gold_gain":0,"player_choice":"Fight","damage_taken":0,"max_hp_gain":0,"max_hp_loss":0,"event_name":"MindBloom","floor":38,"gold_loss":0}],"is_beta":false,"boss_relics":[{"not_picked":["Empty Cage","Runic Pyramid"],"picked":"Cursed Key"},{"not_picked":["Velvet Choker","Sozu"],"picked":"White Beast Statue"}],"items_purged_floors":[],"is_endless":false,"potions_floor_spawned":[1,4,5,8,10,12,14,18,22,33,35,38,39,42,44,45,47],"ascension_level":3}