{"gold_per_floor":[111,130,130,147,57,57,86,86,86,86],"floor_reached":10,"playtime":209,"items_purged":[],"score":132,"play_id":"7835eece-8814-4dcd-a6f6-7620918b49f1","local_time":"20190418095508","is_ascension_mode":true,"campfire_choices":[{"data":"Bash","floor":6,"key":"SMITH"}],"neow_cost":"NONE","seed_source_timestamp":663462891284789,"circlet_count":0,"master_deck":["AscendersBane","Strike_R","Strike_R","Strike_R","Strike_R","Strike_R","Defend_R","Defend_R","Defend_R","Defend_R","Bash+1","Rampage","Corruption","Regret","Flex","Reaper","Brutality"],"relics":["Burning Blood","NeowsBlessing","Question Card","Regal Pillow","Ornamental Fan"],"potions_floor_usage":[7,7],"damage_taken":[{"damage":0,"enemies":"Small Slimes","floor":1,"turns":1},{"damage":0,"enemies":"2 Louse","floor":2,"turns":1},{"damage":0,"enemies":"Jaw Worm","floor":4,"turns":1},{"damage":67,"enemies":"3 Sentries","floor":7,"turns":9},{"damage":37,"enemies":"Lagavulin","floor":10,"turns":4}],"seed_played":"-5943241322411617591","potions_obtained":[{"floor":1,"key":"SkillPotion"},{"floor":4,"key":"Swift Potion"}],"is_trial":false,"path_per_floor":["M","M","?","M","$","R","E","?","T","E"],"character_chosen":"IRONCLAD","items_purchased":["Reaper"],"campfire_rested":0,"item_purchase_floors":[5],"current_hp_per_floor":[74,75,75,75,75,75,26,26,26,0],"gold":86,"neow_bonus":"THREE_ENEMY_KILL","is_prod":false,"is_daily":false,"chose_seed":false,"campfire_upgraded":1,"win_rate":0,"timestamp":1555595708,"path_taken":["M","M","?","M","$","R","E","?","T","E"],"build_version":"2019-01-23","purchased_purges":0,"victory":false,"max_hp_per_floor":[75,75,75,75,75,75,75,75,75,75],"card_choices":[{"not_picked":["Sword Boomerang","Heavy Blade"],"picked":"Rampage","floor":1},{"not_picked":["Twin Strike","Clash"],"picked":"Corruption","floor":2},{"not_picked":["Shrug It Off","Wild Strike","Iron Wave"],"picked":"Flex","floor":4},{"not_picked":["Bloodletting","Shrug It Off","Ghostly Armor"],"picked":"Brutality","floor":7}],"player_experience":911819,"relics_obtained":[{"floor":7,"key":"Regal Pillow"},{"floor":9,"key":"Ornamental Fan"}],"event_choices":[{"damage_healed":0,"gold_gain":0,"player_choice":"Box","damage_taken":0,"relics_obtained":["Question Card"],"max_hp_gain":0,"max_hp_loss":0,"event_name":"Big Fish","floor":3,"gold_loss":0,"cards_obtained":["Regret"]},{"damage_healed":0,"gold_gain":0,"player_choice":"Ignored","damage_taken":0,"max_hp_gain":0,"max_hp_loss":0,"event_name":"Shining Light","floor":8,"gold_loss":0}],"is_beta":false,"boss_relics":[],"items_purged_floors":[],"is_endless":false,"potions_floor_spawned":[1,4],"killed_by":"Lagavulin","ascension_level":20}