{"gold_per_floor":[114,189,242,270,282,294,331,343,355,367],"floor_reached":10,"playtime":233,"items_purged":[],"score":178,"play_id":"f93f0440-a114-412a-bd7f-2803f9bb8f11","local_time":"20190426031533","is_ascension_mode":true,"campfire_choices":[{"data":"Neutralize","floor":6,"key":"SMITH"},{"data":"Prepared","floor":8,"key":"SMITH"}],"neow_cost":"NONE","seed_source_timestamp":927985568263000,"circlet_count":0,"master_deck":["AscendersBane","Defend_G","Defend_G","Defend_G","Defend_G","Defend_G","Strike_G","Strike_G","Strike_G","Strike_G","Survivor","Neutralize+1","Heel Hook","Prepared+1"],"relics":["Ring of the Snake","NeowsBlessing","MawBank","Singing Bowl","Sundial"],"potions_floor_usage":[],"damage_taken":[{"damage":0,"enemies":"Cultist","floor":1,"turns":1},{"damage":0,"enemies":"Jaw Worm","floor":4,"turns":1},{"damage":0,"enemies":"Lagavulin","floor":7,"turns":1},{"damage":41,"enemies":"3 Sentries","floor":10,"turns":8}],"seed_played":"-1182185706864074543","potions_obtained":[{"floor":1,"key":"GhostInAJar"},{"floor":7,"key":"GhostInAJar"}],"is_trial":false,"path_per_floor":["M","?","T","M","?","R","E","R","T","E"],"character_chosen":"THE_SILENT","items_purchased":[],"campfire_rested":0,"item_purchase_floors":[],"current_hp_per_floor":[59,48,48,48,48,48,50,50,50,9],"gold":367,"neow_bonus":"THREE_ENEMY_KILL","is_prod":false,"is_daily":false,"chose_seed":false,"campfire_upgraded":2,"win_rate":0,"timestamp":1556262933,"path_taken":["M","?","?","?","?","R","E","R","T","E"],"build_version":"2019-04-23","purchased_purges":0,"victory":false,"max_hp_per_floor":[66,66,66,66,66,66,68,68,68,68],"card_choices":[{"not_picked":["Crippling Poison","Blur"],"picked":"Heel Hook","floor":1},{"not_picked":["Underhanded Strike","Prepared","Deadly Poison"],"picked":"SKIP","floor":4},{"not_picked":["Underhanded Strike","Deadly Poison"],"picked":"Prepared","floor":4},{"not_picked":["Underhanded Strike","Endless Agony","Deflect"],"picked":"Singing Bowl","floor":7}],"player_experience":1376562,"relics_obtained":[{"floor":3,"key":"MawBank"},{"floor":7,"key":"Singing Bowl"},{"floor":9,"key":"Sundial"}],"event_choices":[{"damage_healed":0,"gold_gain":75,"player_choice":"Gather Gold","damage_taken":11,"max_hp_gain":0,"max_hp_loss":0,"event_name":"World of Goop","floor":2,"gold_loss":0},{"cards_removed":["Strike_G"],"damage_healed":0,"gold_gain":0,"player_choice":"Purged","damage_taken":0,"max_hp_gain":0,"max_hp_loss":0,"event_name":"Purifier","floor":5,"gold_loss":0}],"is_beta":true,"boss_relics":[],"items_purged_floors":[],"is_endless":false,"potions_floor_spawned":[1,7],"killed_by":"3 Sentries","ascension_level":20}