{"gold_per_floor":[116,116,116,21,37,37,65,65,92,92,122,139,139,158,158,257,257,275,275,275,75,95,95,126,138,183,197,197,197,217,217,217,318,318,335,347,357,283,298,298,298,298,321,321,321,321,335,91,91,91],"floor_reached":50,"playtime":1838,"items_purged":[],"score":585,"play_id":"f8bd00c4-e244-427f-9edf-8ac3dc2dc89b","local_time":"20180904154229","is_ascension_mode":true,"campfire_choices":[{"data":"Discovery","floor":6.0,"key":"SMITH"},{"floor":8.0,"key":"REST"},{"data":"Electrodynamics","floor":10.0,"key":"SMITH"},{"floor":13.0,"key":"REST"},{"data":"Hologram","floor":15.0,"key":"SMITH"},{"floor":23.0,"key":"REST"},{"floor":28.0,"key":"REST"},{"data":"Consume","floor":32.0,"key":"SMITH"},{"data":"Thunder Strike","floor":40.0,"key":"SMITH"},{"data":"Defragment","floor":42.0,"key":"SMITH"},{"data":"Thunder Strike","floor":44.0,"key":"SMITH"},{"floor":46.0,"key":"REST"},{"data":"Hologram","floor":49.0,"key":"SMITH"}],"neow_cost":"NONE","seed_source_timestamp":0,"circlet_count":0,"master_deck":["Strike_B+1","Strike_B+1","Defend_B","Defend_B+1","Zap","Dualcast+1","Ball Lightning","Discovery+1","Hologram+1","Electrodynamics+1","Defragment+1","Amplify","Capacitor","RitualDagger","Conserve Battery","Self Repair","Thunder Strike+1","Redo+1","Go for the Eyes+1","Consume+1","Redo+1","Scrape+1","Reboot","Thunder Strike+1","Turbo+1","Defragment","Electrodynamics","Hologram+1"],"special_seed":0,"relics":["Black Star","Shuriken","Bag of Marbles","War Paint","Regal Pillow","Whetstone","Blood Vial","Empty Cage","Strawberry","Bottled Lightning","Gremlin Horn","Orichalcum","Sozu","Dream Catcher","Torii","Strange Spoon"],"potions_floor_usage":[],"damage_taken":[{"damage":1.0,"enemies":"Cultist","floor":1.0,"turns":4.0},{"damage":0.0,"enemies":"Small Slimes","floor":5.0,"turns":2.0},{"damage":31.0,"enemies":"Gremlin Nob","floor":7.0,"turns":4.0},{"damage":7.0,"enemies":"3 Sentries","floor":11.0,"turns":4.0},{"damage":7.0,"enemies":"Jaw Worm","floor":12.0,"turns":2.0},{"damage":0.0,"enemies":"Large Slime","floor":14.0,"turns":2.0},{"damage":7.0,"enemies":"The Guardian","floor":16.0,"turns":8.0},{"damage":6.0,"enemies":"Spheric Guardian","floor":18.0,"turns":3.0},{"damage":34.0,"enemies":"Shell Parasite","floor":22.0,"turns":6.0},{"damage":37.0,"enemies":"Gremlin Leader","floor":24.0,"turns":6.0},{"damage":31.0,"enemies":"Snake Plant","floor":25.0,"turns":5.0},{"damage":6.0,"enemies":"Sentry and Sphere","floor":27.0,"turns":3.0},{"damage":17.0,"enemies":"Centurion and Healer","floor":30.0,"turns":3.0},{"damage":66.0,"enemies":"Automaton","floor":33.0,"turns":8.0},{"damage":0.0,"enemies":"3 Shapes","floor":35.0,"turns":4.0},{"damage":18.0,"enemies":"Orb Walker","floor":36.0,"turns":4.0},{"damage":14.0,"enemies":"4 Shapes","floor":37.0,"turns":3.0},{"damage":0.0,"enemies":"Reptomancer","floor":39.0,"turns":3.0},{"damage":33.0,"enemies":"Mind Bloom Boss Battle","floor":45.0,"turns":5.0},{"damage":9.0,"enemies":"3 Darklings","floor":47.0,"turns":4.0},{"damage":84,"enemies":"Awakened One","floor":50,"turns":5}],"seed_played":"-2355025994244282731","potions_obtained":[{"floor":5.0,"key":"SteroidPotion"},{"floor":7.0,"key":"SpeedPotion"},{"floor":12.0,"key":"FearPotion"},{"floor":14.0,"key":"Ancient Potion"},{"floor":24.0,"key":"Energy Potion"},{"floor":30.0,"key":"FearPotion"},{"floor":33.0,"key":"Fire Potion"}],"is_trial":false,"path_per_floor":["M","T","?","$","M","R","E","R","T","R","E","M","R","M","R","B",null,"M","?","?","$","M","R","E","M","T","M","R","$","M","?","R","B",null,"M","M","M","$","M","R","?","R","T","R","?","R","M","$","R"],"character_chosen":"DEFECT","items_purchased":["Discovery","Conserve Battery","Strawberry","Reboot","Strange Spoon","Hologram"],"campfire_rested":5,"item_purchase_floors":[4,21,21,38,48,48],"current_hp_per_floor":[74,74,67,67,67,67,36,58,58,58,51,46,75,75,75,68,73,69,69,63,70,38,77,49,27,27,23,62,62,54,81,81,16,66,75,66,61,61,63,63,63,63,63,63,39,78,78,78,78,0],"gold":91,"neow_bonus":"BOSS_RELIC","is_prod":false,"is_daily":false,"chose_seed":false,"campfire_upgraded":8,"win_rate":0,"timestamp":1536090149,"path_taken":["M","?","?","?","M","R","E","R","T","R","E","M","R","?","R","BOSS","M","?","?","$","?","R","E","M","T","M","R","$","M","?","R","BOSS","M","M","?","$","M","R","?","R","T","R","?","R","?","$","R","BOSS"],"build_version":"2018-08-30","purchased_purges":0,"victory":false,"max_hp_per_floor":[75,75,75,75,75,75,75,75,75,75,75,75,75,75,75,75,75,75,75,75,82,82,82,82,82,82,82,82,82,82,82,82,82,82,82,82,82,82,82,82,82,82,82,82,82,82,82,82,82,82],"card_choices":[{"not_picked":["Conserve Battery","Streamline"],"picked":"Ball Lightning","floor":1.0},{"not_picked":["Stack","Rebound"],"picked":"Hologram","floor":5.0},{"not_picked":["Conserve Battery","Hologram"],"picked":"Electrodynamics","floor":7.0},{"not_picked":["Streamline","Hyperbeam","Conserve Battery"],"picked":"SKIP","floor":11.0},{"not_picked":["Gash","Hologram"],"picked":"Defragment","floor":12.0},{"not_picked":["Lockon","Defragment","Barrage"],"picked":"SKIP","floor":14.0},{"not_picked":["Hyperbeam","Machine Learning"],"picked":"Amplify","floor":16.0},{"not_picked":["Turbo","Compile Driver"],"picked":"Capacitor","floor":18.0},{"not_picked":["Darkness+1","Sunder+1"],"picked":"Self Repair","floor":22.0},{"not_picked":["Rebound","Darkness"],"picked":"Thunder Strike","floor":24.0},{"not_picked":["Doom and Gloom","Streamline"],"picked":"Redo+1","floor":25.0},{"not_picked":["Stack","Hyperbeam"],"picked":"Go for the Eyes+1","floor":27.0},{"not_picked":["Rebound","Streamline"],"picked":"Consume","floor":30.0},{"not_picked":["Hello World+1","Go for the Eyes+1","Stack"],"picked":"SKIP","floor":35.0},{"not_picked":["Beam Cell","Gash+1"],"picked":"Redo+1","floor":36.0},{"not_picked":["Gash","Conserve Battery"],"picked":"Scrape+1","floor":37.0},{"not_picked":["Coolheaded","Cold Snap"],"picked":"Thunder Strike","floor":39.0},{"not_picked":["Steam+1","Conserve Battery"],"picked":"Turbo+1","floor":45.0},{"not_picked":["Gash+1","Ball Lightning+1"],"picked":"Defragment","floor":46.0},{"not_picked":["Darkness","Melter"],"picked":"Electrodynamics","floor":47.0}],"player_experience":505950,"relics_obtained":[{"floor":2.0,"key":"Shuriken"},{"floor":7.0,"key":"Bag of Marbles"},{"floor":7.0,"key":"War Paint"},{"floor":9.0,"key":"Regal Pillow"},{"floor":11.0,"key":"Whetstone"},{"floor":11.0,"key":"Blood Vial"},{"floor":24.0,"key":"Bottled Lightning"},{"floor":24.0,"key":"Gremlin Horn"},{"floor":26.0,"key":"Orichalcum"},{"floor":43.0,"key":"Dream Catcher"},{"floor":45.0,"key":"Torii"}],"event_choices":[{"event_name":"Golden Wing","player_choice":"Card Removal","floor":3.0,"damage_taken":0.0},{"event_name":"Back to Basics","player_choice":"Elegance","floor":19.0,"damage_taken":0.0},{"event_name":"Nest","player_choice":"Joined the Cult","floor":20.0,"damage_taken":0.0},{"event_name":"The Library","player_choice":"Heal","floor":31.0,"damage_taken":0.0},{"event_name":"Tomb of Lord Red Mask","player_choice":"Ignored","floor":41.0,"damage_taken":0.0},{"event_name":"MindBloom","player_choice":"Fight","floor":45.0,"damage_taken":0.0}],"is_beta":false,"boss_relics":[{"not_picked":["Runic Dome","Pandora\u0027s Box"],"picked":"Empty Cage"},{"not_picked":["White Beast Statue","Philosopher\u0027s Stone"],"picked":"Sozu"}],"items_purged_floors":[],"is_endless":false,"potions_floor_spawned":[5,7,12,14,24,30,33,37,39,45],"killed_by":"Awakened One","ascension_level":5}