{"gold_per_floor":[110,110,45,45,45,84,84,122,122,141,157,182,225,243,243,339,339,353,353,268,268,22,22,36,0,0,15,15,30,30,30],"floor_reached":31,"playtime":670,"items_purged":["Regret"],"score":656,"play_id":"6018fb56-4083-42d9-855e-5228922146f6","local_time":"20190319163356","is_ascension_mode":true,"campfire_choices":[{"data":"Zap","floor":7.0,"key":"SMITH"},{"data":"Fission","floor":15.0,"key":"SMITH"},{"floor":23.0,"key":"REST"},{"data":"Defragment","floor":28,"key":"SMITH"}],"neow_cost":"NONE","seed_source_timestamp":0,"circlet_count":0,"master_deck":["AscendersBane","Strike_B+1","Defend_B+1","Defend_B+1","Defend_B","Defend_B","Zap+1","Dualcast","Steam","Injury","Thunder Strike+1","Ball Lightning","Defragment+1","Steam","Fission+1","Seek","Lockon+1","Amplify+1","Beam Cell+1","Tempest","White Noise","Force Field","Capacitor"],"special_seed":0,"relics":["Cracked Core","NeowsBlessing","War Paint","Golden Idol","Orichalcum","Mercury Hourglass","Sundial","Vajra","Astrolabe","Anchor","MutagenicStrength","Whetstone","Oddly Smooth Stone"],"potions_floor_usage":[27],"damage_taken":[{"damage":0.0,"enemies":"Small Slimes","floor":1.0,"turns":1.0},{"damage":2.0,"enemies":"3 Sentries","floor":6.0,"turns":2.0},{"damage":0.0,"enemies":"Lagavulin","floor":8.0,"turns":1.0},{"damage":2.0,"enemies":"Jaw Worm","floor":10.0,"turns":2.0},{"damage":2.0,"enemies":"2 Louse","floor":11.0,"turns":2.0},{"damage":7.0,"enemies":"Blue Slaver","floor":12.0,"turns":3.0},{"damage":0.0,"enemies":"Gremlin Nob","floor":13.0,"turns":2.0},{"damage":13.0,"enemies":"Large Slime","floor":14.0,"turns":4.0},{"damage":33.0,"enemies":"Slime Boss","floor":16.0,"turns":8.0},{"damage":27.0,"enemies":"3 Byrds","floor":18.0,"turns":4.0},{"damage":14.0,"enemies":"Shell Parasite","floor":24.0,"turns":4.0},{"damage":38,"enemies":"Cultist and Chosen","floor":27,"turns":5},{"damage":2,"enemies":"3 Cultists","floor":29,"turns":4},{"damage":12,"enemies":"Centurion and Healer","floor":31,"turns":2}],"seed_played":"1681258194296033753","potions_obtained":[{"floor":6.0,"key":"SkillPotion"},{"floor":10.0,"key":"AttackPotion"},{"floor":11.0,"key":"AttackPotion"},{"floor":24.0,"key":"Regen Potion"},{"floor":29,"key":"LiquidBronze"}],"is_trial":false,"path_per_floor":["M","?","?","?","?","E","R","E","T","M","M","M","E","M","R","B",null,"M","?","?","?","$","R","M","?","T","M","R","M","$","M"],"character_chosen":"DEFECT","items_purchased":["Whetstone"],"campfire_rested":1,"item_purchase_floors":[22],"current_hp_per_floor":[64,64,64,64,64,62,62,62,62,60,58,51,51,38,38,5,55,28,28,28,28,28,49,35,35,35,11,11,9,9,0],"gold":30,"neow_bonus":"THREE_ENEMY_KILL","is_prod":false,"is_daily":false,"chose_seed":false,"campfire_upgraded":3,"win_rate":0,"timestamp":1553027636,"path_taken":["M","?","?","?","?","E","R","E","T","M","M","?","E","M","R","BOSS","M","?","?","?","$","R","M","?","T","M","R","?","$","M"],"build_version":"2019-01-23","purchased_purges":1,"victory":false,"max_hp_per_floor":[71,71,71,71,71,71,71,71,71,71,71,71,71,71,71,71,71,71,71,71,71,71,71,71,71,71,71,71,71,71,71],"card_choices":[{"not_picked":["Hello World","Stack"],"picked":"Steam","floor":1.0},{"not_picked":["Reinforced Body","Steam"],"picked":"Thunder Strike","floor":6.0},{"not_picked":["Stack","Steam","Hello World"],"picked":"SKIP","floor":8.0},{"not_picked":["Streamline","Hologram"],"picked":"Ball Lightning","floor":10.0},{"not_picked":["Gash","Leap"],"picked":"Defragment","floor":11.0},{"not_picked":["Chaos","Blizzard","Sweeping Beam"],"picked":"SKIP","floor":12.0},{"not_picked":["Cold Snap","Compile Driver"],"picked":"Steam","floor":13.0},{"not_picked":["Sweeping Beam","Cold Snap"],"picked":"Fission","floor":14.0},{"not_picked":["Rainbow","Multi-Cast"],"picked":"Seek","floor":16.0},{"not_picked":["Gash","Go for the Eyes"],"picked":"Tempest","floor":18.0},{"not_picked":["Turbo","Aggregate+1"],"picked":"White Noise","floor":24.0},{"not_picked":["Steam","Streamline"],"picked":"Force Field","floor":27},{"not_picked":["Force Field+1","Redo"],"picked":"Capacitor","floor":29}],"player_experience":874403,"relics_obtained":[{"floor":6.0,"key":"Orichalcum"},{"floor":8.0,"key":"Mercury Hourglass"},{"floor":9.0,"key":"Sundial"},{"floor":13.0,"key":"Vajra"},{"floor":26.0,"key":"Oddly Smooth Stone"}],"event_choices":[{"damage_healed":0.0,"max_hp_gain":0.0,"max_hp_loss":0.0,"gold_gain":0.0,"event_name":"Big Fish","player_choice":"Box","floor":2.0,"gold_loss":0.0,"damage_taken":0.0,"relics_obtained":["War Paint"],"cards_obtained":["Regret"]},{"damage_healed":0.0,"max_hp_gain":0.0,"max_hp_loss":0.0,"gold_gain":0.0,"event_name":"World of Goop","player_choice":"Left Gold","floor":3.0,"gold_loss":65.0,"damage_taken":0.0},{"damage_healed":0.0,"max_hp_gain":0.0,"max_hp_loss":0.0,"gold_gain":0.0,"event_name":"The Cleric","player_choice":"Leave","floor":4.0,"gold_loss":0.0,"damage_taken":0.0},{"damage_healed":0.0,"max_hp_gain":0.0,"max_hp_loss":0.0,"gold_gain":0.0,"event_name":"Golden Idol","player_choice":"Take Wound","floor":5.0,"gold_loss":0.0,"damage_taken":0.0,"relics_obtained":["Golden Idol"],"cards_obtained":["Injury"]},{"damage_healed":0.0,"max_hp_gain":0.0,"max_hp_loss":0.0,"gold_gain":0.0,"event_name":"Vampires","player_choice":"Ignored","floor":19.0,"gold_loss":0.0,"damage_taken":0.0},{"damage_healed":0.0,"max_hp_gain":0.0,"max_hp_loss":0.0,"gold_gain":0.0,"event_name":"Addict","player_choice":"Obtained Relic","floor":20.0,"gold_loss":85.0,"damage_taken":0.0,"relics_obtained":["Anchor"]},{"damage_healed":0.0,"max_hp_gain":0.0,"max_hp_loss":0.0,"gold_gain":0.0,"event_name":"Drug Dealer","player_choice":"Inject Mutagens","floor":21.0,"gold_loss":0.0,"damage_taken":0.0,"relics_obtained":["MutagenicStrength"]},{"damage_healed":0.0,"max_hp_gain":0.0,"max_hp_loss":0.0,"gold_gain":0.0,"event_name":"Masked Bandits","player_choice":"Paid Fearfully","floor":25.0,"gold_loss":36.0,"damage_taken":0.0}],"is_beta":false,"boss_relics":[{"not_picked":["Velvet Choker","Nuclear Battery"],"picked":"Astrolabe"}],"items_purged_floors":[22],"is_endless":false,"potions_floor_spawned":[6,10,11,12,24,29],"killed_by":"Centurion and Healer","ascension_level":20}