{"gold_per_floor":[360,371,386,29,29,29,56,83,83,101,101,31,48,73,73,173,173,185,166,180,90,90,90,106,56,56,81,7,23,23,50,50,149,149,164,164,179,196,124,124,124,155,226,136,151,151,151,169,169,169],"floor_reached":51,"playtime":2543,"items_purged":[],"score":1054,"play_id":"776b1ecb-e94e-4a42-bbdc-3247a41e28e6","local_time":"20180918084519","is_ascension_mode":true,"campfire_choices":[{"data":"Echo Form","floor":6,"key":"SMITH"},{"floor":11,"key":"REST"},{"data":"Barrage","floor":15,"key":"SMITH"},{"data":"Hologram","floor":23,"key":"SMITH"},{"floor":30,"key":"REST"},{"floor":32,"key":"REST"},{"data":"Consume","floor":40,"key":"SMITH"},{"data":"Buffer","floor":46,"key":"SMITH"},{"data":"Fission","floor":49,"key":"SMITH"}],"neow_cost":"TEN_PERCENT_HP_LOSS","seed_source_timestamp":86536524496264,"circlet_count":0,"master_deck":["Strike_B","Strike_B","Strike_B","Defend_B","Defend_B","Defend_B","Defend_B","Zap","Dualcast","Self Repair","Leap","Ball Lightning+1","Echo Form+1","Barrage+1","Loop","Fission+1","Turbo","Echo Form+1","Auto Shields+1","Glacier+1","Hologram+1","Trip","Electrodynamics","Capacitor","Rainbow","Stack+1","Electrodynamics","Buffer+1","Compile Driver+1","Machine Learning","Consume+1","Barrage+1","Deep Breath+1","Loop+1"],"relics":["Cracked Core","Lee\u0027s Waffle","Symbiotic Virus","Odd Mushroom","Pen Nib","Pear","Snecko Eye","Matryoshka","Bag of Preparation","Bronze Scales","Inserter","Ancient Tea Set","Strawberry","Toxic Egg 2"],"potions_floor_usage":[8,14,24,27,27,29,31,31,35,50],"damage_taken":[{"damage":1,"enemies":"Cultist","floor":1,"turns":3},{"damage":12,"enemies":"Small Slimes","floor":2,"turns":4},{"damage":9,"enemies":"Jaw Worm","floor":3,"turns":4},{"damage":32,"enemies":"Gremlin Nob","floor":7,"turns":4},{"damage":28,"enemies":"The Mushroom Lair","floor":8,"turns":4},{"damage":10,"enemies":"3 Louse","floor":10,"turns":4},{"damage":1,"enemies":"2 Fungi Beasts","floor":13,"turns":3},{"damage":21,"enemies":"3 Sentries","floor":14,"turns":6},{"damage":28,"enemies":"Slime Boss","floor":16,"turns":4},{"damage":6,"enemies":"Spheric Guardian","floor":18,"turns":3},{"damage":25,"enemies":"2 Thieves","floor":19,"turns":4},{"damage":8,"enemies":"Sentry and Sphere","floor":20,"turns":5},{"damage":31,"enemies":"Centurion and Healer","floor":24,"turns":5},{"damage":16,"enemies":"Book of Stabbing","floor":27,"turns":6},{"damage":19,"enemies":"Snake Plant","floor":29,"turns":3},{"damage":29,"enemies":"Slavers","floor":31,"turns":7},{"damage":19,"enemies":"Collector","floor":33,"turns":10},{"damage":19,"enemies":"3 Shapes","floor":35,"turns":4},{"damage":6,"enemies":"Orb Walker","floor":37,"turns":4},{"damage":1,"enemies":"Reptomancer","floor":38,"turns":6},{"damage":2,"enemies":"2 Orb Walkers","floor":42,"turns":3},{"damage":3,"enemies":"Maw","floor":45,"turns":6},{"damage":0,"enemies":"Transient","floor":48,"turns":5},{"damage":22,"enemies":"Time Eater","floor":50,"turns":11}],"seed_played":"5589847804014602248","potions_obtained":[{"floor":7,"key":"Energy Potion"},{"floor":10,"key":"EssenceOfSteel"},{"floor":14,"key":"LiquidBronze"},{"floor":16,"key":"GamblersBrew"},{"floor":24,"key":"Explosive Potion"},{"floor":29,"key":"Strength Potion"},{"floor":31,"key":"Block Potion"},{"floor":33,"key":"Ancient Potion"},{"floor":38,"key":"FearPotion"},{"floor":48,"key":"Fire Potion"}],"is_trial":false,"path_per_floor":["M","M","M","$","?","R","E","?","T","M","R","$","M","E","R","B",null,"M","M","M","$","?","R","M","$","T","E","$","M","R","E","R","B",null,"M","?","M","M","$","R","?","E","T","?","M","R","?","M","R","B"],"character_chosen":"DEFECT","items_purchased":["Echo Form","Lee\u0027s Waffle","Loop","Trip","SpeedPotion","FocusPotion","Consume"],"campfire_rested":3,"item_purchase_floors":[4,4,12,21,25,28,39],"current_hp_per_floor":[67,62,60,75,75,75,57,36,36,33,55,55,61,64,64,36,73,74,56,55,55,55,55,38,38,38,29,29,17,42,27,52,40,74,55,55,56,69,69,69,69,81,88,88,92,92,92,92,92,70],"gold":169,"neow_bonus":"TWO_FIFTY_GOLD","is_prod":false,"is_daily":false,"chose_seed":false,"campfire_upgraded":6,"win_rate":0,"timestamp":1537274719,"path_taken":["M","M","?","$","?","R","E","?","T","M","R","$","M","E","R","BOSS","M","M","?","$","?","R","M","?","T","E","$","M","R","E","R","BOSS","M","?","M","M","$","R","?","E","T","?","?","R","?","M","R","BOSS"],"build_version":"2018-09-06","purchased_purges":0,"victory":true,"max_hp_per_floor":[68,68,68,75,75,75,75,75,75,75,75,75,75,85,85,85,85,85,85,85,85,85,85,85,85,85,85,85,85,85,85,85,85,85,85,85,85,85,85,85,85,85,92,92,92,92,92,92,92,92],"card_choices":[{"not_picked":["Cold Snap","Leap"],"picked":"Self Repair","floor":1},{"not_picked":["Reinforced Body","Stack"],"picked":"Leap","floor":2},{"not_picked":["Streamline","Barrage"],"picked":"Ball Lightning","floor":3},{"not_picked":["Conserve Battery","Rainbow"],"picked":"Beam Cell","floor":7},{"not_picked":["Genetic Algorithm","Conserve Battery"],"picked":"Barrage","floor":8},{"not_picked":["Leap","Rebound","Coolheaded"],"picked":"SKIP","floor":10},{"not_picked":["Lockon","Aggregate"],"picked":"Fission","floor":13},{"not_picked":["Compile Driver","Sunder"],"picked":"Turbo","floor":14},{"not_picked":["Meteor Strike","Hyperbeam"],"picked":"Echo Form","floor":16},{"not_picked":["Barrage","Stack"],"picked":"Auto Shields+1","floor":18},{"not_picked":["Stack","Cold Snap"],"picked":"Glacier+1","floor":19},{"not_picked":["Ball Lightning","Aggregate"],"picked":"Hologram","floor":20},{"not_picked":["Go for the Eyes+1","Gash+1"],"picked":"Capacitor","floor":24},{"not_picked":["Melter","Sunder"],"picked":"Rainbow","floor":27},{"not_picked":["Leap","Gash"],"picked":"Stack+1","floor":29},{"not_picked":["Sunder","Melter"],"picked":"Electrodynamics","floor":31},{"not_picked":["Machine Learning","Amplify"],"picked":"Buffer","floor":33},{"not_picked":["Gash+1","Coolheaded+1","Rebound"],"picked":"SKIP","floor":35},{"not_picked":["Steam","Coolheaded"],"picked":"Compile Driver+1","floor":37},{"not_picked":["Darkness+1","Genetic Algorithm"],"picked":"Machine Learning","floor":38},{"not_picked":["Cold Snap","Ball Lightning+1","Chaos+1"],"picked":"SKIP","floor":42},{"not_picked":["Force Field+1","Leap+1"],"picked":"Barrage+1","floor":45},{"not_picked":["Secret Weapon+1","PanicButton+1"],"picked":"Deep Breath+1","floor":47},{"not_picked":["Coolheaded+1","Redo+1"],"picked":"Loop+1","floor":48}],"player_experience":547750,"relics_obtained":[{"floor":7,"key":"Symbiotic Virus"},{"floor":8,"key":"Odd Mushroom"},{"floor":9,"key":"Pen Nib"},{"floor":14,"key":"Pear"},{"floor":26,"key":"Matryoshka"},{"floor":27,"key":"Bag of Preparation"},{"floor":31,"key":"Bronze Scales"},{"floor":42,"key":"Ancient Tea Set"},{"floor":43,"key":"Strawberry"},{"floor":43,"key":"Toxic Egg 2"}],"event_choices":[{"event_name":"Living Wall","player_choice":"Grow","floor":5,"damage_taken":0},{"event_name":"Mushrooms","player_choice":"Fought Mushrooms","floor":8,"damage_taken":0},{"event_name":"Transmorgrifier","player_choice":"Transform","floor":22,"damage_taken":0},{"event_name":"Tomb of Lord Red Mask","player_choice":"Ignored","floor":36,"damage_taken":0},{"event_name":"Mysterious Sphere","player_choice":"Ignore","floor":41,"damage_taken":0},{"event_name":"Designer","player_choice":"Full Service","floor":44,"damage_taken":0},{"event_name":"SensoryStone","player_choice":"Memory 1","floor":47,"damage_taken":0}],"is_beta":false,"boss_relics":[{"not_picked":["Astrolabe","Tiny House"],"picked":"Snecko Eye"},{"not_picked":["Coffee Dripper","Runic Dome"],"picked":"Inserter"}],"items_purged_floors":[],"is_endless":false,"potions_floor_spawned":[7,10,14,16,24,29,31,33,38,48],"ascension_level":9}