{"gold_per_floor":[110,27,27,177,177,212,212,242,293,59,89,49,60,76,76,150,150,170,170,170,170,86,86,100,100,100,110,110],"floor_reached":28,"playtime":771,"items_purged":["Doubt"],"score":564,"play_id":"1733a6d2-11ec-4241-a1e5-f6d2401726db","local_time":"20190423124936","is_ascension_mode":true,"campfire_choices":[{"data":"Zap","floor":7.0,"key":"SMITH"},{"floor":15.0,"key":"REST"},{"data":"White Noise","floor":23,"key":"SMITH"},{"data":"Chaos","floor":25,"key":"SMITH"}],"neow_cost":"NONE","seed_source_timestamp":0,"circlet_count":0,"master_deck":["AscendersBane","Strike_B","Strike_B","Strike_B","Defend_B","Defend_B","Defend_B","Zap+1","Dualcast","White Noise+1","Storm","Genetic Algorithm","White Noise","Static Discharge","Multi-Cast","Capacitor","Ball Lightning","Glacier","Echo Form","Static Discharge+1","Go for the Eyes+1","Machine Learning+1","Self Repair","Chaos+1"],"special_seed":0,"relics":["Cracked Core","NeowsBlessing","Pen Nib","Bag of Marbles","Centennial Puzzle","Omamori","Astrolabe","Happy Flower"],"potions_floor_usage":[18,24],"damage_taken":[{"damage":0.0,"enemies":"Jaw Worm","floor":1.0,"turns":1.0},{"damage":0.0,"enemies":"Lagavulin","floor":6.0,"turns":1.0},{"damage":0.0,"enemies":"Gremlin Nob","floor":8.0,"turns":1.0},{"damage":35.0,"enemies":"Lagavulin","floor":11.0,"turns":4.0},{"damage":0.0,"enemies":"2 Louse","floor":13.0,"turns":1.0},{"damage":2.0,"enemies":"Small Slimes","floor":14.0,"turns":3.0},{"damage":27.0,"enemies":"The Guardian","floor":16.0,"turns":8.0},{"damage":36,"enemies":"2 Thieves","floor":18,"turns":4},{"damage":14,"enemies":"Shell Parasite","floor":24,"turns":6},{"damage":30,"enemies":"Snecko","floor":27,"turns":6},{"damage":15,"enemies":"Sentry and Sphere","floor":28,"turns":5}],"seed_played":"4533770477933232558","potions_obtained":[{"floor":1.0,"key":"Explosive Potion"},{"floor":6.0,"key":"Explosive Potion"},{"floor":13.0,"key":"SteroidPotion"}],"is_trial":false,"path_per_floor":["M","$","?","?","?","E","R","E","T","$","E","$","M","M","R","B",null,"M","?","?","?","$","R","M","R","T","M","M"],"character_chosen":"DEFECT","items_purchased":["Storm","White Noise","Static Discharge","Capacitor","Regen Potion"],"campfire_rested":1,"item_purchase_floors":[2,10,10,12,22],"current_hp_per_floor":[64,64,64,64,64,64,64,64,64,64,29,29,29,27,48,21,59,23,23,23,23,23,23,38,38,38,15,0],"gold":110,"neow_bonus":"THREE_ENEMY_KILL","is_prod":false,"is_daily":false,"chose_seed":false,"campfire_upgraded":3,"win_rate":0,"timestamp":1556038176,"path_taken":["M","$","?","?","?","E","R","E","T","?","E","?","M","M","R","BOSS","M","?","?","?","$","R","M","R","T","M","M"],"build_version":"2019-01-23","purchased_purges":1,"victory":false,"max_hp_per_floor":[71,71,71,71,71,71,71,71,71,71,71,71,71,71,71,71,71,71,71,71,71,71,71,71,71,71,71,71],"card_choices":[{"not_picked":["Rebound","Beam Cell"],"picked":"White Noise","floor":1.0},{"not_picked":["Gash","Genetic Algorithm"],"picked":"Tempest","floor":6.0},{"not_picked":["FTL","Streamline"],"picked":"Genetic Algorithm","floor":8.0},{"not_picked":["Sweeping Beam","Lockon"],"picked":"Multi-Cast","floor":11.0},{"not_picked":["Streamline","Steam"],"picked":"Ball Lightning","floor":13.0},{"not_picked":["Steam","Hello World"],"picked":"Glacier","floor":14.0},{"not_picked":["Seek","Hyperbeam"],"picked":"Echo Form","floor":16.0},{"not_picked":["Undo","Chaos"],"picked":"Self Repair","floor":18},{"not_picked":["Leap","Coolheaded"],"picked":"Chaos","floor":24},{"not_picked":["Rip and Tear","Turbo","Streamline"],"picked":"SKIP","floor":27}],"player_experience":923628,"relics_obtained":[{"floor":6.0,"key":"Pen Nib"},{"floor":8.0,"key":"Bag of Marbles"},{"floor":9.0,"key":"Centennial Puzzle"},{"floor":11.0,"key":"Omamori"},{"floor":26,"key":"Happy Flower"}],"event_choices":[{"damage_healed":0.0,"max_hp_gain":0.0,"max_hp_loss":0.0,"gold_gain":0.0,"event_name":"The Cleric","player_choice":"Leave","floor":3.0,"gold_loss":0.0,"damage_taken":0.0},{"damage_healed":0.0,"max_hp_gain":0.0,"max_hp_loss":0.0,"gold_gain":150.0,"event_name":"Liars Game","player_choice":"AGREE","floor":4.0,"gold_loss":0.0,"damage_taken":0.0,"cards_obtained":["Doubt"]},{"damage_healed":0.0,"max_hp_gain":0.0,"max_hp_loss":0.0,"gold_gain":0.0,"event_name":"Scrap Ooze","player_choice":"Fled","floor":5.0,"gold_loss":0.0,"damage_taken":0.0},{"damage_healed":0,"gold_gain":0,"player_choice":"Smashed Altar","damage_taken":0,"max_hp_gain":0,"max_hp_loss":0,"event_name":"Forgotten Altar","floor":19,"gold_loss":0,"cards_obtained":["Decay"]},{"damage_healed":0,"gold_gain":0,"player_choice":"Ignored","damage_taken":0,"max_hp_gain":0,"max_hp_loss":0,"event_name":"Beggar","floor":20,"gold_loss":0},{"damage_healed":0,"gold_gain":0,"player_choice":"Ignored","damage_taken":0,"max_hp_gain":0,"max_hp_loss":0,"event_name":"Vampires","floor":21,"gold_loss":0}],"is_beta":false,"boss_relics":[{"not_picked":["FrozenCore","Calling Bell"],"picked":"Astrolabe"}],"items_purged_floors":[10],"is_endless":false,"potions_floor_spawned":[1,6,13],"killed_by":"Sentry and Sphere","ascension_level":20}