{"gold_per_floor":[115,43,43,43,62,74,74,74,97,107,125,139,150,120],"floor_reached":14,"playtime":525,"items_purged":[],"score":92,"play_id":"07f5b678-034d-46fc-aa29-8f6c532ea03a","local_time":"20180723145320","is_ascension_mode":true,"campfire_choices":[{"data":"Double Energy","floor":8,"key":"SMITH"}],"neow_cost":"","seed_source_timestamp":1006259220292637,"circlet_count":0,"master_deck":["Strike_B","Strike_B","Strike_B","Defend_B","Defend_B","Defend_B","Defend_B","Zap","Dualcast","Double Energy+1","Self Repair","Fusion"],"relics":["Cracked Core","Lantern"],"potions_floor_usage":[12,14],"damage_taken":[{"damage":1,"enemies":"Cultist","floor":1,"turns":3},{"damage":1,"enemies":"2 Louse","floor":5,"turns":3},{"damage":6,"enemies":"Jaw Worm","floor":6,"turns":4},{"damage":4,"enemies":"Red Slaver","floor":10,"turns":4},{"damage":12,"enemies":"Large Slime","floor":11,"turns":6},{"damage":12,"enemies":"2 Fungi Beasts","floor":12,"turns":2},{"damage":40,"enemies":"Gremlin Gang","floor":13,"turns":6},{"damage":30,"enemies":"Exordium Thugs","floor":14,"turns":3}],"seed_played":"3364363864699039886","potions_obtained":[{"floor":1,"key":"Ancient Potion"},{"floor":10,"key":"Fire Potion"},{"floor":13,"key":"Explosive Potion"}],"is_trial":false,"path_per_floor":["M","$","?","$","M","M","?","R","T","M","M","M","M"],"character_chosen":"DEFECT","items_purchased":["Self Repair"],"campfire_rested":0,"item_purchase_floors":[2],"current_hp_per_floor":[74,74,74,74,75,75,68,68,68,71,66,61,28,0],"gold":120,"neow_bonus":"","is_prod":false,"is_daily":false,"chose_seed":false,"campfire_upgraded":1,"win_rate":0,"timestamp":1532350400,"path_taken":["M","?","?","?","?","M","?","R","T","?","M","M","M","M"],"build_version":"2018-07-19v2","purchased_purges":0,"victory":false,"max_hp_per_floor":[75,75,75,75,75,75,75,75,75,75,75,75,75,75],"card_choices":[{"not_picked":["Streamline","Doom and Gloom"],"picked":"Double Energy","floor":1},{"not_picked":["Conserve Battery","Gash","Beam Cell"],"picked":"SKIP","floor":5},{"not_picked":["Compile Driver","Conserve Battery","Redo"],"picked":"SKIP","floor":6},{"not_picked":["Cold Snap","Doom and Gloom"],"picked":"Fusion","floor":10},{"not_picked":["Force Field","Go for the Eyes","Genetic Algorithm"],"picked":"SKIP","floor":11},{"not_picked":["Doom and Gloom","Go for the Eyes","Beam Cell"],"picked":"SKIP","floor":12},{"not_picked":["Barrage","Leap","Reprogram"],"picked":"SKIP","floor":13}],"player_experience":324180,"relics_obtained":[{"floor":9,"key":"Lantern"}],"event_choices":[{"event_name":"Match and Keep!","player_choice":"0 cards matched","floor":3,"damage_taken":0},{"event_name":"Golden Wing","player_choice":"Card Removal","floor":7,"damage_taken":0}],"is_beta":false,"boss_relics":[],"items_purged_floors":[],"is_endless":false,"potions_floor_spawned":[1,10,13],"killed_by":"Exordium Thugs","ascension_level":2}