{"gold_per_floor":[117,18,18,37,2,35,110,110,135,154,181,181,195,195],"floor_reached":14,"playtime":190,"items_purged":[],"score":246,"play_id":"3bc421b0-e5bd-4ad2-b6dc-348dc469f73b","local_time":"20190418143748","is_ascension_mode":true,"campfire_choices":[{"data":"Zap","floor":8,"key":"SMITH"},{"floor":12,"key":"REST"}],"neow_cost":"NONE","seed_source_timestamp":680441233137683,"circlet_count":0,"master_deck":["AscendersBane","Strike_B","Strike_B+1","Strike_B","Strike_B","Defend_B","Defend_B","Defend_B","Defend_B","Zap+1","Dualcast","Gash","Gash","Defragment+1","Beam Cell","Tempest","Steam","Thunder Strike","Melter"],"relics":["Cracked Core","NeowsBlessing","Letter Opener","Potion Belt","Matryoshka"],"potions_floor_usage":[11,14],"damage_taken":[{"damage":0,"enemies":"Jaw Worm","floor":1,"turns":1},{"damage":0,"enemies":"Small Slimes","floor":4,"turns":1},{"damage":0,"enemies":"Lagavulin","floor":6,"turns":1},{"damage":0,"enemies":"Cultist","floor":10,"turns":2},{"damage":59,"enemies":"Gremlin Nob","floor":11,"turns":5},{"damage":12,"enemies":"Looter","floor":13,"turns":3},{"damage":14,"enemies":"Red Slaver","floor":14,"turns":1}],"seed_played":"450460810853006071","potions_obtained":[{"floor":10,"key":"Regen Potion"},{"floor":13,"key":"AttackPotion"}],"is_trial":false,"path_per_floor":["M","$","?","M","?","E","?","R","T","M","E","R","M","M"],"character_chosen":"DEFECT","items_purchased":["Gash","Defragment"],"campfire_rested":1,"item_purchase_floors":[2,2],"current_hp_per_floor":[64,64,43,43,60,60,49,49,49,49,2,23,11,0],"gold":195,"neow_bonus":"THREE_ENEMY_KILL","is_prod":false,"is_daily":false,"chose_seed":false,"campfire_upgraded":1,"win_rate":0,"timestamp":1555612668,"path_taken":["M","$","?","M","?","E","?","R","T","M","E","R","?","M"],"build_version":"2019-01-23","purchased_purges":0,"victory":false,"max_hp_per_floor":[71,71,71,71,71,71,71,71,71,71,71,71,71,71],"card_choices":[{"not_picked":["Conserve Battery","Sweeping Beam"],"picked":"Gash","floor":1},{"not_picked":["Double Energy","Steam"],"picked":"Beam Cell","floor":4},{"not_picked":["Capacitor","Lockon"],"picked":"Tempest","floor":6},{"not_picked":["Compile Driver","Aggregate"],"picked":"Steam","floor":10},{"not_picked":["Cold Snap","Beam Cell"],"picked":"Thunder Strike","floor":11},{"not_picked":["Scrape","Stack"],"picked":"Melter","floor":13}],"player_experience":912233,"relics_obtained":[{"floor":6,"key":"Letter Opener"},{"floor":9,"key":"Potion Belt"},{"floor":11,"key":"Matryoshka"}],"event_choices":[{"damage_healed":0,"gold_gain":0,"player_choice":"Entered Light","damage_taken":21,"max_hp_gain":0,"max_hp_loss":0,"event_name":"Shining Light","floor":3,"gold_loss":0,"cards_upgraded":["Strike_B","Defragment"]},{"damage_healed":17,"gold_gain":0,"player_choice":"Healed","damage_taken":0,"max_hp_gain":0,"max_hp_loss":0,"event_name":"The Cleric","floor":5,"gold_loss":35},{"damage_healed":0,"gold_gain":75,"player_choice":"Gather Gold","damage_taken":11,"max_hp_gain":0,"max_hp_loss":0,"event_name":"World of Goop","floor":7,"gold_loss":0}],"is_beta":false,"boss_relics":[],"items_purged_floors":[],"is_endless":false,"potions_floor_spawned":[10,13],"killed_by":"Red Slaver","ascension_level":20}