{"gold_per_floor":[115,115,115,115,40,40,40,40,66,66,84,123,123,123,123,221,221,237,70,70,84,109,109,132,156,156,156,56,100,113,113,113,202,202,222,238,128,144,167,42,42,0,0,23,59,75,75,89,89,89,89,89,89,130,130],"floor_reached":56,"playtime":2515,"items_purged":["Strike_G","Defend_G","Defend_G"],"score":2348,"play_id":"6765fc3e-c4cd-4313-967e-742fb6f8fba6","local_time":"20190305172509","is_ascension_mode":true,"campfire_choices":[{"data":"Glass Knife","floor":6,"key":"SMITH"},{"data":"Neutralize","floor":13,"key":"SMITH"},{"floor":15,"key":"REST"},{"data":"Reflex","floor":23,"key":"SMITH"},{"data":"Terror","floor":27,"key":"SMITH"},{"floor":32,"key":"REST"},{"floor":41,"key":"REST"},{"data":"Concentrate","floor":47,"key":"SMITH"},{"floor":49,"key":"RECALL"},{"data":"Purity","floor":52,"key":"SMITH"}],"neow_cost":"TEN_PERCENT_HP_LOSS","seed_source_timestamp":252112350292694,"circlet_count":0,"master_deck":["AscendersBane","Defend_G","Defend_G+1","Defend_G","Survivor","Neutralize+1","Glass Knife+1","Terror+1","Acrobatics","Tools of the Trade","Reflex+1","Purity+1","Concentrate+1","Prepared+1","Grand Finale","Adrenaline","Escape Plan+1","Acrobatics+1"],"relics":["Ring of the Snake","Golden Idol","Tough Bandages","WarpedTongs","Pen Nib","Dream Catcher","Empty Cage","The Specimen","Omamori","Eternal Feather","Red Mask","Orichalcum","Blue Candle","Snake Skull"],"potions_floor_usage":[],"damage_taken":[{"damage":0,"enemies":"Small Slimes","floor":1,"turns":3},{"damage":3,"enemies":"2 Louse","floor":11,"turns":3},{"damage":2,"enemies":"Gremlin Nob","floor":12,"turns":4},{"damage":3,"enemies":"Slime Boss","floor":16,"turns":8},{"damage":0,"enemies":"Chosen","floor":18,"turns":4},{"damage":1,"enemies":"Shell Parasite","floor":21,"turns":5},{"damage":1,"enemies":"Shelled Parasite and Fungi","floor":22,"turns":5},{"damage":1,"enemies":"Snake Plant","floor":24,"turns":5},{"damage":15,"enemies":"Snecko","floor":25,"turns":6},{"damage":31,"enemies":"Slavers","floor":29,"turns":10},{"damage":1,"enemies":"Shelled Parasite and Fungi","floor":30,"turns":4},{"damage":0,"enemies":"Champ","floor":33,"turns":6},{"damage":13,"enemies":"3 Shapes","floor":35,"turns":4},{"damage":18,"enemies":"3 Darklings","floor":36,"turns":4},{"damage":0,"enemies":"Sphere and 2 Shapes","floor":38,"turns":6},{"damage":4,"enemies":"Maw","floor":39,"turns":5},{"damage":0,"enemies":"4 Shapes","floor":44,"turns":1},{"damage":0,"enemies":"Reptomancer","floor":45,"turns":2},{"damage":0,"enemies":"Writhing Mass","floor":46,"turns":2},{"damage":8,"enemies":"Transient","floor":48,"turns":5},{"damage":0,"enemies":"Awakened One","floor":50,"turns":3},{"damage":0,"enemies":"Shield and Spear","floor":54,"turns":1},{"damage":0,"enemies":"The Heart","floor":55,"turns":4}],"seed_played":"-7607297374409773139","potions_obtained":[{"floor":11,"key":"Ancient Potion"},{"floor":21,"key":"Dexterity Potion"},{"floor":24,"key":"SpeedPotion"}],"is_trial":false,"path_per_floor":["M","?","?","?","$","R","?","$","T","$","M","E","R","?","R","B",null,"M","$","?","M","M","R","M","M","T","R","$","E","M","?","R","B",null,"M","M","?","M","M","$","R","?","T","M","E","M","R","M","R","B",null,"R","$","E","B",null],"character_chosen":"THE_SILENT","items_purchased":["Reflex","Purity"],"campfire_rested":3,"item_purchase_floors":[19,19],"current_hp_per_floor":[59,52,52,34,34,34,34,34,34,34,31,29,29,29,45,42,51,51,51,51,50,49,49,48,33,33,33,33,2,1,1,17,17,45,32,14,14,14,10,10,35,35,35,35,35,35,44,36,45,45,52,54,54,54,54],"gold":130,"neow_bonus":"THREE_RARE_CARDS","is_prod":false,"is_daily":false,"chose_seed":false,"campfire_upgraded":6,"win_rate":0,"timestamp":1551777909,"path_taken":["M","?","?","?","$","R","?","$","T","$","?","E","R","?","R","BOSS","M","$","?","?","M","R","M","M","T","R","$","E","M","?","R","BOSS","M","M","?","M","?","$","R","?","T","M","E","M","R","M","R","BOSS","R","$","E","BOSS"],"build_version":"2019-01-23","purchased_purges":3,"victory":true,"max_hp_per_floor":[60,60,54,54,54,54,54,54,54,54,54,54,54,54,54,54,54,54,54,54,54,54,54,54,54,54,54,54,54,54,54,54,54,54,54,54,54,54,54,54,54,54,54,54,54,54,54,54,54,54,54,54,54,54,54],"card_choices":[{"not_picked":["Malaise","Corpse Explosion"],"picked":"Glass Knife","floor":0},{"not_picked":["Prepared","Choke","Deflect"],"picked":"SKIP","floor":1},{"not_picked":["Deflect","Quick Slash","Deadly Poison"],"picked":"SKIP","floor":11},{"not_picked":["Eviscerate","Deadly Poison"],"picked":"Terror","floor":12},{"not_picked":["Catalyst","Dagger Throw"],"picked":"Acrobatics","floor":15},{"not_picked":["Bullet Time","Envenom"],"picked":"Tools of the Trade","floor":16},{"not_picked":["Sucker Punch","Finisher","Distraction"],"picked":"SKIP","floor":18},{"not_picked":["Dagger Spray","Sucker Punch","Reflex"],"picked":"SKIP","floor":21},{"not_picked":["Crippling Poison","Cloak And Dagger","Catalyst"],"picked":"SKIP","floor":22},{"not_picked":["Bane","Sucker Punch+1","Backflip"],"picked":"SKIP","floor":24},{"not_picked":["Bane","Poisoned Stab","PiercingWail"],"picked":"SKIP","floor":25},{"not_picked":["Leg Sweep","Prepared"],"picked":"Concentrate","floor":29},{"not_picked":["Poisoned Stab","Tools of the Trade","Outmaneuver"],"picked":"SKIP","floor":30},{"not_picked":["Blade Dance","Backflip"],"picked":"Prepared+1","floor":32},{"not_picked":["Phantasmal Killer","A Thousand Cuts"],"picked":"Grand Finale","floor":33},{"not_picked":["Flying Knee","Dagger Throw","Blade Dance"],"picked":"SKIP","floor":35},{"not_picked":["Dagger Spray","Flying Knee+1","Choke"],"picked":"SKIP","floor":36},{"not_picked":["Dagger Throw","Reflex"],"picked":"Adrenaline","floor":38},{"not_picked":["Dodge and Roll","Masterful Stab","Poisoned Stab"],"picked":"SKIP","floor":39},{"not_picked":["Blade Dance","Deflect","Leg Sweep"],"picked":"SKIP","floor":44},{"not_picked":["Concentrate","Reflex","Dodge and Roll"],"picked":"SKIP","floor":45},{"not_picked":["Blur","Poisoned Stab"],"picked":"Escape Plan+1","floor":46},{"not_picked":["Malaise","Cloak And Dagger"],"picked":"Acrobatics+1","floor":48},{"not_picked":["Underhanded Strike","Slice","Noxious Fumes"],"picked":"SKIP","floor":54}],"player_experience":1126554,"relics_obtained":[{"floor":9,"key":"Pen Nib"},{"floor":12,"key":"Dream Catcher"},{"floor":29,"key":"Omamori"},{"floor":43,"key":"Orichalcum"},{"floor":45,"key":"Blue Candle"},{"floor":54,"key":"Snake Skull"}],"event_choices":[{"cards_removed":["Strike_G"],"damage_healed":0,"gold_gain":0,"player_choice":"Card Removal","damage_taken":7,"max_hp_gain":0,"max_hp_loss":0,"event_name":"Golden Wing","floor":2,"gold_loss":0},{"damage_healed":0,"gold_gain":0,"player_choice":"Lose Max HP","damage_taken":0,"relics_obtained":["Golden Idol"],"max_hp_gain":0,"max_hp_loss":6,"event_name":"Golden Idol","floor":3,"gold_loss":0},{"damage_healed":0,"gold_gain":0,"player_choice":"Success","damage_taken":18,"relics_obtained":["Tough Bandages"],"max_hp_gain":0,"max_hp_loss":0,"event_name":"Scrap Ooze","floor":4,"gold_loss":0},{"damage_healed":0,"gold_gain":0,"player_choice":"Rummage","damage_taken":0,"relics_obtained":["WarpedTongs"],"max_hp_gain":0,"max_hp_loss":0,"event_name":"Accursed Blacksmith","floor":7,"gold_loss":0,"cards_obtained":["Pain"]},{"cards_removed":["Pain"],"damage_healed":0,"gold_gain":0,"player_choice":"Forget","damage_taken":0,"max_hp_gain":0,"max_hp_loss":0,"event_name":"Living Wall","floor":14,"gold_loss":0},{"damage_healed":0,"gold_gain":0,"player_choice":"Gave Potion","damage_taken":0,"relics_obtained":["The Specimen"],"max_hp_gain":0,"max_hp_loss":0,"event_name":"WeMeetAgain","floor":20,"gold_loss":0},{"damage_healed":0,"gold_gain":0,"player_choice":"Ignored","damage_taken":0,"max_hp_gain":0,"max_hp_loss":0,"event_name":"Vampires","floor":31,"gold_loss":0},{"cards_removed":["Strike_G"],"damage_healed":0,"gold_gain":0,"player_choice":"Upgrade and Remove","damage_taken":0,"max_hp_gain":0,"max_hp_loss":0,"event_name":"Designer","floor":37,"gold_loss":110,"cards_upgraded":["Defend_G"]},{"damage_healed":0,"gold_gain":0,"player_choice":"Paid","damage_taken":0,"relics_obtained":["Red Mask"],"max_hp_gain":0,"max_hp_loss":0,"event_name":"Tomb of Lord Red Mask","floor":42,"gold_loss":42}],"is_beta":false,"boss_relics":[{"not_picked":["Philosopher\u0027s Stone","WristBlade"],"picked":"Empty Cage"},{"not_picked":["Calling Bell","Fusion Hammer"],"picked":"Eternal Feather"}],"items_purged_floors":[5,28,40],"is_endless":false,"potions_floor_spawned":[11,21,24,25,36,39,45,46],"ascension_level":15}