{"gold_per_floor":[119,119,119,130,149,149,224,241,241,258,258,275,275,291,291,291],"floor_reached":16,"playtime":687,"items_purged":[],"score":94,"play_id":"319baa0d-efb7-4f35-84b4-1be4390e2a8e","local_time":"20190417221126","is_ascension_mode":false,"campfire_choices":[{"data":"Warcry","floor":6,"key":"SMITH"},{"floor":13,"key":"REST"},{"floor":15,"key":"REST"}],"neow_cost":"NONE","seed_source_timestamp":607736602343700,"circlet_count":0,"master_deck":["Strike_R","Strike_R","Strike_R","Strike_R","Strike_R","Defend_R","Defend_R","Defend_R","Defend_R","Bash+1","Warcry+1","Pommel Strike","Dual Wield","Shrug It Off","Inflame"],"relics":["Runic Cube","Ginger","Letter Opener"],"potions_floor_usage":[16],"damage_taken":[{"damage":5,"enemies":"Small Slimes","floor":1,"turns":3},{"damage":6,"enemies":"Jaw Worm","floor":4,"turns":3},{"damage":1,"enemies":"Cultist","floor":5,"turns":3},{"damage":30,"enemies":"Large Slime","floor":8,"turns":7},{"damage":4,"enemies":"Blue Slaver","floor":10,"turns":3},{"damage":21,"enemies":"Exordium Thugs","floor":12,"turns":5},{"damage":15,"enemies":"Lots of Slimes","floor":14,"turns":5},{"damage":38,"enemies":"The Guardian","floor":16,"turns":6}],"seed_played":"4320824714584296934","potions_obtained":[{"floor":8,"key":"EssenceOfSteel"},{"floor":12,"key":"Ancient Potion"}],"is_trial":false,"path_per_floor":["M","?","?","M","M","R","?","M","T","M","T","M","R","M","R","B"],"character_chosen":"IRONCLAD","items_purchased":[],"campfire_rested":2,"item_purchase_floors":[],"current_hp_per_floor":[75,75,75,69,68,68,57,27,27,23,23,2,26,11,35,0],"gold":291,"neow_bonus":"BOSS_RELIC","is_prod":false,"is_daily":false,"chose_seed":false,"campfire_upgraded":1,"win_rate":0,"timestamp":1555553486,"path_taken":["M","?","?","?","M","R","?","M","T","M","?","M","R","M","R","BOSS"],"build_version":"2019-01-23","purchased_purges":0,"victory":false,"max_hp_per_floor":[80,80,80,80,80,80,80,80,80,80,80,80,80,80,80,80],"card_choices":[{"not_picked":["True Grit","Headbutt"],"picked":"Warcry","floor":1},{"not_picked":["Headbutt","Flex","Spot Weakness"],"picked":"SKIP","floor":4},{"not_picked":["Armaments","Body Slam"],"picked":"Pommel Strike","floor":5},{"not_picked":["Body Slam","Clash","Flame Barrier"],"picked":"SKIP","floor":8},{"not_picked":["Cleave","Iron Wave"],"picked":"Dual Wield","floor":10},{"not_picked":["Armaments","Flex"],"picked":"Shrug It Off","floor":12},{"not_picked":["Blood for Blood","Heavy Blade"],"picked":"Inflame","floor":14}],"player_experience":349992,"relics_obtained":[{"floor":9,"key":"Ginger"},{"floor":11,"key":"Letter Opener"}],"event_choices":[{"damage_healed":0,"gold_gain":0,"player_choice":"Ignored","damage_taken":0,"max_hp_gain":0,"max_hp_loss":0,"event_name":"Liars Game","floor":2,"gold_loss":0},{"damage_healed":0,"gold_gain":0,"player_choice":"Forge","damage_taken":0,"max_hp_gain":0,"max_hp_loss":0,"event_name":"Accursed Blacksmith","floor":3,"gold_loss":0,"cards_upgraded":["Bash"]},{"damage_healed":0,"gold_gain":75,"player_choice":"Gather Gold","damage_taken":11,"max_hp_gain":0,"max_hp_loss":0,"event_name":"World of Goop","floor":7,"gold_loss":0}],"is_beta":false,"boss_relics":[],"items_purged_floors":[],"is_endless":false,"potions_floor_spawned":[8,12],"killed_by":"The Guardian","ascension_level":0}