{"gold_per_floor":[111,122,122,122,140,174,174,192,192,192,208,133,133,176,176,305,305,330,429,452,452],"floor_reached":21,"playtime":978,"items_purged":["Defend_R"],"score":198,"play_id":"88994f43-504f-43fa-8e91-043fb6f116ea","local_time":"20190503073649","is_ascension_mode":true,"campfire_choices":[{"floor":7,"key":"REST"},{"data":"Berserk","floor":10,"key":"SMITH"},{"floor":15,"key":"REST"}],"neow_cost":"NONE","seed_source_timestamp":647560523651700,"circlet_count":0,"master_deck":["Strike_R","Strike_R","Strike_R","Strike_R","Strike_R+1","Defend_R","Defend_R","Bash+1","Sentinel","Carnage","Berserk+1","Dropkick","Iron Wave","Sentinel","Reaper","Armaments","Inflame"],"relics":["Burning Blood","NeowsBlessing","Pen Nib","Oddly Smooth Stone","Golden Idol","Meat on the Bone","Empty Cage"],"potions_floor_usage":[6,11,14,16,16,20,21],"damage_taken":[{"damage":0,"enemies":"Cultist","floor":1,"turns":1},{"damage":0,"enemies":"2 Louse","floor":2,"turns":1},{"damage":0,"enemies":"Jaw Worm","floor":5,"turns":1},{"damage":42,"enemies":"Gremlin Nob","floor":6,"turns":5},{"damage":0,"enemies":"Large Slime","floor":8,"turns":3},{"damage":14,"enemies":"Exordium Wildlife","floor":11,"turns":3},{"damage":30,"enemies":"Lagavulin","floor":14,"turns":4},{"damage":46,"enemies":"Hexaghost","floor":16,"turns":7},{"damage":70,"enemies":"2 Thieves","floor":18,"turns":5},{"damage":19,"enemies":"Shell Parasite","floor":20,"turns":8},{"damage":45,"enemies":"Snake Plant","floor":21,"turns":5}],"seed_played":"-8546105611201295950","potions_obtained":[{"floor":1,"key":"Strength Potion"},{"floor":5,"key":"PowerPotion"},{"floor":6,"key":"Poison Potion"},{"floor":8,"key":"PowerPotion"},{"floor":14,"key":"PowerPotion"},{"floor":18,"key":"Block Potion"},{"floor":20,"key":"BloodPotion"}],"is_trial":false,"path_per_floor":["M","M","?","?","M","E","R","M","T","R","M","$","?","E","R","B",null,"M","?","M","M"],"character_chosen":"IRONCLAD","items_purchased":[],"campfire_rested":2,"item_purchase_floors":[],"current_hp_per_floor":[80,80,64,69,75,39,64,70,70,70,62,62,62,38,63,35,85,33,33,32,0],"gold":452,"neow_bonus":"THREE_ENEMY_KILL","is_prod":false,"is_daily":false,"chose_seed":false,"campfire_upgraded":1,"win_rate":0,"timestamp":1556883409,"path_taken":["M","M","?","?","M","E","R","M","T","R","M","$","?","E","R","BOSS","M","?","M","M"],"build_version":"2019-01-23","purchased_purges":1,"victory":false,"max_hp_per_floor":[80,80,80,85,85,85,85,85,85,85,85,85,85,85,85,85,85,85,85,85,85],"card_choices":[{"not_picked":["Perfected Strike","Anger","Havoc"],"picked":"SKIP","floor":1},{"not_picked":["Shockwave","Flex"],"picked":"Sentinel","floor":2},{"not_picked":["Havoc","True Grit"],"picked":"Carnage","floor":5},{"not_picked":["Feel No Pain","Sever Soul"],"picked":"Berserk","floor":6},{"not_picked":["Anger","Twin Strike"],"picked":"Dropkick","floor":8},{"not_picked":["Heavy Blade","Anger"],"picked":"Iron Wave","floor":11},{"not_picked":["Exhume","Perfected Strike"],"picked":"Sentinel","floor":14},{"not_picked":["Fiend Fire","Offering"],"picked":"Reaper","floor":16},{"not_picked":["Cleave","Thunderclap"],"picked":"Armaments","floor":18},{"not_picked":["Pommel Strike","Thunderclap"],"picked":"Inflame","floor":20}],"player_experience":68044,"relics_obtained":[{"floor":6,"key":"Pen Nib"},{"floor":9,"key":"Oddly Smooth Stone"},{"floor":14,"key":"Meat on the Bone"}],"event_choices":[{"damage_healed":0,"gold_gain":0,"player_choice":"Entered Light","damage_taken":16,"max_hp_gain":0,"max_hp_loss":0,"event_name":"Shining Light","floor":3,"gold_loss":0,"cards_upgraded":["Strike_R","Bash"]},{"damage_healed":0,"gold_gain":0,"player_choice":"Donut","damage_taken":0,"max_hp_gain":5,"max_hp_loss":0,"event_name":"Big Fish","floor":4,"gold_loss":0},{"damage_healed":0,"gold_gain":0,"player_choice":"Take Wound","damage_taken":0,"relics_obtained":["Golden Idol"],"max_hp_gain":0,"max_hp_loss":0,"event_name":"Golden Idol","floor":13,"gold_loss":0,"cards_obtained":["Injury"]},{"damage_healed":0,"gold_gain":99,"player_choice":"Stole From Cult","damage_taken":0,"max_hp_gain":0,"max_hp_loss":0,"event_name":"Nest","floor":19,"gold_loss":0}],"is_beta":false,"boss_relics":[{"not_picked":["Lizard Tail","Mark of Pain"],"picked":"Empty Cage"}],"items_purged_floors":[12],"is_endless":false,"potions_floor_spawned":[1,5,6,8,14,18,20],"killed_by":"Snake Plant","ascension_level":1}