{"gold_per_floor":[111,111,122,122,44,44,44,60,106,133,148,148,3,23,23,127,177,190,190,190,190,100],"floor_reached":22,"playtime":1317,"items_purged":[],"score":182,"play_id":"8edc6761-feab-428d-b4ed-e38f23d5ac20","local_time":"20190501074735","is_ascension_mode":false,"campfire_choices":[{"data":"After Image","floor":6,"key":"SMITH"},{"floor":12,"key":"REST"},{"data":"Bouncing Flask","floor":15,"key":"SMITH"}],"neow_cost":"NONE","seed_source_timestamp":475073401085300,"circlet_count":0,"master_deck":["Defend_G","Defend_G","Defend_G","Defend_G","Defend_G","Strike_G","Strike_G","Strike_G","Strike_G","Strike_G+1","Survivor","Neutralize","After Image+1","Bouncing Flask+1","Leg Sweep","Bouncing Flask","Deadly Poison","Escape Plan","Cloak And Dagger","Infinite Blades","Corpse Explosion","Escape Plan","Reflex"],"relics":["Ring of the Snake","PreservedInsect","Vajra","Pen Nib","Lantern","Tiny House","MutagenicStrength","Ancient Tea Set"],"potions_floor_usage":[16,16,16,22],"damage_taken":[{"damage":1,"enemies":"Jaw Worm","floor":1,"turns":4},{"damage":0,"enemies":"Cultist","floor":3,"turns":3},{"damage":0,"enemies":"2 Louse","floor":8,"turns":4},{"damage":18,"enemies":"Lagavulin","floor":10,"turns":4},{"damage":7,"enemies":"Exordium Thugs","floor":11,"turns":5},{"damage":5,"enemies":"Lots of Slimes","floor":14,"turns":5},{"damage":55,"enemies":"Slime Boss","floor":16,"turns":13},{"damage":31,"enemies":"3 Byrds","floor":18,"turns":5},{"damage":34,"enemies":"2 Thieves","floor":22,"turns":3}],"seed_played":"-5477333058151914698","potions_obtained":[{"floor":2,"key":"Swift Potion"},{"floor":2,"key":"SneckoOil"},{"floor":2,"key":"EntropicBrew"},{"floor":3,"key":"FearPotion"},{"floor":8,"key":"SpeedPotion"},{"floor":17,"key":"FearPotion"}],"is_trial":false,"path_per_floor":["M","?","M","?","$","R","?","M","T","E","M","R","$","M","R","B",null,"M","?","?","?","M"],"character_chosen":"THE_SILENT","items_purchased":["Bouncing Flask","Lantern"],"campfire_rested":1,"item_purchase_floors":[5,13],"current_hp_per_floor":[69,69,69,69,69,69,69,69,69,51,44,65,65,60,60,5,75,44,44,30,30,0],"gold":100,"neow_bonus":"ONE_RANDOM_RARE_CARD","is_prod":false,"is_daily":false,"chose_seed":false,"campfire_upgraded":2,"win_rate":0.0,"timestamp":1556711255,"path_taken":["M","?","?","?","$","R","?","?","T","E","M","R","?","M","R","BOSS","M","?","?","?","M"],"build_version":"2019-01-23","purchased_purges":0,"victory":false,"max_hp_per_floor":[70,70,70,70,70,70,70,70,70,70,70,70,70,70,70,70,75,75,75,80,80,80],"card_choices":[{"not_picked":["Backflip","Dodge and Roll"],"picked":"Bouncing Flask","floor":1},{"not_picked":["Quick Slash","Distraction"],"picked":"Leg Sweep","floor":3},{"not_picked":["Dodge and Roll","Poisoned Stab"],"picked":"Deadly Poison","floor":8},{"not_picked":["Flechettes","Slice"],"picked":"Escape Plan","floor":10},{"not_picked":["Sucker Punch","Dagger Throw"],"picked":"Cloak And Dagger","floor":11},{"not_picked":["Outmaneuver","Skewer"],"picked":"Infinite Blades","floor":14},{"not_picked":["Venomology","Storm of Steel"],"picked":"Corpse Explosion","floor":16},{"not_picked":["Dagger Throw","Distraction"],"picked":"Escape Plan","floor":17},{"not_picked":["Sucker Punch","Cloak And Dagger"],"picked":"Reflex","floor":18}],"player_experience":41747,"relics_obtained":[{"floor":9,"key":"Vajra"},{"floor":10,"key":"Pen Nib"}],"event_choices":[{"damage_healed":0,"gold_gain":0,"player_choice":"Got Potions","damage_taken":0,"max_hp_gain":0,"max_hp_loss":0,"event_name":"Lab","floor":2,"gold_loss":0},{"damage_healed":0,"gold_gain":0,"player_choice":"Leave","damage_taken":0,"max_hp_gain":0,"max_hp_loss":0,"event_name":"The Cleric","floor":4,"gold_loss":0},{"damage_healed":0,"gold_gain":0,"player_choice":"Gave Potion","damage_taken":0,"relics_obtained":["PreservedInsect"],"max_hp_gain":0,"max_hp_loss":0,"event_name":"WeMeetAgain","floor":7,"gold_loss":0},{"damage_healed":0,"gold_gain":0,"player_choice":"Inject Mutagens","damage_taken":0,"relics_obtained":["MutagenicStrength"],"max_hp_gain":0,"max_hp_loss":0,"event_name":"Drug Dealer","floor":19,"gold_loss":0},{"damage_healed":0,"gold_gain":0,"player_choice":"Shed Blood","damage_taken":19,"max_hp_gain":5,"max_hp_loss":0,"event_name":"Forgotten Altar","floor":20,"gold_loss":0},{"damage_healed":0,"gold_gain":0,"player_choice":"Opened","damage_taken":0,"relics_obtained":["Ancient Tea Set"],"max_hp_gain":0,"max_hp_loss":0,"event_name":"The Mausoleum","floor":21,"gold_loss":0}],"is_beta":false,"boss_relics":[{"not_picked":["Ring of the Serpent","Eternal Feather"],"picked":"Tiny House"}],"items_purged_floors":[],"is_endless":false,"potions_floor_spawned":[3,8,11],"killed_by":"2 Thieves","ascension_level":0}