{"path_per_floor":["M","?","M","M","$","E","?","M","T","M","M","M","R","M","R"],"character_chosen":"THE_SILENT","items_purchased":["Prepared","Madness"],"gold_per_floor":[118,193,206,225,9,36,36,51,351,375,396,421,421,444,444],"floor_reached":16,"campfire_rested":1,"playtime":1053,"current_hp_per_floor":[68,57,57,57,57,22,22,17,17,15,12,1,20,20,20],"items_purged":["Strike_G"],"gold":444,"play_id":"28e0bf15-a1fa-44dd-b4f5-e63d0aab6d1b","is_prod":false,"is_daily":false,"is_ascension_mode":false,"campfire_upgraded":1,"path_taken":["M","?","M","M","$","E","?","M","T","M","M","?","R","M","R","BOSS"],"build_version":"2018-01-25-PROD3","purchased_purges":1,"victory":false,"master_deck":["Defend_G","Defend_G","Defend_G","Defend_G","Defend_G","Strike_G","Strike_G","Strike_G","Strike_G","Survivor","Neutralize","Underhanded Strike","Dagger Throw","Endless Agony","Prepared+1","Madness","Underhanded Strike","Blur","Underhanded Strike"],"max_hp_per_floor":[70,70,70,70,70,70,65,65,65,65,65,65,65,65,65],"relics":["Ring of the Snake","Bag of Marbles","Golden Idol","Old Coin"],"card_choices":[{"not_picked":["Dodge and Roll","Deflect"],"picked":"Underhanded Strike"},{"not_picked":["PiercingWail","Footwork"],"picked":"Dagger Throw"},{"not_picked":["Outmaneuver","Malaise"],"picked":"Endless Agony"},{"not_picked":["Corpse Explosion","Deadly Poison"],"picked":"Underhanded Strike"},{"not_picked":["Deadly Poison","Accuracy"],"picked":"Blur"},{"not_picked":["Outmaneuver","Backstab"],"picked":"Underhanded Strike"}],"player_experience":112042,"potions_floor_usage":[14,14,16,16],"damage_taken":[{"damage":2,"enemies":"Small Slimes","floor":1,"turns":5},{"damage":0,"enemies":"Jaw Worm","floor":3,"turns":3},{"damage":0,"enemies":"2 Louse","floor":4,"turns":2},{"damage":35,"enemies":"Lagavulin","floor":6,"turns":8},{"damage":5,"enemies":"Red Slaver","floor":8,"turns":4},{"damage":2,"enemies":"Lots of Slimes","floor":10,"turns":3},{"damage":3,"enemies":"Large Slime","floor":11,"turns":4},{"damage":11,"enemies":"3 Louse","floor":12,"turns":4},{"damage":0,"enemies":"Exordium Thugs","floor":14,"turns":3},{"damage":26,"enemies":"Slime Boss","floor":16,"turns":7}],"event_choices":[{"event_name":"World of Goop","player_choice":"Gather Gold","floor":2,"damage_taken":0},{"event_name":"Golden Idol","player_choice":"Lose Max HP","floor":7,"damage_taken":0}],"boss_relics":[],"potions_floor_spawned":[8,11,12,14],"seed_played":"2719899518185832905","killed_by":"Slime Boss","ascension_level":0,"is_trial":false}