{"gold_per_floor":[113,93,5,18,18,18,38,64,64,99,99,110,12,31,31,133,133,133,133,133,133,133,133,133,133,133,133,133,133,133],"floor_reached":30,"playtime":1533,"items_purged":["Normality"],"score":260,"play_id":"6fa1673d-9a9c-475e-8eb7-5c83d93abbb2","local_time":"20190221202943","is_ascension_mode":false,"campfire_choices":[{"data":"Zap","floor":6,"key":"SMITH"},{"floor":11,"key":"REST"},{"data":"Gash","floor":15,"key":"SMITH"},{"data":"Double Energy","floor":23,"key":"SMITH"},{"data":"Barrage","floor":25,"key":"SMITH"},{"data":"Streamline","floor":27,"key":"SMITH"}],"neow_cost":"NONE","seed_source_timestamp":439340600370961,"circlet_count":0,"master_deck":["Strike_B","Strike_B","Strike_B","Strike_B","Defend_B","Defend_B","Defend_B","Defend_B+1","Zap+1","Dualcast+1","Go for the Eyes","Leap","Barrage","Injury","Self Repair","Streamline","Melter","Streamline+1","Gash+1","Echo Form","Sweeping Beam","Skim","Doom and Gloom","Beam Cell","Double Energy+1","Barrage+1","Pain","Storm","Hologram","Steam"],"relics":["Cursed Key","War Paint","Gambling Chip","Meat on the Bone","Potion Belt","Ectoplasm","Prayer Wheel","Vajra"],"potions_floor_usage":[8,28,28],"damage_taken":[{"damage":2,"enemies":"Small Slimes","floor":1,"turns":3},{"damage":0,"enemies":"Cultist","floor":4,"turns":4},{"damage":0,"enemies":"Jaw Worm","floor":7,"turns":5},{"damage":34,"enemies":"Gremlin Nob","floor":8,"turns":5},{"damage":24,"enemies":"Lagavulin","floor":10,"turns":8},{"damage":7,"enemies":"3 Louse","floor":12,"turns":3},{"damage":18,"enemies":"2 Fungi Beasts","floor":14,"turns":3},{"damage":26,"enemies":"Slime Boss","floor":16,"turns":10},{"damage":12,"enemies":"Shell Parasite","floor":18,"turns":4},{"damage":10,"enemies":"Chosen","floor":19,"turns":4},{"damage":0,"enemies":"Sentry and Sphere","floor":21,"turns":2},{"damage":14,"enemies":"Centurion and Healer","floor":22,"turns":5},{"damage":25,"enemies":"Gremlin Leader","floor":24,"turns":5},{"damage":35,"enemies":"Cultist and Chosen","floor":28,"turns":6},{"damage":41,"enemies":"Book of Stabbing","floor":30,"turns":3}],"seed_played":"-5271360584172827090","potions_obtained":[{"floor":2,"key":"FearPotion"},{"floor":4,"key":"Regen Potion"},{"floor":7,"key":"Dexterity Potion"},{"floor":14,"key":"GamblersBrew"},{"floor":16,"key":"Dexterity Potion"},{"floor":22,"key":"Swift Potion"},{"floor":28,"key":"Dexterity Potion"}],"is_trial":false,"path_per_floor":["M","?","$","M","T","R","M","E","T","E","R","M","$","M","R","B",null,"M","M","?","M","M","R","E","R","T","R","M","?","E"],"character_chosen":"DEFECT","items_purchased":["Storm","Leap","Streamline"],"campfire_rested":1,"item_purchase_floors":[3,3,13],"current_hp_per_floor":[73,73,73,73,73,73,73,44,44,39,61,61,61,50,50,43,75,70,67,67,67,60,60,54,54,54,54,38,38,0],"gold":133,"neow_bonus":"BOSS_RELIC","is_prod":false,"is_daily":false,"chose_seed":false,"campfire_upgraded":5,"win_rate":0.0,"timestamp":1550802583,"path_taken":["M","?","$","?","?","R","M","E","T","E","R","M","$","M","R","BOSS","M","M","?","M","?","R","E","R","T","R","M","?","E"],"build_version":"2019-01-23","purchased_purges":1,"victory":false,"max_hp_per_floor":[75,75,75,75,75,75,75,75,75,75,75,75,75,75,75,75,75,75,75,75,75,75,75,75,75,75,75,75,75,75],"card_choices":[{"not_picked":["Beam Cell","Chaos"],"picked":"Go for the Eyes","floor":1},{"not_picked":["Redo","Self Repair"],"picked":"Barrage","floor":4},{"not_picked":["Hologram","Steam"],"picked":"Storm","floor":7},{"not_picked":["Sweeping Beam","Turbo"],"picked":"Self Repair","floor":8},{"not_picked":["Fusion","Coolheaded"],"picked":"Streamline","floor":10},{"not_picked":["Redo","Hyperbeam"],"picked":"Melter","floor":12},{"not_picked":["Reprogram","Genetic Algorithm"],"picked":"Gash","floor":14},{"not_picked":["All For One","Multi-Cast"],"picked":"Echo Form","floor":16},{"not_picked":["Go for the Eyes","Beam Cell"],"picked":"Sweeping Beam","floor":18},{"not_picked":["Compile Driver","Glacier"],"picked":"Skim","floor":19},{"not_picked":["Redo","Chill+1"],"picked":"Beam Cell","floor":21},{"not_picked":["Hologram","Coolheaded"],"picked":"Double Energy","floor":22},{"not_picked":["Chill","Reinforced Body"],"picked":"Barrage","floor":24},{"not_picked":["Fusion","Coolheaded"],"picked":"Storm","floor":28},{"not_picked":["Darkness","Turbo","Stack"],"picked":"SKIP","floor":28}],"player_experience":56472,"relics_obtained":[{"floor":5,"key":"War Paint"},{"floor":8,"key":"Gambling Chip"},{"floor":9,"key":"Meat on the Bone"},{"floor":10,"key":"Potion Belt"},{"floor":24,"key":"Prayer Wheel"},{"floor":26,"key":"Vajra"}],"event_choices":[{"damage_healed":0,"gold_gain":0,"player_choice":"Bought 1 Potion","damage_taken":0,"max_hp_gain":0,"max_hp_loss":0,"event_name":"The Woman in Blue","floor":2,"gold_loss":0},{"damage_healed":0,"gold_gain":0,"player_choice":"1 cards matched","damage_taken":0,"max_hp_gain":0,"max_hp_loss":0,"event_name":"Match and Keep!","floor":20,"gold_loss":0,"cards_obtained":["Doom and Gloom"]},{"damage_healed":0,"gold_gain":0,"cards_transformed":["Storm","Storm"],"player_choice":"Became Test Subject","damage_taken":0,"max_hp_gain":0,"max_hp_loss":0,"event_name":"Drug Dealer","floor":29,"gold_loss":0,"cards_obtained":["Hologram","Steam"]}],"is_beta":false,"boss_relics":[{"not_picked":["Velvet Choker","Black Star"],"picked":"Ectoplasm"}],"items_purged_floors":[13],"is_endless":false,"potions_floor_spawned":[4,7,14,16,22,24,28],"killed_by":"Book of Stabbing","ascension_level":0}