{"gold_per_floor":[116,116,116,136,150,193,214,179,179,223,223,223,223,42,42,165,165,180,180,196,229,229,229,229,250,250,250],"floor_reached":27,"playtime":1593,"items_purged":[],"score":219,"play_id":"14f9d591-b5a1-4dbf-a452-a1e0153675f2","local_time":"20190501121107","is_ascension_mode":false,"campfire_choices":[{"floor":11,"key":"REST"},{"data":"1","floor":13,"key":"LIFT"},{"floor":15,"key":"REST"},{"floor":23,"key":"REST"},{"data":"2","floor":24,"key":"LIFT"}],"neow_cost":"NONE","seed_source_timestamp":490611157587100,"circlet_count":0,"master_deck":["Strike_B","Strike_B","Strike_B","Strike_B","Defend_B","Defend_B","Defend_B","Defend_B","Zap","Dualcast","Heatsinks","Injury","Conserve Battery","Double Energy","Tempest+1","Chill+1","Leap+1","Consume+1","Thunder Strike","FTL","Genetic Algorithm+1","Buffer","Buffer","Turbo+1"],"relics":["Cracked Core","Orichalcum","Golden Idol","Toxic Egg 2","Girya","WingedGreaves","The Courier","Strawberry","White Beast Statue","Red Mask","Ornamental Fan"],"potions_floor_usage":[16,21,21,27],"damage_taken":[{"damage":1,"enemies":"Cultist","floor":1,"turns":3},{"damage":5,"enemies":"Small Slimes","floor":4,"turns":3},{"damage":7,"enemies":"2 Louse","floor":5,"turns":3},{"damage":36,"enemies":"Gremlin Nob","floor":6,"turns":5},{"damage":7,"enemies":"Looter","floor":7,"turns":3},{"damage":12,"enemies":"3 Sentries","floor":10,"turns":9},{"damage":21,"enemies":"The Guardian","floor":16,"turns":13},{"damage":7,"enemies":"Spheric Guardian","floor":18,"turns":4},{"damage":0,"enemies":"Chosen","floor":20,"turns":5},{"damage":25,"enemies":"Masked Bandits","floor":21,"turns":4},{"damage":72,"enemies":"3 Cultists","floor":25,"turns":7},{"damage":2,"enemies":"Centurion and Healer","floor":27,"turns":6}],"seed_played":"30064107105239586","potions_obtained":[{"floor":1,"key":"Dexterity Potion"},{"floor":5,"key":"SteroidPotion"},{"floor":16,"key":"AttackPotion"},{"floor":18,"key":"SteroidPotion"},{"floor":20,"key":"Explosive Potion"},{"floor":21,"key":"SpeedPotion"},{"floor":25,"key":"Ancient Potion"}],"is_trial":false,"path_per_floor":["M","?","?","M","M","E","M","?","T","E","R","?","R","$","R","B",null,"M","?","M","?","?","R","R","M","T","M"],"character_chosen":"DEFECT","items_purchased":["Consume+1","Strawberry"],"campfire_rested":3,"item_purchase_floors":[14,14],"current_hp_per_floor":[74,74,74,69,62,26,19,37,37,25,47,47,47,54,78,57,82,75,75,75,50,50,74,74,2,2,0],"gold":250,"neow_bonus":"RANDOM_COMMON_RELIC","is_prod":false,"is_daily":false,"chose_seed":false,"campfire_upgraded":0,"win_rate":0.0,"timestamp":1556727067,"path_taken":["M","?","?","M","M","E","M","?","T","E","R","?","R","$","R","BOSS","M","?","M","?","?","R","R","M","T","M"],"build_version":"2019-01-23","purchased_purges":0,"victory":false,"max_hp_per_floor":[75,75,75,75,75,75,75,75,75,75,75,75,75,82,82,82,82,82,82,82,82,82,82,82,82,82,82],"card_choices":[{"not_picked":["BootSequence","Conserve Battery"],"picked":"Heatsinks","floor":1},{"not_picked":["Hologram","Steam"],"picked":"Conserve Battery","floor":4},{"not_picked":["Consume","Hologram"],"picked":"Double Energy","floor":5},{"not_picked":["Sunder","Compile Driver"],"picked":"Tempest","floor":6},{"not_picked":["Go for the Eyes","Hologram+1"],"picked":"Chill+1","floor":7},{"not_picked":["Recycle+1","Lockon"],"picked":"Leap+1","floor":10},{"not_picked":["Meteor Strike","Core Surge"],"picked":"Thunder Strike","floor":16},{"not_picked":["Go for the Eyes","Sweeping Beam"],"picked":"FTL","floor":18},{"not_picked":["Beam Cell","Hologram+1"],"picked":"Genetic Algorithm+1","floor":20},{"not_picked":["Beam Cell","Compile Driver"],"picked":"Buffer","floor":21},{"not_picked":["Doom and Gloom","Gash"],"picked":"Turbo+1","floor":25}],"player_experience":46098,"relics_obtained":[{"floor":6,"key":"Toxic Egg 2"},{"floor":9,"key":"Girya"},{"floor":10,"key":"WingedGreaves"},{"floor":21,"key":"Red Mask"},{"floor":26,"key":"Ornamental Fan"}],"event_choices":[{"damage_healed":0,"gold_gain":0,"player_choice":"Take Wound","damage_taken":0,"relics_obtained":["Golden Idol"],"max_hp_gain":0,"max_hp_loss":0,"event_name":"Golden Idol","floor":2,"gold_loss":0,"cards_obtained":["Injury"]},{"damage_healed":0,"gold_gain":0,"player_choice":"Ignored","damage_taken":0,"max_hp_gain":0,"max_hp_loss":0,"event_name":"Liars Game","floor":3,"gold_loss":0},{"damage_healed":18,"gold_gain":0,"player_choice":"Healed","damage_taken":0,"max_hp_gain":0,"max_hp_loss":0,"event_name":"The Cleric","floor":8,"gold_loss":35},{"damage_healed":0,"gold_gain":0,"player_choice":"Searched \u00272\u0027 times","damage_taken":0,"relics_obtained":["The Courier"],"max_hp_gain":0,"max_hp_loss":0,"event_name":"Dead Adventurer","floor":12,"gold_loss":0},{"damage_healed":0,"gold_gain":0,"player_choice":"Ignored","damage_taken":0,"max_hp_gain":0,"max_hp_loss":0,"event_name":"Vampires","floor":19,"gold_loss":0},{"damage_healed":0,"gold_gain":0,"player_choice":"Fought Bandits","damage_taken":0,"max_hp_gain":0,"max_hp_loss":0,"event_name":"Masked Bandits","floor":21,"gold_loss":0},{"damage_healed":0,"gold_gain":0,"player_choice":"Copied","damage_taken":0,"max_hp_gain":0,"max_hp_loss":0,"event_name":"Duplicator","floor":22,"gold_loss":0,"cards_obtained":["Buffer"]}],"is_beta":false,"boss_relics":[{"not_picked":["Empty Cage","Busted Crown"],"picked":"White Beast Statue"}],"items_purged_floors":[],"is_endless":false,"potions_floor_spawned":[1,5,16,18,20,21,25],"killed_by":"Centurion and Healer","ascension_level":0}