{"gold_per_floor":[361,361,361,6,26,41,61,81,154,154,169,184,30,30,30,159,159,173,173,0,14,14,14,113,129,129,142,157,177,202,216,216,347,347,367,367,382,22,22,22,38,38,38,53,73,7,7,32,32,32],"floor_reached":50,"playtime":3340,"items_purged":["Defend_B","Defend_B"],"score":669,"play_id":"09d0143a-d125-43a1-846d-b8543823f15c","local_time":"20180820025123","is_ascension_mode":true,"campfire_choices":[{"floor":10,"key":"REST"},{"data":"Defragment","floor":15,"key":"SMITH"},{"data":"Defragment","floor":23,"key":"SMITH"},{"data":"Storm","floor":32,"key":"SMITH"},{"floor":40,"key":"REST"},{"data":"BootSequence","floor":47,"key":"SMITH"},{"floor":49,"key":"REST"}],"neow_cost":"TEN_PERCENT_HP_LOSS","seed_source_timestamp":43965797008449,"circlet_count":0,"master_deck":["Defend_B+1","Zap+1","Dualcast+1","Self Repair+1","Defragment+1","Conserve Battery+1","BootSequence+1","Loop+1","Glacier+1","Defragment+1","Electrodynamics+1","Multi-Cast+1","Tempest+1","Chill+1","Storm+1","Self Repair+1","Defragment+1","Hologram+1","Heatsinks+1","Storm+1","Reboot+1","Echo Form+1","Glacier+1","Capacitor+1","BootSequence+1"],"relics":["Cracked Core","Golden Idol","Anchor","Mercury Hourglass","Astrolabe","Gremlin Horn","Busted Crown","Bird Faced Urn","Mark of the Bloom","The Courier"],"potions_floor_usage":[44,44,44,44,45],"damage_taken":[{"damage":8,"enemies":"Jaw Worm","floor":1,"turns":4},{"damage":0,"enemies":"Cultist","floor":5,"turns":3},{"damage":0,"enemies":"Small Slimes","floor":6,"turns":3},{"damage":17,"enemies":"Exordium Wildlife","floor":7,"turns":6},{"damage":14,"enemies":"2 Fungi Beasts","floor":8,"turns":4},{"damage":6,"enemies":"Looter","floor":11,"turns":3},{"damage":4,"enemies":"Red Slaver","floor":12,"turns":3},{"damage":32,"enemies":"Slime Boss","floor":16,"turns":9},{"damage":0,"enemies":"Shell Parasite","floor":18,"turns":6},{"damage":0,"enemies":"3 Byrds","floor":21,"turns":3},{"damage":15,"enemies":"Snecko","floor":25,"turns":4},{"damage":0,"enemies":"3 Cultists","floor":27,"turns":3},{"damage":0,"enemies":"Snake Plant","floor":28,"turns":3},{"damage":0,"enemies":"Sentry and Sphere","floor":29,"turns":3},{"damage":0,"enemies":"Snecko","floor":30,"turns":3},{"damage":0,"enemies":"Snake Plant","floor":31,"turns":2},{"damage":17,"enemies":"Automaton","floor":33,"turns":6},{"damage":9,"enemies":"Orb Walker","floor":35,"turns":3},{"damage":0,"enemies":"3 Shapes","floor":37,"turns":3},{"damage":0,"enemies":"Transient","floor":41,"turns":5},{"damage":0,"enemies":"Sphere and 2 Shapes","floor":44,"turns":3},{"damage":29,"enemies":"3 Darklings","floor":45,"turns":3},{"damage":31,"enemies":"Maw","floor":48,"turns":6},{"damage":13,"enemies":"Time Eater","floor":50,"turns":3}],"seed_played":"-567874995872576898","potions_obtained":[{"floor":1,"key":"SteroidPotion"},{"floor":7,"key":"EntropicBrew"},{"floor":8,"key":"Dexterity Potion"},{"floor":12,"key":"FocusPotion"},{"floor":29,"key":"FocusPotion"},{"floor":31,"key":"SkillPotion"},{"floor":35,"key":"Fruit Juice"}],"is_trial":false,"path_per_floor":["M","?","?","$","M","M","M","M","T","R","M","M","$","?","R","B",null,"M","?","$","M","?","R","?","M","T","M","M","M","M","M","R","B",null,"M","?","M","$","?","R","M","?","T","M","M","$","R","M","R"],"character_chosen":"DEFECT","items_purchased":["Defragment","Conserve Battery","Anchor","Glacier","Defragment","Defragment","Capacitor","Bird Faced Urn","BootSequence"],"campfire_rested":3,"item_purchase_floors":[4,4,4,13,13,20,38,38,46],"current_hp_per_floor":[60,53,36,36,43,50,40,33,33,53,54,57,57,57,57,32,59,66,66,66,68,68,68,68,53,53,53,60,67,68,68,68,51,64,62,62,68,68,68,68,68,68,68,68,39,39,39,8,8,0],"gold":32,"neow_bonus":"TWO_FIFTY_GOLD","is_prod":false,"is_daily":false,"chose_seed":false,"campfire_upgraded":4,"win_rate":0,"timestamp":1534726283,"path_taken":["M","?","?","?","M","M","M","M","T","R","M","M","$","?","R","BOSS","M","?","?","?","?","R","?","?","T","M","M","?","M","M","R","BOSS","M","?","M","$","?","R","?","?","T","M","?","?","R","M","R","BOSS"],"build_version":"2018-08-16","purchased_purges":2,"victory":false,"max_hp_per_floor":[68,68,68,68,68,68,68,68,68,68,68,68,68,68,68,68,68,68,68,68,68,68,68,68,68,68,68,68,68,68,68,68,68,68,68,68,68,68,68,68,68,68,68,73,73,73,73,73,73,73],"card_choices":[{"not_picked":["Cold Snap","Defragment"],"picked":"Self Repair","floor":1},{"not_picked":["Leap","White Noise"],"picked":"BootSequence","floor":5},{"not_picked":["Stack","Barrage"],"picked":"Loop","floor":6},{"not_picked":["Turbo","Coolheaded","Thunder Strike"],"picked":"SKIP","floor":7},{"not_picked":["Steam","Barrage"],"picked":"Cold Snap","floor":8},{"not_picked":["Coolheaded","Compile Driver","Hologram"],"picked":"SKIP","floor":11},{"not_picked":["Leap","Go for the Eyes","Cold Snap"],"picked":"SKIP","floor":12},{"not_picked":["Fission","Amplify"],"picked":"Electrodynamics","floor":16},{"not_picked":["Stack+1","Streamline"],"picked":"Storm+1","floor":18},{"not_picked":["Recycle","Doom and Gloom"],"picked":"Hologram+1","floor":21},{"not_picked":["Core Surge","Redo","Ball Lightning"],"picked":"SKIP","floor":25},{"not_picked":["Stack","Steam"],"picked":"Heatsinks","floor":27},{"not_picked":["Undo+1","Hologram"],"picked":"Storm","floor":28},{"not_picked":["Undo","Cold Snap+1"],"picked":"Reboot","floor":29},{"not_picked":["Stack+1","Melter","Compile Driver"],"picked":"SKIP","floor":30},{"not_picked":["Steam","Coolheaded","Go for the Eyes"],"picked":"SKIP","floor":31},{"not_picked":["Hyperbeam","Thunder Strike"],"picked":"Echo Form","floor":33},{"not_picked":["Gash"],"picked":"SKIP","floor":35},{"not_picked":[],"picked":"Glacier+1","floor":37},{"not_picked":["Gash+1"],"picked":"SKIP","floor":41},{"not_picked":["Conserve Battery"],"picked":"SKIP","floor":44},{"not_picked":["Chill"],"picked":"SKIP","floor":45},{"not_picked":["Skim"],"picked":"SKIP","floor":48}],"player_experience":485399,"relics_obtained":[{"floor":9,"key":"Mercury Hourglass"},{"floor":26,"key":"Gremlin Horn"},{"floor":43,"key":"The Courier"}],"event_choices":[{"event_name":"Golden Wing","player_choice":"Card Removal","floor":2,"damage_taken":0},{"event_name":"Golden Idol","player_choice":"Take Damage","floor":3,"damage_taken":0},{"event_name":"Living Wall","player_choice":"Grow","floor":14,"damage_taken":0},{"event_name":"Duplicator","player_choice":"One dupe","floor":19,"damage_taken":0},{"event_name":"Purifier","player_choice":"One Purge","floor":22,"damage_taken":0},{"event_name":"Nest","player_choice":"Stole From Cult","floor":24,"damage_taken":0},{"event_name":"Tomb of Lord Red Mask","player_choice":"Ignored","floor":36,"damage_taken":0},{"event_name":"MindBloom","player_choice":"Upgrade","floor":39,"damage_taken":0},{"event_name":"Falling","player_choice":"Removed Attack","floor":42,"damage_taken":0}],"is_beta":false,"boss_relics":[{"not_picked":["FrozenCore","Eternal Feather"],"picked":"Astrolabe"},{"not_picked":["Coffee Dripper","Calling Bell"],"picked":"Busted Crown"}],"items_purged_floors":[4,20],"is_endless":false,"potions_floor_spawned":[1,7,8,12,25,28,29,31,35,41],"killed_by":"Time Eater","ascension_level":8}