{"gold_per_floor":[115,115,265,276,201,230,249,249,273,273,273,39,56,74,74,74],"floor_reached":16,"playtime":369,"items_purged":[],"score":200,"play_id":"e9f58756-3513-4afc-b29b-2529b715e316","local_time":"20190502164323","is_ascension_mode":true,"campfire_choices":[{"data":"Bash","floor":8,"key":"SMITH"},{"data":"Havoc","floor":11,"key":"SMITH"},{"floor":15,"key":"REST"}],"neow_cost":"NONE","seed_source_timestamp":788373193831848,"circlet_count":0,"master_deck":["AscendersBane","Strike_R","Strike_R","Strike_R","Strike_R","Strike_R","Defend_R+1","Defend_R","Defend_R","Defend_R","Bash+1","Spot Weakness","Headbutt","Hemokinesis","Havoc+1","Havoc+1","Rupture","Corruption"],"relics":["Burning Blood","Red Skull","Juzu Bracelet","Vajra","War Paint"],"potions_floor_usage":[4,14,14],"damage_taken":[{"damage":4,"enemies":"Small Slimes","floor":1,"turns":5},{"damage":9,"enemies":"Jaw Worm","floor":4,"turns":3},{"damage":36,"enemies":"Gremlin Nob","floor":6,"turns":4},{"damage":11,"enemies":"2 Louse","floor":7,"turns":2},{"damage":16,"enemies":"Gremlin Gang","floor":13,"turns":4},{"damage":7,"enemies":"Lots of Slimes","floor":14,"turns":3},{"damage":46,"enemies":"The Guardian","floor":16,"turns":5}],"seed_played":"-8596730536132406754","potions_obtained":[{"floor":1,"key":"Poison Potion"},{"floor":6,"key":"Strength Potion"},{"floor":13,"key":"Fire Potion"}],"is_trial":false,"path_per_floor":["M","?","?","M","?","E","M","R","T","?","R","$","M","M","R","B"],"character_chosen":"IRONCLAD","items_purchased":["Rupture","War Paint"],"campfire_rested":1,"item_purchase_floors":[12,12],"current_hp_per_floor":[70,70,70,67,67,37,32,32,32,32,32,32,22,21,43,0],"gold":74,"neow_bonus":"RANDOM_COMMON_RELIC","is_prod":false,"is_daily":false,"chose_seed":false,"campfire_upgraded":2,"win_rate":0,"timestamp":1556829803,"path_taken":["M","?","?","M","?","E","M","R","T","?","R","$","M","M","R","BOSS"],"build_version":"2019-01-23","purchased_purges":0,"victory":false,"max_hp_per_floor":[75,75,75,75,75,75,75,75,75,75,75,75,75,75,75,75],"card_choices":[{"not_picked":["Hemokinesis","Metallicize"],"picked":"Spot Weakness","floor":1},{"not_picked":["Body Slam","Dual Wield"],"picked":"Headbutt","floor":4},{"not_picked":["Anger","True Grit"],"picked":"Hemokinesis","floor":6},{"not_picked":["Clothesline","True Grit"],"picked":"Havoc","floor":7},{"not_picked":["Metallicize","Searing Blow"],"picked":"Corruption","floor":13},{"not_picked":["Entrench","Body Slam","Wild Strike"],"picked":"SKIP","floor":14}],"player_experience":943558,"relics_obtained":[{"floor":6,"key":"Juzu Bracelet"},{"floor":9,"key":"Vajra"}],"event_choices":[{"damage_healed":0,"gold_gain":0,"player_choice":"Ignored","damage_taken":0,"max_hp_gain":0,"max_hp_loss":0,"event_name":"Golden Wing","floor":2,"gold_loss":0},{"damage_healed":0,"gold_gain":150,"player_choice":"AGREE","damage_taken":0,"max_hp_gain":0,"max_hp_loss":0,"event_name":"Liars Game","floor":3,"gold_loss":0,"cards_obtained":["Doubt"]},{"cards_removed":["Doubt"],"damage_healed":0,"gold_gain":0,"player_choice":"Card Removal","damage_taken":0,"max_hp_gain":0,"max_hp_loss":0,"event_name":"The Cleric","floor":5,"gold_loss":75},{"damage_healed":0,"gold_gain":0,"player_choice":"1 cards matched","damage_taken":0,"max_hp_gain":0,"max_hp_loss":0,"event_name":"Match and Keep!","floor":10,"gold_loss":0,"cards_obtained":["Havoc"]}],"is_beta":false,"boss_relics":[],"items_purged_floors":[],"is_endless":false,"potions_floor_spawned":[1,6,13],"killed_by":"The Guardian","ascension_level":20}