{"gold_per_floor":[109,123,123,137,152,152,182,197,197,197,197,223,74,104,104,205,205,225,225,235,246,246,279,279,289,312,312,85,101,101],"floor_reached":30,"playtime":3885,"items_purged":[],"score":353,"play_id":"e6c8f9da-3ec3-42ff-831e-843e02cea021","local_time":"20190104195748","is_ascension_mode":true,"campfire_choices":[{"data":"Flex","floor":6,"key":"SMITH"},{"data":"Fire Breathing","floor":10,"key":"SMITH"},{"floor":15,"key":"REST"},{"floor":27,"key":"REST"}],"neow_cost":"NONE","seed_source_timestamp":69345202346259,"circlet_count":0,"master_deck":["Strike_R","Strike_R","Strike_R","Defend_R","Defend_R","Defend_R","Bash","Ghostly Armor","Flex+1","Heavy Blade","Flex+1","Feed","Fire Breathing+1","Heavy Blade","Twin Strike","Juggernaut","Limit Break+1","Combust+1","Pommel Strike+1","Uppercut","Iron Wave","Pummel+1","Searing Blow","Heavy Blade+1","Rampage","Cleave"],"relics":["Burning Blood","Odd Mushroom","Meat on the Bone","Matryoshka","Omamori","PreservedInsect","Astrolabe","Kunai","Pen Nib","Dream Catcher","Art of War"],"potions_floor_usage":[5,12,18,23,23,23,25,29],"damage_taken":[{"damage":5,"enemies":"Small Slimes","floor":1,"turns":3},{"damage":3,"enemies":"2 Louse","floor":2,"turns":3},{"damage":4,"enemies":"Jaw Worm","floor":4,"turns":3},{"damage":10,"enemies":"Looter","floor":5,"turns":3},{"damage":8,"enemies":"The Mushroom Lair","floor":7,"turns":5},{"damage":14,"enemies":"Lots of Slimes","floor":8,"turns":4},{"damage":0,"enemies":"Gremlin Nob","floor":12,"turns":3},{"damage":35,"enemies":"Lagavulin","floor":14,"turns":5},{"damage":47,"enemies":"Slime Boss","floor":16,"turns":14},{"damage":32,"enemies":"2 Thieves","floor":18,"turns":3},{"damage":34,"enemies":"3 Byrds","floor":20,"turns":5},{"damage":22,"enemies":"Snecko","floor":21,"turns":4},{"damage":23,"enemies":"Gremlin Leader","floor":23,"turns":5},{"damage":27,"enemies":"Centurion and Healer","floor":25,"turns":4},{"damage":62,"enemies":"Shelled Parasite and Fungi","floor":29,"turns":6},{"damage":33,"enemies":"Snake Plant","floor":30,"turns":3}],"seed_played":"5396280626762658056","potions_obtained":[{"floor":1,"key":"EssenceOfSteel"},{"floor":7,"key":"FearPotion"},{"floor":14,"key":"Energy Potion"},{"floor":21,"key":"SkillPotion"},{"floor":22,"key":"Weak Potion"},{"floor":22,"key":"Poison Potion"},{"floor":23,"key":"Energy Potion"}],"is_trial":false,"path_per_floor":["M","M","?","M","M","R","?","M","T","R","$","E","$","E","R","B",null,"M","?","M","M","?","E","$","M","T","R","$","M","M"],"character_chosen":"IRONCLAD","items_purchased":["Omamori","Art of War","LiquidBronze"],"campfire_rested":2,"item_purchase_floors":[13,28,28],"current_hp_per_floor":[88,88,88,88,84,84,82,77,77,77,77,83,83,57,85,59,97,74,74,61,57,57,52,52,46,46,77,77,33,0],"gold":101,"neow_bonus":"TEN_PERCENT_HP_BONUS","is_prod":false,"is_daily":false,"chose_seed":false,"campfire_upgraded":2,"win_rate":0,"timestamp":1546628268,"path_taken":["M","M","?","M","M","R","?","M","T","R","$","E","$","E","R","BOSS","M","?","M","M","?","E","$","?","T","R","$","M","M"],"build_version":"2019-01-03v3","purchased_purges":0,"victory":false,"max_hp_per_floor":[88,88,88,88,88,88,88,91,91,91,91,91,91,94,94,97,97,100,100,103,103,103,103,103,106,106,106,106,106,106],"card_choices":[{"not_picked":["Shockwave","Burning Pact"],"picked":"Ghostly Armor","floor":1},{"not_picked":["Heavy Blade","Pommel Strike"],"picked":"Flex","floor":2},{"not_picked":["Perfected Strike","Shrug It Off"],"picked":"Heavy Blade","floor":4},{"not_picked":["Evolve","Body Slam"],"picked":"Flex","floor":5},{"not_picked":["Perfected Strike","Clash"],"picked":"Feed","floor":7},{"not_picked":["Whirlwind","Pommel Strike"],"picked":"Fire Breathing","floor":8},{"not_picked":["Battle Trance","Twin Strike"],"picked":"Heavy Blade","floor":12},{"not_picked":["Wild Strike","Feed"],"picked":"Twin Strike","floor":14},{"not_picked":["Dark Embrace","Exhume"],"picked":"Juggernaut","floor":16},{"not_picked":["Wild Strike+1","Pommel Strike"],"picked":"Uppercut","floor":18},{"not_picked":["Armaments","Anger"],"picked":"Iron Wave","floor":20},{"not_picked":["Wild Strike","Havoc"],"picked":"Pummel+1","floor":21},{"not_picked":["Immolate","Power Through+1"],"picked":"Searing Blow","floor":23},{"not_picked":["Sentinel","Warcry"],"picked":"Heavy Blade+1","floor":25},{"not_picked":["Evolve","Carnage+1"],"picked":"Rampage","floor":27},{"not_picked":["Iron Wave","True Grit"],"picked":"Cleave","floor":29}],"player_experience":280737,"relics_obtained":[{"floor":7,"key":"Odd Mushroom"},{"floor":9,"key":"Meat on the Bone"},{"floor":12,"key":"Matryoshka"},{"floor":14,"key":"PreservedInsect"},{"floor":23,"key":"Kunai"},{"floor":26,"key":"Pen Nib"},{"floor":26,"key":"Dream Catcher"}],"event_choices":[{"damage_healed":0,"gold_gain":0,"player_choice":"Grow","damage_taken":0,"max_hp_gain":0,"max_hp_loss":0,"event_name":"Living Wall","floor":3,"gold_loss":0,"cards_upgraded":["Flex"]},{"damage_healed":0,"gold_gain":0,"player_choice":"Fought Mushrooms","damage_taken":0,"max_hp_gain":0,"max_hp_loss":0,"event_name":"Mushrooms","floor":7,"gold_loss":0},{"damage_healed":0,"gold_gain":0,"player_choice":"Ignored","damage_taken":0,"max_hp_gain":0,"max_hp_loss":0,"event_name":"Vampires","floor":19,"gold_loss":0},{"damage_healed":0,"gold_gain":0,"player_choice":"Got Potions","damage_taken":0,"max_hp_gain":0,"max_hp_loss":0,"event_name":"Lab","floor":22,"gold_loss":0}],"is_beta":false,"boss_relics":[{"not_picked":["Mark of Pain","Pandora\u0027s Box"],"picked":"Astrolabe"}],"items_purged_floors":[],"is_endless":false,"potions_floor_spawned":[1,7,14,21,23],"killed_by":"Snake Plant","ascension_level":3}