{"gold_per_floor":[116,291,309,309,319,319,209,209,209,209,235,252,269,296,296,396,396,407,422,422],"floor_reached":20,"playtime":985,"items_purged":["Doubt"],"score":230,"play_id":"2134adc8-d227-4fd6-841e-ff963e442858","local_time":"20181117202727","is_ascension_mode":true,"campfire_choices":[{"data":"Armaments","floor":6,"key":"SMITH"},{"data":"Body Slam","floor":8,"key":"SMITH"},{"floor":15,"key":"REST"}],"neow_cost":"PERCENT_DAMAGE","seed_source_timestamp":263320903175874,"circlet_count":0,"master_deck":["Strike_R","Strike_R","Strike_R","Strike_R","Defend_R+1","Defend_R","Defend_R","Defend_R+1","Bash","Barricade","True Grit","Armaments+1","Body Slam+1","Battle Trance","Ghostly Armor+1"],"special_seed":0,"relics":["Burning Blood","Orichalcum","Bag of Marbles","Bag of Preparation","War Paint","Runic Cube"],"potions_floor_usage":[11,11],"damage_taken":[{"damage":10.0,"enemies":"Small Slimes","floor":1.0,"turns":4.0},{"damage":8.0,"enemies":"2 Louse","floor":3.0,"turns":4.0},{"damage":7,"enemies":"Jaw Worm","floor":5,"turns":8},{"damage":15,"enemies":"Lagavulin","floor":11,"turns":5},{"damage":4,"enemies":"3 Louse","floor":12,"turns":3},{"damage":1,"enemies":"Large Slime","floor":13,"turns":7},{"damage":24,"enemies":"3 Sentries","floor":14,"turns":9},{"damage":16,"enemies":"Slime Boss","floor":16,"turns":10},{"damage":17,"enemies":"Chosen","floor":18,"turns":8},{"damage":6,"enemies":"Shell Parasite","floor":19,"turns":6},{"damage":63,"enemies":"Cultist and Chosen","floor":20,"turns":11}],"seed_played":"7184953400523345124","potions_obtained":[{"floor":3,"key":"SpeedPotion"},{"floor":5,"key":"SpeedPotion"}],"is_trial":false,"path_per_floor":["M","?","M","M","?","M","R","$","R","T","?","E","M","M","E","R","B",null,"M","M","M"],"character_chosen":"IRONCLAD","items_purchased":["Battle Trance"],"campfire_rested":1,"item_purchase_floors":[7],"current_hp_per_floor":[52,52,50,43,42,42,42,42,42,42,33,35,40,22,46,36,69,58,58,0],"gold":422,"neow_bonus":"THREE_RARE_CARDS","is_prod":false,"is_daily":false,"chose_seed":false,"campfire_upgraded":2,"win_rate":0,"timestamp":1542457647,"path_taken":["M","?","M","?","M","R","$","R","T","?","E","M","M","E","R","BOSS","M","M","M"],"build_version":"2018-11-15","purchased_purges":1,"victory":false,"max_hp_per_floor":[80,80,80,80,80,80,80,80,80,80,80,80,80,80,80,80,80,80,80,80],"card_choices":[{"not_picked":["Fiend Fire","Juggernaut"],"picked":"Barricade","floor":0.0},{"not_picked":["Flex","Havoc"],"picked":"True Grit","floor":1.0},{"not_picked":["Headbutt","Flex"],"picked":"Armaments","floor":3},{"not_picked":["Twin Strike","Armaments"],"picked":"Body Slam","floor":5},{"not_picked":["Dark Embrace","Perfected Strike","Battle Trance"],"picked":"SKIP","floor":11},{"not_picked":["Uppercut","Sword Boomerang","True Grit"],"picked":"SKIP","floor":12},{"not_picked":["Intimidate","Twin Strike","Pommel Strike"],"picked":"SKIP","floor":13},{"not_picked":["Armaments","Twin Strike","Cleave"],"picked":"SKIP","floor":14},{"not_picked":["Evolve","True Grit"],"picked":"Ghostly Armor+1","floor":18},{"not_picked":["Flex+1","Infernal Blade","Metallicize"],"picked":"SKIP","floor":19}],"player_experience":380174,"relics_obtained":[{"floor":9,"key":"Bag of Marbles"},{"floor":11,"key":"Bag of Preparation"},{"floor":14,"key":"War Paint"}],"event_choices":[{"damage_healed":0.0,"max_hp_gain":0.0,"max_hp_loss":0.0,"gold_gain":175.0,"event_name":"Liars Game","player_choice":"AGREE","floor":2.0,"gold_loss":0.0,"damage_taken":0.0,"cards_obtained":["Doubt"]},{"damage_healed":0,"gold_gain":0,"player_choice":"Success","damage_taken":7,"relics_obtained":["Orichalcum"],"max_hp_gain":0,"max_hp_loss":0,"event_name":"Scrap Ooze","floor":4,"gold_loss":0},{"cards_removed":["Strike_R"],"damage_healed":0,"gold_gain":0,"player_choice":"Forget","damage_taken":0,"max_hp_gain":0,"max_hp_loss":0,"event_name":"Living Wall","floor":10,"gold_loss":0}],"is_beta":false,"boss_relics":[{"not_picked":["Calling Bell","Fusion Hammer"],"picked":"Runic Cube"}],"items_purged_floors":[7],"is_endless":false,"potions_floor_spawned":[3,5],"killed_by":"Cultist and Chosen","ascension_level":5}