{"gold_per_floor":[114,74,74,74,29,59,74,74,124,139,214,214,31,46,46,146,146,161,106,121,136,36,51,51,51,76,91,20,35,65,65,65,165,165,180,195,195,210,210,210,240,240,240,240,255,285,300,300,300,300],"floor_reached":51,"playtime":1987,"items_purged":[],"score":925,"play_id":"17ddaafb-d89f-4245-880c-adfb5c567e8e","local_time":"20180731080119","daily_mods":["Brewmaster","Time Dilation","Hoarder"],"is_ascension_mode":false,"campfire_choices":[{"data":"Inflame","floor":8,"key":"SMITH"},{"data":"Inflame","floor":12,"key":"SMITH"},{"data":"Inflame","floor":15,"key":"SMITH"},{"floor":32,"key":"REST"},{"floor":40,"key":"REST"},{"floor":42,"key":"REST"},{"floor":44,"key":"REST"},{"floor":49,"key":"REST"}],"neow_cost":"","seed_source_timestamp":0,"circlet_count":0,"master_deck":["Strike_R","Strike_R","Strike_R","Strike_R","Strike_R","Defend_R","Defend_R","Defend_R","Defend_R","Bash","Venomology","Venomology","Venomology","Venomology","Venomology","Venomology","Venomology","Venomology","Venomology","Venomology","Venomology","Venomology","Venomology","Blood for Blood","Blood for Blood","Blood for Blood","Inflame+1","Inflame+1","Inflame+1","Regret","Regret","Regret","Iron Wave","Iron Wave","Iron Wave","Bloodletting","Bloodletting","Bloodletting","Battle Trance","Battle Trance","Battle Trance","Master of Strategy","Master of Strategy","Master of Strategy","Limit Break","Limit Break","Limit Break","Heavy Blade","Heavy Blade","Heavy Blade","Pummel+1","Pummel+1","Pummel+1","Mind Blast","Mind Blast","Mind Blast","Sever Soul","Sever Soul","Sever Soul","Discovery","Discovery","Discovery","Seeing Red","Seeing Red","Seeing Red","Flame Barrier+1","Flame Barrier+1","Flame Barrier+1","Flex+1","Flex+1","Flex+1","Havoc+1","Havoc+1","Havoc+1","Havoc+1","Havoc+1","Havoc+1"],"special_seed":17743,"relics":["Burning Blood","White Beast Statue","Blood Vial","Charon\u0027s Ashes","Turnip","Bag of Marbles","Black Star","Tiny Chest","StoneCalendar","The Courier","Ancient Tea Set","Blue Candle","Bottled Flame","Fusion Hammer","Gambling Chip","Bronze Scales","Strawberry","Magic Flower","Ornamental Fan","Frozen Egg 2"],"potions_floor_usage":[1,1,1,1,1,1,6,6,6,6,6,7,7,10,10,10,14,16,16,16,16,16,16,16,16,16,16,16,18,18,20,21,21,23,27,27,29,29,29,29,30,30,30,30,30,30,30,33,33,33,33,33,33,36,38,38,38,38,39,39,41,41,41,41,41,41,46,47,47,47,47,50,50,50],"damage_taken":[{"damage":5,"enemies":"Cultist","floor":1,"turns":6},{"damage":0,"enemies":"3 Sentries","floor":6,"turns":2},{"damage":8,"enemies":"Small Slimes","floor":7,"turns":2},{"damage":3,"enemies":"2 Louse","floor":10,"turns":2},{"damage":3,"enemies":"Blue Slaver","floor":14,"turns":2},{"damage":45,"enemies":"The Guardian","floor":16,"turns":6},{"damage":0,"enemies":"3 Byrds","floor":18,"turns":1},{"damage":7,"enemies":"Chosen","floor":20,"turns":3},{"damage":21,"enemies":"Snake Plant","floor":21,"turns":2},{"damage":13,"enemies":"Centurion and Healer","floor":23,"turns":3},{"damage":12,"enemies":"3 Cultists","floor":27,"turns":3},{"damage":0,"enemies":"Snecko","floor":29,"turns":2},{"damage":44,"enemies":"Gremlin Leader","floor":30,"turns":3},{"damage":57,"enemies":"Champ","floor":33,"turns":4},{"damage":0,"enemies":"Flame Bruiser 1 Orb","floor":35,"turns":1},{"damage":15,"enemies":"3 Shapes","floor":36,"turns":2},{"damage":4,"enemies":"Maw","floor":38,"turns":5},{"damage":33,"floor":39,"turns":4},{"damage":32,"enemies":"Giant Head","floor":41,"turns":6},{"damage":0,"enemies":"Spire Growth","floor":45,"turns":1},{"damage":3,"enemies":"Nemesis","floor":46,"turns":1},{"damage":6,"enemies":"Transient","floor":47,"turns":4},{"damage":12,"enemies":"Time Eater","floor":50,"turns":2}],"seed_played":"4161929215003559377","potions_obtained":[{"floor":1,"key":"Swift Potion"},{"floor":6,"key":"Energy Potion"},{"floor":7,"key":"Block Potion"},{"floor":14,"key":"Energy Potion"},{"floor":16,"key":"Explosive Potion"},{"floor":18,"key":"Fire Potion"},{"floor":20,"key":"FearPotion"},{"floor":21,"key":"Strength Potion"},{"floor":27,"key":"AttackPotion"},{"floor":30,"key":"Regen Potion"},{"floor":33,"key":"SpeedPotion"},{"floor":35,"key":"Weak Potion"},{"floor":39,"key":"SkillPotion"},{"floor":41,"key":"AttackPotion"},{"floor":45,"key":"Swift Potion"},{"floor":46,"key":"GamblersBrew"}],"is_trial":false,"path_per_floor":["M","$","?","?","$","E","M","R","T","M","?","R","$","M","R","B",null,"M","?","M","M","$","M","?","T","T","M","$","M","E","?","R","B",null,"M","M","$","M","?","R","E","R","T","R","M","E","M","?","R","B"],"character_chosen":"IRONCLAD","items_purchased":["Inflame","Iron Wave","Master of Strategy","Mind Blast","Discovery"],"campfire_rested":5,"item_purchase_floors":[2,5,13,22,28],"current_hp_per_floor":[80,80,77,77,77,80,78,78,78,80,69,69,69,74,74,57,80,80,80,79,65,65,60,60,60,60,56,56,64,28,28,52,15,80,80,71,71,75,50,74,73,87,87,87,87,87,87,97,97,95],"gold":300,"neow_bonus":"","is_prod":false,"is_daily":true,"chose_seed":false,"campfire_upgraded":3,"win_rate":0,"timestamp":1533038479,"path_taken":["M","$","?","?","?","E","?","R","T","M","?","R","$","?","R","BOSS","M","?","M","M","$","M","?","?","T","M","$","M","E","?","R","BOSS","M","M","$","M","?","R","E","R","T","R","M","E","M","?","R","BOSS"],"build_version":"2018-07-30","purchased_purges":0,"victory":true,"max_hp_per_floor":[80,80,80,80,80,80,80,80,80,80,80,80,80,80,80,80,80,80,80,80,80,80,80,80,80,80,80,80,80,80,80,80,80,80,80,80,80,80,80,80,87,87,87,87,87,87,87,97,97,97],"card_choices":[{"not_picked":["Headbutt","Shrug It Off"],"picked":"Blood for Blood","floor":1},{"not_picked":["Headbutt","Warcry"],"picked":"Bloodletting","floor":6},{"not_picked":["Power Through","Twin Strike"],"picked":"Battle Trance","floor":7},{"not_picked":["Shockwave","Fire Breathing","Thunderclap"],"picked":"SKIP","floor":10},{"not_picked":["Thunderclap","Spot Weakness","Power Through"],"picked":"SKIP","floor":14},{"not_picked":["Exhume","Demon Form"],"picked":"Limit Break","floor":16},{"not_picked":["Searing Blow","True Grit"],"picked":"Heavy Blade","floor":18},{"not_picked":["Havoc","Intimidate"],"picked":"Pummel+1","floor":20},{"not_picked":["Dropkick+1","Uppercut+1","Sentinel"],"picked":"SKIP","floor":21},{"not_picked":["Body Slam+1","Shockwave"],"picked":"Sever Soul","floor":23},{"not_picked":["Dropkick","Headbutt","Sword Boomerang"],"picked":"SKIP","floor":27},{"not_picked":["Clash","Rupture+1","Intimidate+1"],"picked":"SKIP","floor":29},{"not_picked":["Battle Trance","Flame Barrier"],"picked":"Seeing Red","floor":30},{"not_picked":["Headbutt","Uppercut+1","Wild Strike"],"picked":"SKIP","floor":35},{"not_picked":["Headbutt+1","Bludgeon"],"picked":"Flame Barrier+1","floor":36},{"not_picked":["Rampage+1","Searing Blow","Clash+1"],"picked":"SKIP","floor":38},{"not_picked":["Headbutt+1","Armaments+1"],"picked":"Flex+1","floor":41},{"not_picked":["Flex","Iron Wave"],"picked":"Havoc+1","floor":45},{"not_picked":["Feel No Pain+1","Metallicize+1"],"picked":"Havoc+1","floor":46},{"not_picked":["Feel No Pain+1","Inflame+1","Twin Strike"],"picked":"SKIP","floor":47}],"player_experience":171602,"relics_obtained":[{"floor":6,"key":"Turnip"},{"floor":9,"key":"Bag of Marbles"},{"floor":25,"key":"The Courier"},{"floor":26,"key":"Ancient Tea Set"},{"floor":30,"key":"Blue Candle"},{"floor":30,"key":"Bottled Flame"},{"floor":39,"key":"Gambling Chip"},{"floor":41,"key":"Bronze Scales"},{"floor":41,"key":"Strawberry"},{"floor":43,"key":"Magic Flower"},{"floor":46,"key":"Ornamental Fan"},{"floor":46,"key":"Frozen Egg 2"}],"event_choices":[{"event_name":"Scrap Ooze","player_choice":"success","floor":3,"damage_taken":3},{"event_name":"Big Fish","player_choice":"Box","floor":4,"damage_taken":0},{"event_name":"World of Goop","player_choice":"Gather Gold","floor":11,"damage_taken":0},{"event_name":"Addict","player_choice":"Obtained Relic","floor":19,"damage_taken":0},{"event_name":"WeMeetAgain","player_choice":"Card","floor":24,"damage_taken":0},{"event_name":"Drug Dealer","player_choice":"Ignored","floor":31,"damage_taken":0},{"event_name":"MindBloom","player_choice":"Fight","floor":39,"damage_taken":0},{"event_name":"Bonfire Elementals","player_choice":"RARE","floor":48,"damage_taken":0}],"is_beta":true,"boss_relics":[{"not_picked":["Coffee Dripper","Runic Pyramid"],"picked":"Black Star"},{"not_picked":["Runic Cube","Eternal Feather"],"picked":"Fusion Hammer"}],"items_purged_floors":[],"is_endless":false,"potions_floor_spawned":[1,6,7,10,14,16,18,20,21,23,27,29,30,33,35,36,38,39,41,45,46,47],"ascension_level":0}