{"gold_per_floor":[114,189,207,207,223,264,283,233,257,282,282,352,352,388,388,516,516,536,536,613,613,163,207,207,225,251,286,302,341,360,374,374,497,497,520,540,9,0,24,64,78,78,78,78,78,78,117,144,156,168],"floor_reached":50,"playtime":2698,"items_purged":["Strike_G"],"score":775,"play_id":"0e2dd7f2-4ba2-4291-84e4-f4d518b0053f","local_time":"20190319224609","is_ascension_mode":true,"campfire_choices":[{"floor":13,"key":"REST"},{"data":"Glass Knife","floor":15,"key":"SMITH"},{"floor":24,"key":"REST"},{"floor":32,"key":"REST"},{"floor":42,"key":"REST"},{"floor":46,"key":"REST"},{"floor":49,"key":"RECALL"}],"neow_cost":"NONE","seed_source_timestamp":566717813123488,"circlet_count":0,"master_deck":["Defend_G","Defend_G","Defend_G","Defend_G","Defend_G","Strike_G","Strike_G","Strike_G","Strike_G","Survivor+1","Neutralize","Dramatic Entrance","Terror+1","Caltrops","Caltrops","Riddle With Holes","Riddle With Holes","Blur","Flying Knee","Glass Knife+1","Adrenaline","Choke","Adrenaline+1","Glass Knife","Transmutation","Bandage Up","Outmaneuver","Prepared","Dagger Throw","Die Die Die","Backflip+1","PiercingWail+1","Adrenaline","Cloak And Dagger+1","Noxious Fumes+1","Envenom","Backstab+1","Riddle With Holes","Bouncing Flask","Madness","Madness","Dark Shackles","Dramatic Entrance","Metamorphosis","Underhanded Strike"],"relics":["Ring of the Snake","Golden Idol","Vajra","Tiny Chest","Incense Burner","Fusion Hammer","MutagenicStrength","Meat on the Bone","Happy Flower","War Paint","Anchor","Oddly Smooth Stone","Black Star","Pen Nib","Strawberry","Red Mask","The Specimen","The Courier","Kunai","MawBank","Bottled Lightning"],"potions_floor_usage":[6,6,12,16,23,33,33,40,41,50],"damage_taken":[{"damage":0,"enemies":"Small Slimes","floor":1,"turns":3},{"damage":0,"enemies":"Jaw Worm","floor":3,"turns":4},{"damage":0,"enemies":"2 Louse","floor":5,"turns":3},{"damage":17,"enemies":"Lagavulin","floor":6,"turns":10},{"damage":0,"enemies":"2 Fungi Beasts","floor":7,"turns":2},{"damage":0,"enemies":"Large Slime","floor":10,"turns":4},{"damage":15,"enemies":"3 Sentries","floor":12,"turns":5},{"damage":6,"enemies":"Gremlin Nob","floor":14,"turns":3},{"damage":20,"enemies":"Hexaghost","floor":16,"turns":6},{"damage":0,"enemies":"3 Byrds","floor":18,"turns":2},{"damage":25,"enemies":"Gremlin Leader","floor":23,"turns":3},{"damage":8,"enemies":"Spheric Guardian","floor":25,"turns":4},{"damage":5,"enemies":"Book of Stabbing","floor":27,"turns":2},{"damage":0,"enemies":"Centurion and Healer","floor":28,"turns":2},{"damage":43,"enemies":"Gremlin Leader","floor":29,"turns":5},{"damage":0,"enemies":"Chosen and Byrds","floor":30,"turns":3},{"damage":0,"enemies":"Cultist and Chosen","floor":31,"turns":3},{"damage":54,"enemies":"Collector","floor":33,"turns":7},{"damage":0,"enemies":"3 Shapes","floor":35,"turns":2},{"damage":0,"enemies":"Orb Walker","floor":36,"turns":1},{"damage":7,"enemies":"Writhing Mass","floor":39,"turns":4},{"damage":24,"enemies":"Reptomancer","floor":40,"turns":5},{"damage":0,"enemies":"Spire Growth","floor":41,"turns":2},{"damage":35,"enemies":"Nemesis","floor":47,"turns":7},{"damage":0,"enemies":"Transient","floor":48,"turns":5},{"damage":61,"enemies":"Awakened One","floor":50,"turns":7}],"seed_played":"2124232961593160106","potions_obtained":[{"floor":3,"key":"EssenceOfSteel"},{"floor":5,"key":"Block Potion"},{"floor":6,"key":"AttackPotion"},{"floor":12,"key":"Weak Potion"},{"floor":16,"key":"Ancient Potion"},{"floor":18,"key":"EssenceOfSteel"},{"floor":23,"key":"Fire Potion"},{"floor":31,"key":"Regen Potion"},{"floor":35,"key":"Dexterity Potion"},{"floor":41,"key":"PowerPotion"},{"floor":47,"key":"Ancient Potion"}],"is_trial":false,"path_per_floor":["M","?","M","?","M","E","M","?","T","M","?","E","R","E","R","B",null,"M","?","T","?","$","E","R","M","T","E","M","E","M","M","R","B",null,"M","M","$","?","M","E","M","R","T","?","?","R","E","M","R","B"],"character_chosen":"THE_SILENT","items_purchased":["Glass Knife","Transmutation","Bandage Up","Fruit Juice","Envenom","Pen Nib","Strawberry"],"campfire_rested":5,"item_purchase_floors":[22,22,22,22,37,37,37],"current_hp_per_floor":[70,59,59,59,59,42,42,42,42,42,42,27,48,42,42,22,58,58,58,58,58,58,42,64,60,60,55,55,28,40,44,66,37,66,66,66,73,73,70,50,54,78,78,68,58,82,47,51,51,0],"gold":168,"neow_bonus":"RANDOM_COLORLESS","is_prod":false,"is_daily":false,"chose_seed":false,"campfire_upgraded":1,"win_rate":0,"timestamp":1553060769,"path_taken":["M","?","M","?","M","E","M","?","T","M","?","E","R","E","R","BOSS","M","?","?","?","$","E","R","?","T","E","?","E","M","M","R","BOSS","M","M","$","?","M","E","M","R","T","?","?","R","E","M","R","BOSS"],"build_version":"2019-01-23","purchased_purges":1,"victory":false,"max_hp_per_floor":[70,70,70,70,70,70,70,70,70,70,70,70,70,70,70,70,70,70,70,70,70,70,75,75,75,75,75,75,75,75,75,75,75,75,75,75,82,82,82,82,82,82,82,82,82,82,82,82,82,82],"card_choices":[{"not_picked":["Concentrate","Blur"],"picked":"Terror","floor":1},{"not_picked":["Sucker Punch","Blade Dance"],"picked":"Caltrops","floor":3},{"not_picked":["PiercingWail","Quick Slash"],"picked":"Caltrops","floor":5},{"not_picked":["Quick Slash","Bouncing Flask"],"picked":"Riddle With Holes","floor":6},{"not_picked":["Bane","Quick Slash"],"picked":"Riddle With Holes","floor":7},{"not_picked":["Deflect","Grand Finale"],"picked":"Blur","floor":10},{"not_picked":["Poisoned Stab","Outmaneuver"],"picked":"Flying Knee","floor":12},{"not_picked":["Deadly Poison","Heel Hook"],"picked":"Glass Knife","floor":14},{"not_picked":["Unload","After Image"],"picked":"Adrenaline","floor":16},{"not_picked":["Sucker Punch","Poisoned Stab"],"picked":"Choke","floor":18},{"not_picked":["Backflip","Sucker Punch"],"picked":"Outmaneuver","floor":23},{"not_picked":["Sucker Punch","Bane+1"],"picked":"Prepared","floor":25},{"not_picked":["Poisoned Stab","Flying Knee"],"picked":"Dagger Throw","floor":27},{"not_picked":["Leg Sweep","Slice","Flying Knee"],"picked":"SKIP","floor":28},{"not_picked":["Sucker Punch","Choke"],"picked":"Die Die Die","floor":29},{"not_picked":["PiercingWail","Caltrops"],"picked":"Backflip+1","floor":30},{"not_picked":["Bouncing Flask","Dagger Throw"],"picked":"PiercingWail+1","floor":31},{"not_picked":["Phantasmal Killer","Burst"],"picked":"Adrenaline","floor":33},{"not_picked":["Bane","Endless Agony+1"],"picked":"Cloak And Dagger+1","floor":35},{"not_picked":["Dagger Throw","Backflip+1"],"picked":"Noxious Fumes+1","floor":36},{"not_picked":["Calculated Gamble","Caltrops+1"],"picked":"Backstab+1","floor":39},{"not_picked":["Choke","Underhanded Strike+1"],"picked":"Riddle With Holes","floor":40},{"not_picked":["Blade Dance+1","Caltrops"],"picked":"Bouncing Flask","floor":41},{"not_picked":["Flash of Steel","Swift Strike"],"picked":"Dark Shackles","floor":45},{"not_picked":["Bandage Up","Deep Breath"],"picked":"Dramatic Entrance","floor":45},{"not_picked":["Swift Strike","PanicButton"],"picked":"Metamorphosis","floor":45},{"not_picked":["Dagger Throw+1","Blade Dance+1","Cloak And Dagger+1"],"picked":"SKIP","floor":47},{"not_picked":["All Out Attack","Dodge and Roll"],"picked":"Underhanded Strike","floor":48}],"player_experience":343714,"relics_obtained":[{"floor":6,"key":"Vajra"},{"floor":12,"key":"Tiny Chest"},{"floor":14,"key":"Incense Burner"},{"floor":20,"key":"Meat on the Bone"},{"floor":23,"key":"Happy Flower"},{"floor":26,"key":"War Paint"},{"floor":27,"key":"Anchor"},{"floor":29,"key":"Oddly Smooth Stone"},{"floor":40,"key":"The Specimen"},{"floor":40,"key":"The Courier"},{"floor":43,"key":"Kunai"},{"floor":47,"key":"MawBank"},{"floor":47,"key":"Bottled Lightning"}],"event_choices":[{"damage_healed":0,"gold_gain":75,"player_choice":"Gather Gold","damage_taken":11,"max_hp_gain":0,"max_hp_loss":0,"event_name":"World of Goop","floor":2,"gold_loss":0},{"damage_healed":0,"gold_gain":0,"player_choice":"Take Wound","damage_taken":0,"relics_obtained":["Golden Idol"],"max_hp_gain":0,"max_hp_loss":0,"event_name":"Golden Idol","floor":4,"gold_loss":0,"cards_obtained":["Injury"]},{"cards_removed":["Injury"],"damage_healed":0,"gold_gain":0,"player_choice":"Card Removal","damage_taken":0,"max_hp_gain":0,"max_hp_loss":0,"event_name":"The Cleric","floor":8,"gold_loss":50},{"damage_healed":0,"gold_gain":0,"player_choice":"Grow","damage_taken":0,"max_hp_gain":0,"max_hp_loss":0,"event_name":"Living Wall","floor":11,"gold_loss":0,"cards_upgraded":["Terror"]},{"damage_healed":0,"gold_gain":0,"player_choice":"Inject Mutagens","damage_taken":0,"relics_obtained":["MutagenicStrength"],"max_hp_gain":0,"max_hp_loss":0,"event_name":"Drug Dealer","floor":19,"gold_loss":0},{"damage_healed":0,"gold_gain":0,"player_choice":"Copied","damage_taken":0,"max_hp_gain":0,"max_hp_loss":0,"event_name":"Duplicator","floor":21,"gold_loss":0,"cards_obtained":["Adrenaline"]},{"damage_healed":0,"gold_gain":0,"player_choice":"Paid","damage_taken":0,"relics_obtained":["Red Mask"],"max_hp_gain":0,"max_hp_loss":0,"event_name":"Tomb of Lord Red Mask","floor":38,"gold_loss":9},{"damage_healed":0,"gold_gain":0,"player_choice":"Embrace Madness","damage_taken":10,"max_hp_gain":0,"max_hp_loss":0,"event_name":"Winding Halls","floor":44,"gold_loss":0,"cards_obtained":["Madness","Madness"]},{"damage_healed":0,"gold_gain":0,"player_choice":"Memory 3","damage_taken":10,"max_hp_gain":0,"max_hp_loss":0,"event_name":"SensoryStone","floor":45,"gold_loss":0}],"is_beta":false,"boss_relics":[{"not_picked":["Coffee Dripper","Empty Cage"],"picked":"Fusion Hammer"},{"not_picked":["Snecko Eye","Cursed Key"],"picked":"Black Star"}],"items_purged_floors":[37],"is_endless":false,"potions_floor_spawned":[3,5,6,12,16,18,23,25,31,35,41,47],"killed_by":"Awakened One","ascension_level":5}