{"gold_per_floor":[117,42,121,133,54,54,54,87,142,142,166,166,201,219,219,296,296,312,227,247,89,102,102,129,1,72,72,91,123,123,148,148,225,225,245,260,83,101,101,101,112,127,199,299,328,328,359,372,372,372,372,372,372,29,60,60],"floor_reached":57,"playtime":2411,"items_purged":["Strike_B","Strike_B","Defend_B"],"score":3027,"play_id":"cdda568a-0443-469c-886c-a888911616ce","local_time":"20190423163419","is_ascension_mode":true,"campfire_choices":[{"data":"Zap","floor":6.0,"key":"SMITH"},{"data":"Recycle","floor":10.0,"key":"SMITH"},{"data":"Dualcast","floor":12.0,"key":"SMITH"},{"data":"Coolheaded","floor":15.0,"key":"SMITH"},{"data":"Defragment","floor":23.0,"key":"SMITH"},{"data":"Turbo","floor":27.0,"key":"SMITH"},{"data":"Coolheaded","floor":30.0,"key":"SMITH"},{"data":"Skim","floor":32.0,"key":"SMITH"},{"data":"Heatsinks","floor":40.0,"key":"SMITH"},{"data":"Defragment","floor":46.0,"key":"SMITH"},{"floor":49.0,"key":"RECALL"},{"data":"Hologram","floor":53.0,"key":"SMITH"}],"neow_cost":"NONE","seed_source_timestamp":2686348028722,"circlet_count":0,"master_deck":["AscendersBane","Defend_B","Defend_B","Zap+1","Dualcast+1","Tempest","Compile Driver","Biased Cognition","Recycle+1","Cold Snap","Glacier","Coolheaded+1","Echo Form","Defragment+1","Coolheaded+1","Core Surge+1","Turbo+1","Ball Lightning","Skim+1","Hologram+1","Thunder Strike+1","Defragment+1","Meteor Strike","Heatsinks+1","Undo+1","Blizzard","Capacitor"],"special_seed":0,"relics":["FrozenCore","NeowsBlessing","Cables","Question Card","PreservedInsect","Omamori","Gremlin Horn","Anchor","Meat on the Bone","Mercury Hourglass","Centennial Puzzle","Bag of Preparation","Eternal Feather","Bird Faced Urn","Letter Opener","Lantern","Whetstone"],"potions_floor_usage":[56],"damage_taken":[{"damage":0.0,"enemies":"Jaw Worm","floor":1.0,"turns":1.0},{"damage":0.0,"enemies":"Cultist","floor":4.0,"turns":1.0},{"damage":0.0,"enemies":"Lagavulin","floor":8.0,"turns":1.0},{"damage":0.0,"enemies":"Gremlin Nob","floor":13.0,"turns":2.0},{"damage":0.0,"enemies":"Small Slimes","floor":14.0,"turns":3.0},{"damage":4.0,"enemies":"The Guardian","floor":16.0,"turns":9.0},{"damage":0.0,"enemies":"Chosen","floor":18.0,"turns":6.0},{"damage":12.0,"enemies":"Spheric Guardian","floor":20.0,"turns":5.0},{"damage":3.0,"enemies":"Snake Plant","floor":22.0,"turns":4.0},{"damage":17.0,"enemies":"Book of Stabbing","floor":24.0,"turns":6.0},{"damage":2.0,"enemies":"Snecko","floor":28.0,"turns":5.0},{"damage":0.0,"enemies":"Gremlin Leader","floor":29.0,"turns":3.0},{"damage":0.0,"enemies":"Book of Stabbing","floor":31.0,"turns":5.0},{"damage":14.0,"enemies":"Champ","floor":33.0,"turns":6.0},{"damage":4.0,"enemies":"Orb Walker","floor":35.0,"turns":6.0},{"damage":0.0,"enemies":"3 Shapes","floor":36.0,"turns":5.0},{"damage":10.0,"enemies":"Jaw Worm Horde","floor":38.0,"turns":5.0},{"damage":27.0,"enemies":"Sphere and 2 Shapes","floor":41.0,"turns":4.0},{"damage":0.0,"enemies":"3 Darklings","floor":42.0,"turns":3.0},{"damage":0.0,"enemies":"Mind Bloom Boss Battle","floor":44.0,"turns":5.0},{"damage":1.0,"enemies":"Nemesis","floor":45.0,"turns":7.0},{"damage":0.0,"enemies":"Reptomancer","floor":47.0,"turns":5.0},{"damage":0.0,"enemies":"Writhing Mass","floor":48.0,"turns":5.0},{"damage":51.0,"enemies":"Donu and Deca","floor":50.0,"turns":12.0},{"damage":17.0,"enemies":"Awakened One","floor":51.0,"turns":8.0},{"damage":10.0,"enemies":"Shield and Spear","floor":55.0,"turns":3.0},{"damage":63,"enemies":"The Heart","floor":56,"turns":8}],"seed_played":"807415068050616004","potions_obtained":[{"floor":13.0,"key":"EssenceOfSteel"},{"floor":14.0,"key":"FocusPotion"},{"floor":16.0,"key":"LiquidBronze"},{"floor":35.0,"key":"PowerPotion"},{"floor":55.0,"key":"FairyPotion"}],"is_trial":false,"path_per_floor":["M","?","T","M","$","R","?","E","T","R","T","R","E","M","R","B",null,"M","?","M","$","M","R","E","$","T","R","M","E","R","E","R","B",null,"M","M","$","M","?","R","M","M","T","?","E","R","E","M","R","B","B",null,"R","$","E","B",null],"character_chosen":"DEFECT","items_purchased":["Biased Cognition","Defragment","Turbo","Meteor Strike","Whetstone","Swift Potion"],"campfire_rested":0,"item_purchase_floors":[5,21,25,37,54,54],"current_hp_per_floor":[64,64,64,64,64,64,64,64,64,64,64,64,64,64,64,60,68,68,68,56,56,53,53,36,36,36,36,46,46,46,46,46,44,64,60,60,60,50,50,65,38,38,38,38,45,60,68,71,71,42,41,64,71,71,61,24],"gold":60,"neow_bonus":"THREE_ENEMY_KILL","is_prod":false,"is_daily":false,"chose_seed":false,"campfire_upgraded":11,"win_rate":0,"timestamp":1556008459,"path_taken":["M","?","?","?","$","R","?","E","T","R","?","R","E","M","R","BOSS","M","?","M","$","M","R","E","$","T","R","M","E","R","E","R","BOSS","M","M","$","M","?","R","M","?","T","?","E","R","E","M","R","BOSS","BOSS","R","$","E","BOSS"],"build_version":"2019-01-23","purchased_purges":3,"victory":true,"max_hp_per_floor":[71,71,71,71,71,71,71,71,71,71,71,71,71,71,71,71,71,71,71,71,71,71,71,71,71,71,71,71,71,71,71,71,71,71,71,71,71,71,71,71,71,71,71,71,71,71,71,71,71,71,71,71,71,71,71,71],"card_choices":[{"not_picked":["Coolheaded","Compile Driver"],"picked":"Tempest","floor":1.0},{"not_picked":["Loop","Stack"],"picked":"Compile Driver","floor":4.0},{"not_picked":["Recycle","Capacitor"],"picked":"Cold Snap","floor":8.0},{"not_picked":["FTL","Streamline","Beam Cell"],"picked":"Glacier","floor":13.0},{"not_picked":["Conserve Battery","Leap","Go for the Eyes"],"picked":"Coolheaded","floor":14.0},{"not_picked":["Hyperbeam","Electrodynamics","Fission"],"picked":"Echo Form","floor":16.0},{"not_picked":["Hello World","Go for the Eyes","Conserve Battery","Steam Power"],"picked":"SKIP","floor":18.0},{"not_picked":["Sweeping Beam","Barrage","Hello World","Cold Snap"],"picked":"SKIP","floor":20.0},{"not_picked":["Force Field","Beam Cell","Self Repair"],"picked":"Coolheaded","floor":22.0},{"not_picked":["Coolheaded","Recycle","Gash+1"],"picked":"Core Surge","floor":24.0},{"not_picked":["Sweeping Beam","Conserve Battery","Go for the Eyes"],"picked":"Ball Lightning","floor":28.0},{"not_picked":["Chill","Hologram","Streamline"],"picked":"Skim","floor":29.0},{"not_picked":["Cold Snap","Darkness","Auto Shields+1"],"picked":"Hologram","floor":31.0},{"not_picked":["Echo Form","Amplify","Rainbow"],"picked":"Thunder Strike","floor":33.0},{"not_picked":["Doom and Gloom","Ball Lightning+1","Darkness","Force Field+1"],"picked":"SKIP","floor":35.0},{"not_picked":["Genetic Algorithm+1","Ball Lightning","Glacier"],"picked":"Defragment","floor":36.0},{"not_picked":["Auto Shields","Turbo","Barrage+1"],"picked":"Heatsinks","floor":38.0},{"not_picked":["BootSequence","Capacitor+1","FTL"],"picked":"Undo+1","floor":41.0},{"not_picked":["Streamline","Leap","Barrage+1","Rebound+1"],"picked":"SKIP","floor":42.0},{"not_picked":["Rainbow","Steam","Coolheaded"],"picked":"Blizzard","floor":45.0},{"not_picked":["Thunder Strike","Coolheaded","Steam","Barrage"],"picked":"SKIP","floor":47.0},{"not_picked":["Go for the Eyes","Turbo+1","Gash"],"picked":"Capacitor","floor":48.0},{"not_picked":["Force Field+1","Steam Power","Steam","Glacier"],"picked":"SKIP","floor":55.0}],"player_experience":1452678,"relics_obtained":[{"floor":3.0,"key":"Cables"},{"floor":8.0,"key":"Question Card"},{"floor":9.0,"key":"PreservedInsect"},{"floor":11.0,"key":"Omamori"},{"floor":13.0,"key":"Gremlin Horn"},{"floor":24.0,"key":"Meat on the Bone"},{"floor":26.0,"key":"Mercury Hourglass"},{"floor":29.0,"key":"Centennial Puzzle"},{"floor":31.0,"key":"Bag of Preparation"},{"floor":44.0,"key":"Bird Faced Urn"},{"floor":45.0,"key":"Letter Opener"},{"floor":47.0,"key":"Lantern"}],"event_choices":[{"cards_removed":["Strike_B"],"damage_healed":0.0,"max_hp_gain":0.0,"max_hp_loss":0.0,"gold_gain":0.0,"event_name":"The Cleric","player_choice":"Card Removal","floor":2.0,"gold_loss":75.0,"damage_taken":0.0},{"damage_healed":0.0,"max_hp_gain":0.0,"max_hp_loss":0.0,"gold_gain":0.0,"cards_transformed":["Strike_B"],"event_name":"Living Wall","player_choice":"Change","floor":7.0,"gold_loss":0.0,"damage_taken":0.0,"cards_obtained":["Recycle"]},{"damage_healed":0.0,"max_hp_gain":0.0,"max_hp_loss":0.0,"gold_gain":0.0,"event_name":"Addict","player_choice":"Obtained Relic","floor":19.0,"gold_loss":85.0,"damage_taken":0.0,"relics_obtained":["Anchor"]},{"cards_removed":["Defend_B"],"damage_healed":0.0,"max_hp_gain":0.0,"max_hp_loss":0.0,"gold_gain":0.0,"event_name":"Bonfire Elementals","player_choice":"Offered Basic","floor":39.0,"gold_loss":0.0,"damage_taken":0.0},{"damage_healed":0.0,"max_hp_gain":0.0,"max_hp_loss":0.0,"gold_gain":0.0,"event_name":"MindBloom","player_choice":"Fight","floor":44.0,"gold_loss":0.0,"damage_taken":0.0}],"is_beta":false,"boss_relics":[{"not_picked":["Cursed Key","Calling Bell"],"picked":"FrozenCore"},{"not_picked":["Busted Crown","Snecko Eye"],"picked":"Eternal Feather"}],"items_purged_floors":[21,25,54],"is_endless":false,"potions_floor_spawned":[13,14,16,20,24,31,33,35,36,38,42,45,55],"ascension_level":20}