{"gold_per_floor":[112,262,109,129,43,43,78,98,98,98,108,108,119,139,139,139],"floor_reached":16,"playtime":407,"items_purged":["Doubt"],"score":254,"play_id":"3835bd3c-2666-4dc4-9371-48fe82567d8d","local_time":"20190303132422","is_ascension_mode":true,"campfire_choices":[{"data":"Storm of Steel","floor":6.0,"key":"SMITH"},{"data":"Footwork","floor":12,"key":"SMITH"},{"floor":15,"key":"REST"}],"neow_cost":"NONE","seed_source_timestamp":0,"circlet_count":0,"master_deck":["AscendersBane","Defend_G","Defend_G","Defend_G","Defend_G","Defend_G","Strike_G","Strike_G","Strike_G","Strike_G","Strike_G","Survivor","Neutralize","Blade Dance","Storm of Steel+1","Flechettes","Footwork+1","Distraction","Blade Dance","Tactician","Parasite","Outmaneuver","Dodge and Roll","Envenom"],"special_seed":0,"relics":["Ring of the Snake","NeowsBlessing","Question Card","Singing Bowl"],"potions_floor_usage":[11,14],"damage_taken":[{"damage":0.0,"enemies":"Jaw Worm","floor":1.0,"turns":1.0},{"damage":0.0,"enemies":"Small Slimes","floor":4.0,"turns":1.0},{"damage":0.0,"enemies":"3 Sentries","floor":7.0,"turns":1.0},{"damage":0.0,"enemies":"Cultist","floor":8.0,"turns":1.0},{"damage":9,"enemies":"Exordium Thugs","floor":11,"turns":2},{"damage":26,"enemies":"Large Slime","floor":13,"turns":6},{"damage":0,"enemies":"Gremlin Gang","floor":14,"turns":3},{"damage":48,"enemies":"The Guardian","floor":16,"turns":11}],"seed_played":"-1998734782589153579","potions_obtained":[{"floor":4.0,"key":"PowerPotion"},{"floor":7.0,"key":"AttackPotion"}],"is_trial":false,"path_per_floor":["M","?","$","M","$","R","E","M","T","?","M","R","M","M","R","B"],"character_chosen":"THE_SILENT","items_purchased":["Storm of Steel","Footwork"],"campfire_rested":1,"item_purchase_floors":[3,5],"current_hp_per_floor":[59,59,59,59,59,59,59,59,59,59,50,50,26,26,46,0],"gold":139,"neow_bonus":"THREE_ENEMY_KILL","is_prod":false,"is_daily":false,"chose_seed":false,"campfire_upgraded":2,"win_rate":0,"timestamp":1551637462,"path_taken":["M","?","?","M","$","R","E","?","T","?","M","R","?","M","R","BOSS"],"build_version":"2019-01-23","purchased_purges":1,"victory":false,"max_hp_per_floor":[66,66,66,66,66,66,66,66,66,66,66,66,68,68,68,68],"card_choices":[{"not_picked":["Bane","Underhanded Strike"],"picked":"Blade Dance","floor":1.0},{"not_picked":["Caltrops","Concentrate"],"picked":"Flechettes","floor":4.0},{"not_picked":["Flechettes","Cloak And Dagger"],"picked":"Distraction","floor":7.0},{"not_picked":["Deadly Poison","Dodge and Roll","Quick Slash"],"picked":"Blade Dance","floor":8.0},{"not_picked":["Endless Agony","Deflect","Cloak And Dagger"],"picked":"Dodge and Roll","floor":11},{"not_picked":["Skewer","Heel Hook","Dodge and Roll","Sucker Punch"],"picked":"Singing Bowl","floor":13},{"not_picked":["Blade Dance","Dagger Spray","Sucker Punch"],"picked":"Envenom","floor":14}],"player_experience":851698,"relics_obtained":[{"floor":7.0,"key":"Question Card"},{"floor":9.0,"key":"Singing Bowl"}],"event_choices":[{"damage_healed":0.0,"max_hp_gain":0.0,"max_hp_loss":0.0,"gold_gain":150.0,"event_name":"Liars Game","player_choice":"AGREE","floor":2.0,"gold_loss":0.0,"damage_taken":0.0,"cards_obtained":["Doubt"]},{"damage_healed":0.0,"max_hp_gain":0.0,"max_hp_loss":0.0,"gold_gain":0.0,"event_name":"Match and Keep!","player_choice":"3 cards matched","floor":10.0,"gold_loss":0.0,"damage_taken":0.0,"cards_obtained":["Tactician","Parasite","Outmaneuver"]}],"is_beta":false,"boss_relics":[],"items_purged_floors":[3],"is_endless":false,"potions_floor_spawned":[4,7],"killed_by":"The Guardian","ascension_level":20}