{"gold_per_floor":[111,286,236,236,46,46,46,46,99,99,142,142,178,193,193,318,318,341,384,384],"floor_reached":20,"playtime":641,"items_purged":[],"score":305,"play_id":"089d8c1b-d4ac-4249-bf4a-1289673a9ed7","local_time":"20190401175143","is_ascension_mode":true,"campfire_choices":[{"data":"Predator","floor":6,"key":"SMITH"},{"floor":8,"key":"RECALL"},{"data":"Neutralize","floor":10,"key":"SMITH"},{"data":"Envenom","floor":12,"key":"SMITH"},{"data":"Footwork","floor":15,"key":"SMITH"}],"neow_cost":"NONE","seed_source_timestamp":1674296007344025,"circlet_count":0,"master_deck":["Defend_G","Defend_G","Defend_G","Defend_G","Defend_G","Strike_G","Strike_G","Strike_G","Strike_G","Strike_G","Survivor","Neutralize+1","Predator+1","Injury","Envenom+1","Footwork+1","All Out Attack","A Thousand Cuts","Blur","Riddle With Holes"],"relics":["Ring of the Snake","NeowsBlessing","Golden Idol","Lee\u0027s Waffle","Orichalcum","Omamori","Juzu Bracelet","Torii","Fusion Hammer","Red Mask"],"potions_floor_usage":[16],"damage_taken":[{"damage":0,"enemies":"Small Slimes","floor":1,"turns":1},{"damage":0,"enemies":"Lagavulin","floor":11,"turns":1},{"damage":0,"enemies":"3 Sentries","floor":13,"turns":2},{"damage":0,"enemies":"2 Louse","floor":14,"turns":2},{"damage":20,"enemies":"Hexaghost","floor":16,"turns":9},{"damage":3,"enemies":"Shell Parasite","floor":18,"turns":6},{"damage":43,"enemies":"Masked Bandits","floor":19,"turns":7},{"damage":30,"enemies":"Colosseum Slavers","floor":20,"turns":4}],"seed_played":"-8237883383949169993","potions_obtained":[{"floor":1,"key":"Poison Potion"}],"is_trial":false,"path_per_floor":["M","?","?","?","$","R","?","R","T","R","E","R","E","M","R","B",null,"M","?","?"],"character_chosen":"THE_SILENT","items_purchased":["Lee\u0027s Waffle"],"campfire_rested":0,"item_purchase_floors":[5],"current_hp_per_floor":[63,63,63,63,77,77,77,77,77,77,77,77,77,77,77,57,72,69,26,0],"gold":384,"neow_bonus":"THREE_ENEMY_KILL","is_prod":false,"is_daily":false,"chose_seed":false,"campfire_upgraded":4,"win_rate":0,"timestamp":1554166303,"path_taken":["M","?","?","?","$","R","?","R","T","R","E","R","E","M","R","BOSS","M","?","?"],"build_version":"2019-01-23","purchased_purges":0,"victory":false,"max_hp_per_floor":[70,70,70,70,77,77,77,77,77,77,77,77,77,77,77,77,77,77,77,77],"card_choices":[{"not_picked":["Concentrate","Flechettes"],"picked":"Predator","floor":1},{"not_picked":["Well Laid Plans","Outmaneuver"],"picked":"Envenom","floor":11},{"not_picked":["Blade Dance","Sucker Punch"],"picked":"Footwork","floor":13},{"not_picked":["Acrobatics","Quick Slash"],"picked":"All Out Attack","floor":14},{"not_picked":["Envenom","Glass Knife"],"picked":"A Thousand Cuts","floor":16},{"not_picked":["PiercingWail","Backstab"],"picked":"Blur","floor":18},{"not_picked":["Flechettes+1","Slice"],"picked":"Riddle With Holes","floor":19}],"player_experience":427744,"relics_obtained":[{"floor":7,"key":"Orichalcum"},{"floor":9,"key":"Omamori"},{"floor":11,"key":"Juzu Bracelet"},{"floor":13,"key":"Torii"},{"floor":19,"key":"Red Mask"}],"event_choices":[{"damage_healed":0,"gold_gain":175,"player_choice":"AGREE","damage_taken":0,"max_hp_gain":0,"max_hp_loss":0,"event_name":"Liars Game","floor":2,"gold_loss":0,"cards_obtained":["Doubt"]},{"cards_removed":["Doubt"],"damage_healed":0,"gold_gain":0,"player_choice":"Card Removal","damage_taken":0,"max_hp_gain":0,"max_hp_loss":0,"event_name":"The Cleric","floor":3,"gold_loss":50},{"damage_healed":0,"gold_gain":0,"player_choice":"Take Wound","damage_taken":0,"relics_obtained":["Golden Idol"],"max_hp_gain":0,"max_hp_loss":0,"event_name":"Golden Idol","floor":4,"gold_loss":0,"cards_obtained":["Injury"]},{"damage_healed":0,"gold_gain":0,"player_choice":"Relic","damage_taken":0,"max_hp_gain":0,"max_hp_loss":0,"event_name":"Wheel of Change","floor":7,"gold_loss":0},{"damage_healed":0,"gold_gain":0,"player_choice":"Fought Bandits","damage_taken":0,"max_hp_gain":0,"max_hp_loss":0,"event_name":"Masked Bandits","floor":19,"gold_loss":0},{"damage_healed":0,"gold_gain":0,"player_choice":"Fight","damage_taken":0,"max_hp_gain":0,"max_hp_loss":0,"event_name":"Colosseum","floor":20,"gold_loss":0}],"is_beta":false,"boss_relics":[{"not_picked":["Ectoplasm","Orrery"],"picked":"Fusion Hammer"}],"items_purged_floors":[],"is_endless":false,"potions_floor_spawned":[1],"killed_by":"Colosseum Slavers","ascension_level":7}