{"gold_per_floor":[115,134,134,151,168,168,182,207,256,256,16,26,26,53,53,149,149,164,178,102,102,102,135,64,64,91,91,104,118,136,136,136,136],"floor_reached":33,"playtime":1604,"items_purged":[],"score":269,"play_id":"779c2739-653a-4743-9d27-04f4d2c44467","local_time":"20190406151237","is_ascension_mode":false,"campfire_choices":[{"floor":6,"key":"REST"},{"floor":13,"key":"RECALL"},{"floor":15,"key":"REST"},{"floor":25,"key":"REST"},{"floor":27,"key":"REST"},{"floor":32,"key":"REST"}],"neow_cost":"CURSE","seed_source_timestamp":250997193404073,"circlet_count":0,"master_deck":["Strike_B","Strike_B","Strike_B","Strike_B","Defend_B","Defend_B","Defend_B","Defend_B","Zap","Dualcast","Darkness","Turbo","BootSequence","Melter","Static Discharge","Pain","Auto Shields","Turbo","Seek","Rainbow","White Noise","Barrage","Consume","Loop","Defragment","Redo","Conserve Battery+1","Streamline+1"],"relics":["Cracked Core","Oddly Smooth Stone","WarpedTongs","Runic Capacitor","Regal Pillow","Cursed Key","Omamori","Smiling Mask","Potion Belt"],"potions_floor_usage":[14,22,23],"damage_taken":[{"damage":5,"enemies":"Cultist","floor":1,"turns":4},{"damage":21,"enemies":"Small Slimes","floor":2,"turns":6},{"damage":11,"enemies":"Jaw Worm","floor":4,"turns":2},{"damage":0,"enemies":"Large Slime","floor":5,"turns":4},{"damage":6,"enemies":"Lots of Slimes","floor":7,"turns":4},{"damage":3,"enemies":"Red Slaver","floor":12,"turns":4},{"damage":46,"enemies":"Lagavulin","floor":14,"turns":10},{"damage":52,"enemies":"Hexaghost","floor":16,"turns":9},{"damage":13,"enemies":"Chosen","floor":18,"turns":5},{"damage":6,"enemies":"Shell Parasite","floor":19,"turns":5},{"damage":0,"enemies":"3 Cultists","floor":22,"turns":1},{"damage":65,"enemies":"Gremlin Leader","floor":23,"turns":6},{"damage":23,"enemies":"Shelled Parasite and Fungi","floor":28,"turns":4},{"damage":20,"enemies":"Centurion and Healer","floor":29,"turns":6},{"damage":33,"enemies":"Snake Plant","floor":30,"turns":3},{"damage":63,"enemies":"Automaton","floor":33,"turns":6}],"seed_played":"3281250985255367549","potions_obtained":[{"floor":2,"key":"PowerPotion"},{"floor":4,"key":"Weak Potion"},{"floor":7,"key":"FocusPotion"},{"floor":14,"key":"AttackPotion"},{"floor":21,"key":"SmokeBomb"},{"floor":28,"key":"Block Potion"},{"floor":30,"key":"Strength Potion"}],"is_trial":false,"path_per_floor":["M","M","?","M","M","R","M","T","T","?","$","M","R","E","R","B",null,"M","M","$","?","M","E","$","R","T","R","M","M","M","T","R","B"],"character_chosen":"DEFECT","items_purchased":["Runic Capacitor","Auto Shields","Consume","Defragment"],"campfire_rested":5,"item_purchase_floors":[11,11,20,24],"current_hp_per_floor":[84,63,63,52,52,78,72,72,72,72,72,69,69,23,64,12,89,76,70,70,70,70,5,5,46,46,87,64,44,11,11,52,0],"gold":136,"neow_bonus":"TWENTY_PERCENT_HP_BONUS","is_prod":false,"is_daily":false,"chose_seed":false,"campfire_upgraded":0,"win_rate":0,"timestamp":1554588757,"path_taken":["M","?","?","?","M","R","M","?","T","?","$","M","R","E","R","BOSS","M","?","?","?","M","E","$","R","T","R","M","M","?","?","R","BOSS"],"build_version":"2019-01-23","purchased_purges":0,"victory":false,"max_hp_per_floor":[89,89,89,89,89,89,89,89,89,89,89,89,89,89,89,89,89,89,89,89,89,89,89,89,89,89,89,89,89,89,89,89,89],"card_choices":[{"not_picked":["Auto Shields","Genetic Algorithm"],"picked":"Darkness","floor":1},{"not_picked":["Gash","White Noise"],"picked":"Turbo","floor":2},{"not_picked":["Compile Driver","Reprogram"],"picked":"BootSequence","floor":4},{"not_picked":["Gash","Conserve Battery"],"picked":"Melter","floor":5},{"not_picked":["Steam","Chaos"],"picked":"Static Discharge","floor":7},{"not_picked":["Static Discharge","Ball Lightning"],"picked":"Turbo","floor":12},{"not_picked":["Sweeping Beam","Aggregate"],"picked":"Seek","floor":14},{"not_picked":["Echo Form","Multi-Cast"],"picked":"Rainbow","floor":16},{"not_picked":["Leap","Go for the Eyes+1"],"picked":"White Noise","floor":18},{"not_picked":["Conserve Battery","Auto Shields"],"picked":"Barrage","floor":19},{"not_picked":["White Noise","Force Field"],"picked":"Loop","floor":23},{"not_picked":["Turbo","Rebound"],"picked":"Redo","floor":28},{"not_picked":["Turbo","Ball Lightning"],"picked":"Conserve Battery+1","floor":29},{"not_picked":["Barrage","Compile Driver"],"picked":"Streamline+1","floor":30}],"player_experience":496698,"relics_obtained":[{"floor":9,"key":"Oddly Smooth Stone"},{"floor":14,"key":"Regal Pillow"},{"floor":23,"key":"Omamori"},{"floor":26,"key":"Smiling Mask"},{"floor":31,"key":"Potion Belt"}],"event_choices":[{"cards_removed":["Doubt"],"damage_healed":0,"gold_gain":0,"player_choice":"Removed Curses","damage_taken":0,"max_hp_gain":0,"max_hp_loss":0,"event_name":"Fountain of Cleansing","floor":3,"gold_loss":0},{"damage_healed":0,"gold_gain":0,"player_choice":"Rummage","damage_taken":0,"relics_obtained":["WarpedTongs"],"max_hp_gain":0,"max_hp_loss":0,"event_name":"Accursed Blacksmith","floor":10,"gold_loss":0,"cards_obtained":["Pain"]},{"damage_healed":0,"gold_gain":0,"player_choice":"Got Potions","damage_taken":0,"max_hp_gain":0,"max_hp_loss":0,"event_name":"Lab","floor":21,"gold_loss":0}],"is_beta":false,"boss_relics":[{"not_picked":["Coffee Dripper","Ectoplasm"],"picked":"Cursed Key"}],"items_purged_floors":[],"is_endless":false,"potions_floor_spawned":[2,4,7,14,22,28,30],"killed_by":"Automaton","ascension_level":0}