{"gold_per_floor":[119,44,62,74,74,74,99,99,144,176,191,191,191,211,211,289,289,304,330,330,330,348,348,361,361,361,20,20,20,20],"floor_reached":30,"playtime":647,"items_purged":["Strike_B"],"score":472,"play_id":"a1d90662-ef6c-425f-88d2-f42db1b016ef","local_time":"20190301154405","is_ascension_mode":true,"campfire_choices":[{"data":"Defragment","floor":6,"key":"SMITH"},{"data":"Zap","floor":8,"key":"SMITH"},{"data":"Dualcast","floor":12,"key":"SMITH"},{"data":"Go for the Eyes","floor":15,"key":"SMITH"},{"data":"Ghostly","floor":23,"key":"SMITH"},{"data":"Coolheaded","floor":25,"key":"SMITH"},{"data":"Hologram","floor":29,"key":"SMITH"}],"neow_cost":"NONE","seed_source_timestamp":86882337383624,"circlet_count":0,"master_deck":["AscendersBane","Strike_B+1","Strike_B","Strike_B+1","Defend_B","Defend_B","Defend_B","Defend_B","Zap+1","Dualcast+1","Go for the Eyes+1","Blizzard+1","Defragment+1","FTL","Turbo","White Noise","Conserve Battery","Core Surge","Cold Snap","Ghostly+1","Ghostly","Ghostly","Steam+1","Coolheaded+1","Defragment+1","Hologram+1"],"relics":["Cracked Core","NeowsBlessing","CultistMask","Bronze Scales","Centennial Puzzle","Whetstone","Runic Pyramid","Red Mask","Meat on the Bone","OrangePellets"],"potions_floor_usage":[7,16,16,19,30],"damage_taken":[{"damage":0,"enemies":"Small Slimes","floor":1,"turns":1},{"damage":0,"enemies":"Cultist","floor":3,"turns":1},{"damage":0,"enemies":"Jaw Worm","floor":4,"turns":1},{"damage":14,"enemies":"Lagavulin","floor":7,"turns":7},{"damage":45,"enemies":"3 Sentries","floor":10,"turns":8},{"damage":0,"enemies":"Blue Slaver","floor":11,"turns":2},{"damage":7,"enemies":"Large Slime","floor":14,"turns":3},{"damage":7,"enemies":"The Guardian","floor":16,"turns":8},{"damage":1,"enemies":"Spheric Guardian","floor":18,"turns":4},{"damage":38,"enemies":"Masked Bandits","floor":19,"turns":4},{"damage":1,"enemies":"3 Byrds","floor":22,"turns":3},{"damage":10,"enemies":"3 Cultists","floor":24,"turns":6},{"damage":10,"enemies":"Shelled Parasite and Fungi","floor":30,"turns":1}],"seed_played":"-1622982541985243030","potions_obtained":[{"floor":3,"key":"Block Potion"},{"floor":10,"key":"PowerPotion"},{"floor":14,"key":"AttackPotion"},{"floor":18,"key":"SkillPotion"},{"floor":24,"key":"EssenceOfSteel"}],"is_trial":false,"path_per_floor":["M","$","M","M","?","R","E","R","T","E","M","R","?","M","R","B",null,"M","?","?","?","M","R","M","R","T","$","?","R","M"],"character_chosen":"DEFECT","items_purchased":["OrangePellets","Defragment","Hologram"],"campfire_rested":0,"item_purchase_floors":[27,27,27],"current_hp_per_floor":[64,64,64,64,64,64,50,50,50,5,5,5,28,21,21,14,57,56,18,18,18,17,17,7,7,7,7,7,7,0],"gold":20,"neow_bonus":"THREE_ENEMY_KILL","is_prod":false,"is_daily":false,"chose_seed":false,"campfire_upgraded":7,"win_rate":0,"timestamp":1551426245,"path_taken":["M","$","M","M","?","R","E","R","T","E","?","R","?","M","R","BOSS","M","?","?","?","?","R","?","R","T","$","?","R","M"],"build_version":"2019-01-23","purchased_purges":1,"victory":false,"max_hp_per_floor":[71,71,71,71,71,71,71,71,71,71,71,71,71,71,71,71,71,71,71,35,35,35,35,35,35,35,35,35,35,35],"card_choices":[{"not_picked":["Gash","Redo"],"picked":"Go for the Eyes","floor":1},{"not_picked":["Heatsinks","Ball Lightning"],"picked":"Blizzard","floor":3},{"not_picked":["Barrage","Hologram"],"picked":"Defragment","floor":4},{"not_picked":["Rip and Tear","Go for the Eyes"],"picked":"FTL","floor":7},{"not_picked":["Hologram","BootSequence"],"picked":"Turbo","floor":10},{"not_picked":["Sweeping Beam","Stack"],"picked":"White Noise","floor":11},{"not_picked":["Go for the Eyes","Stack"],"picked":"Conserve Battery","floor":14},{"not_picked":["Amplify","Reboot"],"picked":"Core Surge","floor":16},{"not_picked":["Go for the Eyes","Beam Cell"],"picked":"Cold Snap","floor":18},{"not_picked":["Go for the Eyes","Beam Cell"],"picked":"Steam+1","floor":22},{"not_picked":["Rebound","Creative AI"],"picked":"Coolheaded","floor":24}],"player_experience":1051446,"relics_obtained":[{"floor":7,"key":"Bronze Scales"},{"floor":9,"key":"Centennial Puzzle"},{"floor":10,"key":"Whetstone"},{"floor":19,"key":"Red Mask"},{"floor":26,"key":"Meat on the Bone"}],"event_choices":[{"damage_healed":0,"gold_gain":0,"player_choice":"Trade","damage_taken":0,"relics_obtained":["CultistMask"],"max_hp_gain":0,"max_hp_loss":0,"event_name":"FaceTrader","floor":5,"gold_loss":0},{"damage_healed":23,"gold_gain":0,"player_choice":"Banana","damage_taken":0,"max_hp_gain":0,"max_hp_loss":0,"event_name":"Big Fish","floor":13,"gold_loss":0},{"damage_healed":0,"gold_gain":0,"player_choice":"Fought Bandits","damage_taken":0,"max_hp_gain":0,"max_hp_loss":0,"event_name":"Masked Bandits","floor":19,"gold_loss":0},{"damage_healed":0,"gold_gain":0,"player_choice":"Became a Ghost","damage_taken":0,"max_hp_gain":0,"max_hp_loss":36,"event_name":"Ghosts","floor":20,"gold_loss":0,"cards_obtained":["Ghostly","Ghostly","Ghostly"]},{"damage_healed":0,"gold_gain":0,"player_choice":"Upgraded","damage_taken":0,"max_hp_gain":0,"max_hp_loss":0,"event_name":"Upgrade Shrine","floor":21,"gold_loss":0,"cards_upgraded":["Blizzard"]},{"damage_healed":0,"gold_gain":0,"player_choice":"Forge","damage_taken":0,"max_hp_gain":0,"max_hp_loss":0,"event_name":"Accursed Blacksmith","floor":28,"gold_loss":0,"cards_upgraded":["Defragment"]}],"is_beta":false,"boss_relics":[{"not_picked":["Tiny House","Snecko Eye"],"picked":"Runic Pyramid"}],"items_purged_floors":[2],"is_endless":false,"potions_floor_spawned":[3,10,14,18,24],"killed_by":"Shelled Parasite and Fungi","ascension_level":20}