{"gold_per_floor":[118,118,88,98,111,111,142,36,36,64,64,78,0,20,20,94,94,106,56,5,19,19,19,54,54,134,134,134,147,164,182,182,254,254,273,273,273,273,284,284,310,329,353,353,353,353,96,115,115,115,115],"floor_reached":51,"playtime":2293,"items_purged":[],"score":1331,"play_id":"11adc7c6-b6cd-4727-bdea-3575c5282f4b","local_time":"20190129140632","is_ascension_mode":true,"campfire_choices":[{"data":"Iron Wave","floor":6.0,"key":"SMITH"},{"data":"Flex","floor":11.0,"key":"SMITH"},{"data":"Blood for Blood","floor":15.0,"key":"SMITH"},{"data":"Heavy Blade","floor":23.0,"key":"SMITH"},{"floor":25.0,"key":"REST"},{"data":"Brutality","floor":28.0,"key":"SMITH"},{"data":"Flex","floor":32.0,"key":"SMITH"},{"data":"Cleave","floor":40.0,"key":"SMITH"},{"floor":45.0,"key":"REST"},{"data":"Whirlwind","floor":49.0,"key":"SMITH"}],"neow_cost":"NONE","seed_source_timestamp":0,"circlet_count":0,"master_deck":["AscendersBane","Strike_R","Strike_R","Defend_R","Defend_R+1","Defend_R","Bash+1","Iron Wave+1","Brutality+1","Feel No Pain","True Grit","Rupture","Warcry","Flex+1","Sword Boomerang","Fiend Fire","Blood for Blood+1","Offering+1","Double Tap+1","Entrench+1","Limit Break+1","Infernal Blade+1","Twin Strike","Heavy Blade+1","Anger","Warcry","Feel No Pain+1","Flex+1","Exhume","Bandage Up","Cleave+1","Flame Barrier","Rupture+1","Whirlwind+1","Impervious","Juggernaut+1"],"special_seed":0,"relics":["Black Blood","NeowsBlessing","Letter Opener","Frozen Egg 2","Lantern","Astrolabe","Red Skull","Meat on the Bone","Strawberry","Bronze Scales"],"potions_floor_usage":[],"damage_taken":[{"damage":0.0,"enemies":"Jaw Worm","floor":1.0,"turns":1.0},{"damage":0.0,"enemies":"Small Slimes","floor":4.0,"turns":1.0},{"damage":0.0,"enemies":"Cultist","floor":5.0,"turns":1.0},{"damage":31.0,"enemies":"Lagavulin","floor":7.0,"turns":6.0},{"damage":29.0,"enemies":"3 Sentries","floor":10.0,"turns":9.0},{"damage":4.0,"enemies":"Red Slaver","floor":12.0,"turns":3.0},{"damage":11.0,"enemies":"Blue Slaver","floor":14.0,"turns":4.0},{"damage":24.0,"enemies":"Hexaghost","floor":16.0,"turns":7.0},{"damage":21.0,"enemies":"3 Byrds","floor":18.0,"turns":4.0},{"damage":6.0,"enemies":"Spheric Guardian","floor":21.0,"turns":1.0},{"damage":13.0,"enemies":"Book of Stabbing","floor":24.0,"turns":3.0},{"damage":16.0,"enemies":"Cultist and Chosen","floor":29.0,"turns":5.0},{"damage":17.0,"enemies":"Centurion and Healer","floor":30.0,"turns":4.0},{"damage":13.0,"enemies":"Snake Plant","floor":31.0,"turns":4.0},{"damage":35.0,"enemies":"Collector","floor":33.0,"turns":6.0},{"damage":10.0,"enemies":"Orb Walker","floor":35.0,"turns":4.0},{"damage":47.0,"enemies":"3 Shapes","floor":39.0,"turns":4.0},{"damage":47.0,"enemies":"Nemesis","floor":41.0,"turns":7.0},{"damage":19.0,"enemies":"3 Darklings","floor":42.0,"turns":2.0},{"damage":13.0,"enemies":"Spire Growth","floor":48.0,"turns":2.0},{"damage":43.0,"enemies":"Donu and Deca","floor":50.0,"turns":7.0},{"damage":61,"enemies":"Time Eater","floor":51,"turns":3}],"seed_played":"4270362056644178685","potions_obtained":[{"floor":3.0,"key":"SteroidPotion"},{"floor":3.0,"key":"PowerPotion"},{"floor":4.0,"key":"Regen Potion"},{"floor":10.0,"key":"Strength Potion"},{"floor":16.0,"key":"Weak Potion"},{"floor":18.0,"key":"Dexterity Potion"},{"floor":21.0,"key":"GamblersBrew"},{"floor":39.0,"key":"Fire Potion"},{"floor":48.0,"key":"BloodPotion"}],"is_trial":false,"path_per_floor":["M","?","?","M","M","R","E","$","T","E","R","M","$","M","R","B",null,"M","?","$","M","$","R","E","R","T","?","R","M","M","M","R","B",null,"M","?","$","?","M","R","E","M","T","?","R","?","$","M","R","B","B"],"character_chosen":"IRONCLAD","items_purchased":["Rupture","Warcry","Fiend Fire","Twin Strike","Whirlwind","Impervious"],"campfire_rested":2,"item_purchase_floors":[8,8,13,20,47,47],"current_hp_per_floor":[74,74,74,75,75,75,57,57,57,34,34,36,36,31,31,13,60,45,45,45,45,45,45,38,60,60,60,60,50,51,44,44,27,63,63,63,63,63,46,46,32,35,35,35,58,58,58,55,55,45,0],"gold":115,"neow_bonus":"THREE_ENEMY_KILL","is_prod":false,"is_daily":false,"chose_seed":false,"campfire_upgraded":8,"win_rate":0,"timestamp":1548788792,"path_taken":["M","?","?","M","?","R","E","?","T","E","R","M","$","M","R","BOSS","M","?","$","M","?","R","E","R","T","?","R","?","M","M","R","BOSS","M","?","$","?","M","R","E","M","T","?","R","?","$","M","R","BOSS","BOSS"],"build_version":"2019-01-23","purchased_purges":0,"victory":false,"max_hp_per_floor":[75,75,75,75,75,75,75,75,75,75,75,75,75,75,75,75,75,75,75,75,75,75,75,75,75,75,75,75,75,75,75,75,75,75,75,75,75,75,75,75,82,82,82,78,78,78,78,78,78,78,78],"card_choices":[{"not_picked":["Shrug It Off","Clash"],"picked":"Iron Wave","floor":1.0},{"not_picked":["True Grit","Iron Wave"],"picked":"Brutality","floor":4.0},{"not_picked":["Uppercut","Sword Boomerang"],"picked":"Feel No Pain","floor":5.0},{"not_picked":["Anger","Shrug It Off"],"picked":"True Grit","floor":7.0},{"not_picked":["Carnage","Metallicize+1"],"picked":"Flex","floor":10.0},{"not_picked":["Body Slam","Shrug It Off"],"picked":"Sword Boomerang","floor":12.0},{"not_picked":["Thunderclap","Headbutt"],"picked":"Blood for Blood","floor":14.0},{"not_picked":["Exhume","Fiend Fire"],"picked":"Offering","floor":16.0},{"not_picked":["Shrug It Off","Flex"],"picked":"Infernal Blade+1","floor":18.0},{"not_picked":["Bloodletting","True Grit"],"picked":"Heavy Blade","floor":21.0},{"not_picked":["Uppercut","Shrug It Off","Headbutt"],"picked":"SKIP","floor":24.0},{"not_picked":["True Grit","Shrug It Off+1"],"picked":"Warcry","floor":29.0},{"not_picked":["Whirlwind","Perfected Strike+1"],"picked":"Feel No Pain+1","floor":30.0},{"not_picked":["Sentinel","Cleave"],"picked":"Flex","floor":31.0},{"not_picked":["Barricade+1","Feed"],"picked":"Exhume","floor":33.0},{"not_picked":["Clothesline","Anger","Seeing Red"],"picked":"SKIP","floor":35.0},{"not_picked":["Mind Blast","Blind"],"picked":"Bandage Up","floor":38.0},{"not_picked":["Feel No Pain+1","Clash+1"],"picked":"Cleave","floor":39.0},{"not_picked":["Clash","Perfected Strike"],"picked":"Flame Barrier","floor":41.0},{"not_picked":["Warcry","Perfected Strike"],"picked":"Rupture+1","floor":42.0},{"not_picked":["Thunderclap","Wild Strike+1"],"picked":"Juggernaut+1","floor":48.0}],"player_experience":809273,"relics_obtained":[{"floor":7.0,"key":"Letter Opener"},{"floor":9.0,"key":"Frozen Egg 2"},{"floor":10.0,"key":"Lantern"},{"floor":24.0,"key":"Red Skull"},{"floor":26.0,"key":"Meat on the Bone"},{"floor":41.0,"key":"Strawberry"},{"floor":43.0,"key":"Bronze Scales"}],"event_choices":[{"damage_healed":0.0,"max_hp_gain":0.0,"max_hp_loss":0.0,"gold_gain":0.0,"event_name":"Living Wall","player_choice":"Grow","floor":2.0,"gold_loss":0.0,"damage_taken":0.0,"cards_upgraded":["Bash"]},{"damage_healed":0.0,"max_hp_gain":0.0,"max_hp_loss":0.0,"gold_gain":0.0,"event_name":"The Woman in Blue","player_choice":"Bought 2 Potions","floor":3.0,"gold_loss":0.0,"damage_taken":0.0},{"damage_healed":0.0,"max_hp_gain":0.0,"max_hp_loss":0.0,"gold_gain":0.0,"event_name":"Designer","player_choice":"Upgraded Two","floor":19.0,"gold_loss":50.0,"damage_taken":0.0,"cards_upgraded":["Offering","Defend_R"]},{"damage_healed":0.0,"max_hp_gain":0.0,"max_hp_loss":0.0,"gold_gain":0.0,"event_name":"Match and Keep!","player_choice":"1 cards matched","floor":27.0,"gold_loss":0.0,"damage_taken":0.0,"cards_obtained":["Anger"]},{"damage_healed":0.0,"max_hp_gain":0.0,"max_hp_loss":0.0,"gold_gain":0.0,"event_name":"Mysterious Sphere","player_choice":"Ignored","floor":36.0,"gold_loss":0.0,"damage_taken":0.0},{"damage_healed":0.0,"max_hp_gain":0.0,"max_hp_loss":0.0,"gold_gain":0.0,"event_name":"SensoryStone","player_choice":"Memory 1","floor":38.0,"gold_loss":0.0,"damage_taken":0.0},{"damage_healed":0.0,"max_hp_gain":0.0,"max_hp_loss":4.0,"gold_gain":0.0,"event_name":"Winding Halls","player_choice":"Max HP","floor":44.0,"gold_loss":0.0,"damage_taken":0.0},{"cards_removed":["Defend_R"],"damage_healed":0.0,"max_hp_gain":0.0,"max_hp_loss":0.0,"gold_gain":0.0,"event_name":"Falling","player_choice":"Removed Skill","floor":46.0,"gold_loss":0.0,"damage_taken":0.0}],"is_beta":false,"boss_relics":[{"not_picked":["Philosopher\u0027s Stone","Tiny House"],"picked":"Astrolabe"},{"not_picked":["Sozu","Pandora\u0027s Box"],"picked":"Black Blood"}],"items_purged_floors":[],"is_endless":false,"potions_floor_spawned":[4,5,10,16,18,21,39,48],"killed_by":"Time Eater","ascension_level":20}