{"gold_per_floor":[119,39,55,72,18,45,45,75,75,90,90,90,90,13,13,117,117,137,137,100,114,114,114,141,141,141,158,184,283,283,298,298,400,400,418,418,51,151,167,198,209,209,209,209,209,227,254,266,266,266],"floor_reached":50,"playtime":2837,"items_purged":["Strike_G"],"score":598,"play_id":"4ac28289-a11f-415c-bb8a-a21f90eff622","local_time":"20190502224515","is_ascension_mode":true,"campfire_choices":[{"data":"Noxious Fumes","floor":7.0,"key":"SMITH"},{"data":"Burst","floor":11.0,"key":"SMITH"},{"floor":13.0,"key":"REST"},{"data":"Blade Dance","floor":15.0,"key":"SMITH"},{"data":"Venomology","floor":23.0,"key":"SMITH"},{"data":"Blade Dance","floor":25.0,"key":"SMITH"},{"floor":30,"key":"REST"},{"floor":32,"key":"REST"},{"floor":42,"key":"REST"},{"floor":44,"key":"REST"},{"floor":49,"key":"REST"}],"neow_cost":"NONE","seed_source_timestamp":453524478951800,"circlet_count":0,"master_deck":["Defend_G","Defend_G","Defend_G","Defend_G","Defend_G","Strike_G","Strike_G","Strike_G","Strike_G","Survivor","Neutralize","Glass Knife","Deadly Poison","Noxious Fumes+1","Cloak And Dagger","Blade Dance+1","Dagger Spray","Die Die Die","Burst+1","Blade Dance+1","Venomology+1","Venomology+1","Distraction","Dramatic Entrance","Infinite Blades","Bane","Calculated Gamble","Bane+1","Adrenaline","Deadly Poison+1","Mind Blast","Dagger Spray","Noxious Fumes","Blur+1","Doppelganger","Corpse Explosion","Tactician+1","Backflip+1"],"special_seed":0,"relics":["Ring of the Serpent","Centennial Puzzle","Unceasing Top","Shuriken","Kunai","Singing Bowl","Dodecahedron","Black Star","Chemical X","Du-Vu Doll","Oddly Smooth Stone","Turnip","Potion Belt","Bottled Tornado","Question Card"],"potions_floor_usage":[28,28,31,31,33,33,33,38,38,38,38,38,40,40,40,41,41,41,46,46,47,47,48,48,50,50,50],"damage_taken":[{"damage":0.0,"enemies":"Cultist","floor":1.0,"turns":3.0},{"damage":3.0,"enemies":"Jaw Worm","floor":3.0,"turns":3.0},{"damage":1.0,"enemies":"Small Slimes","floor":4.0,"turns":3.0},{"damage":26.0,"enemies":"Gremlin Nob","floor":6.0,"turns":4.0},{"damage":7.0,"enemies":"3 Sentries","floor":8.0,"turns":5.0},{"damage":2.0,"enemies":"Exordium Thugs","floor":10.0,"turns":3.0},{"damage":34.0,"enemies":"Hexaghost","floor":16.0,"turns":7.0},{"damage":8.0,"enemies":"Shell Parasite","floor":18.0,"turns":4.0},{"damage":0.0,"enemies":"3 Byrds","floor":21.0,"turns":3.0},{"damage":20.0,"enemies":"Book of Stabbing","floor":24.0,"turns":5.0},{"damage":20.0,"enemies":"Shelled Parasite and Fungi","floor":27.0,"turns":5.0},{"damage":12,"enemies":"Slavers","floor":28,"turns":5},{"damage":0,"enemies":"3 Cultists","floor":31,"turns":3},{"damage":34,"enemies":"Automaton","floor":33,"turns":7},{"damage":5,"enemies":"Orb Walker","floor":35,"turns":4},{"damage":0,"enemies":"Mind Bloom Boss Battle","floor":38,"turns":5},{"damage":35,"enemies":"3 Darklings","floor":39,"turns":5},{"damage":27,"enemies":"Nemesis","floor":40,"turns":7},{"damage":11,"enemies":"Maw","floor":41,"turns":7},{"damage":30,"enemies":"Writhing Mass","floor":46,"turns":7},{"damage":18,"enemies":"Giant Head","floor":47,"turns":9},{"damage":1,"enemies":"Jaw Worm Horde","floor":48,"turns":2},{"damage":57,"enemies":"Donu and Deca","floor":50,"turns":3}],"seed_played":"-1571037341756185326","potions_obtained":[{"floor":1.0,"key":"PowerPotion"},{"floor":4.0,"key":"Swift Potion"},{"floor":10.0,"key":"Weak Potion"},{"floor":18.0,"key":"Fire Potion"},{"floor":21.0,"key":"GamblersBrew"},{"floor":28,"key":"Explosive Potion"},{"floor":38,"key":"Ancient Potion"},{"floor":46,"key":"Poison Potion"},{"floor":47,"key":"Block Potion"},{"floor":48,"key":"Regen Potion"}],"is_trial":false,"path_per_floor":["M","$","M","M","$","E","R","E","T","M","R","?","R","$","R","B",null,"M","?","$","M","?","R","E","R","T","M","E","?","R","M","R","B",null,"M","?","$","?","M","E","M","R","T","R","?","M","E","M","R","B"],"character_chosen":"THE_SILENT","items_purchased":["Noxious Fumes","Dagger Spray","Venomology","Infinite Blades","Dagger Spray","Noxious Fumes","Chemical X"],"campfire_rested":6,"item_purchase_floors":[2,5,14,20,37,37,37],"current_hp_per_floor":[70,70,67,66,66,40,40,33,33,31,31,31,52,52,52,18,70,62,62,62,62,62,62,42,42,42,22,12,12,33,35,57,23,74,69,66,66,76,43,18,7,31,31,55,55,27,9,8,32,0],"gold":266,"neow_bonus":"ONE_RANDOM_RARE_CARD","is_prod":false,"is_daily":false,"chose_seed":false,"campfire_upgraded":5,"win_rate":0,"timestamp":1556855115,"path_taken":["M","?","?","M","$","E","R","E","T","?","R","?","R","$","R","BOSS","M","?","?","M","?","R","E","R","T","?","E","?","R","M","R","BOSS","M","?","$","?","M","E","M","R","T","R","?","M","E","M","R","BOSS"],"build_version":"2019-01-23","purchased_purges":1,"victory":false,"max_hp_per_floor":[70,70,70,70,70,70,70,70,70,70,70,70,70,70,70,70,70,70,70,70,70,70,70,70,70,70,70,72,72,72,74,74,74,74,74,76,76,76,78,80,80,80,80,80,80,82,82,82,82,82],"card_choices":[{"not_picked":["Caltrops","Bouncing Flask"],"picked":"Deadly Poison","floor":1.0},{"not_picked":["Backflip","Escape Plan"],"picked":"Cloak And Dagger","floor":3.0},{"not_picked":["Flying Knee","Infinite Blades"],"picked":"Blade Dance","floor":4.0},{"not_picked":["Deadly Poison","Deflect"],"picked":"Die Die Die","floor":6.0},{"not_picked":["Eviscerate","A Thousand Cuts"],"picked":"Burst","floor":8.0},{"not_picked":["Slice","Underhanded Strike"],"picked":"Blade Dance","floor":10.0},{"not_picked":["Storm of Steel","Phantasmal Killer"],"picked":"Venomology","floor":16.0},{"not_picked":["Skewer+1","Underhanded Strike"],"picked":"Distraction","floor":18.0},{"not_picked":["PiercingWail","Infinite Blades"],"picked":"Bane","floor":21.0},{"not_picked":["Finisher","Concentrate"],"picked":"Calculated Gamble","floor":24.0},{"not_picked":["Prepared","Escape Plan+1"],"picked":"Bane+1","floor":27.0},{"not_picked":["Cloak And Dagger","Tools of the Trade","Quick Slash"],"picked":"Singing Bowl","floor":28},{"not_picked":["Poisoned Stab","Endless Agony","Cloak And Dagger"],"picked":"Singing Bowl","floor":31},{"not_picked":["Envenom","Wraith Form v2"],"picked":"Adrenaline","floor":33},{"not_picked":["Outmaneuver+1","Acrobatics+1"],"picked":"Deadly Poison+1","floor":35},{"not_picked":["Trip","Magnetism","Deep Breath"],"picked":"Singing Bowl","floor":36},{"not_picked":["Finesse","Panacea"],"picked":"Mind Blast","floor":36},{"not_picked":["Flechettes+1","Outmaneuver+1"],"picked":"Blur+1","floor":38},{"not_picked":["Dagger Throw+1","Slice","Flying Knee+1"],"picked":"Singing Bowl","floor":39},{"not_picked":["Choke","Quick Slash+1","Flechettes+1"],"picked":"Singing Bowl","floor":40},{"not_picked":["Reflex+1","Prepared+1"],"picked":"Doppelganger","floor":41},{"not_picked":["Eviscerate","Sucker Punch","Infinite Blades"],"picked":"Singing Bowl","floor":46},{"not_picked":["Dagger Spray+1","Cloak And Dagger"],"picked":"Tactician+1","floor":47},{"not_picked":["Heel Hook+1","Quick Slash+1","Dagger Throw+1"],"picked":"Backflip+1","floor":48}],"player_experience":200797,"relics_obtained":[{"floor":6.0,"key":"Centennial Puzzle"},{"floor":8.0,"key":"Unceasing Top"},{"floor":9.0,"key":"Shuriken"},{"floor":24.0,"key":"Kunai"},{"floor":26.0,"key":"Singing Bowl"},{"floor":28,"key":"Dodecahedron"},{"floor":38,"key":"Du-Vu Doll"},{"floor":40,"key":"Oddly Smooth Stone"},{"floor":40,"key":"Turnip"},{"floor":43,"key":"Potion Belt"},{"floor":47,"key":"Bottled Tornado"},{"floor":47,"key":"Question Card"}],"event_choices":[{"damage_healed":0.0,"max_hp_gain":0.0,"max_hp_loss":0.0,"gold_gain":0.0,"event_name":"Shining Light","player_choice":"Ignored","floor":12.0,"gold_loss":0.0,"damage_taken":0.0},{"damage_healed":0.0,"max_hp_gain":0.0,"max_hp_loss":0.0,"gold_gain":0.0,"event_name":"Match and Keep!","player_choice":"1 cards matched","floor":19.0,"gold_loss":0.0,"damage_taken":0.0,"cards_obtained":["Dramatic Entrance"]},{"damage_healed":0.0,"max_hp_gain":0.0,"max_hp_loss":0.0,"gold_gain":0.0,"event_name":"Accursed Blacksmith","player_choice":"Forge","floor":22.0,"gold_loss":0.0,"damage_taken":0.0,"cards_upgraded":["Venomology"]},{"damage_healed":0,"gold_gain":99,"player_choice":"Stole From Cult","damage_taken":0,"max_hp_gain":0,"max_hp_loss":0,"event_name":"Nest","floor":29,"gold_loss":0},{"damage_healed":0,"gold_gain":0,"player_choice":"Memory 2","damage_taken":5,"max_hp_gain":0,"max_hp_loss":0,"event_name":"SensoryStone","floor":36,"gold_loss":0},{"damage_healed":0,"gold_gain":0,"player_choice":"Fight","damage_taken":0,"max_hp_gain":0,"max_hp_loss":0,"event_name":"MindBloom","floor":38,"gold_loss":0},{"damage_healed":0,"gold_gain":0,"player_choice":"1 cards matched","damage_taken":0,"max_hp_gain":0,"max_hp_loss":0,"event_name":"Match and Keep!","floor":45,"gold_loss":0,"cards_obtained":["Corpse Explosion"]}],"is_beta":false,"boss_relics":[{"not_picked":["Ectoplasm","White Beast Statue"],"picked":"Ring of the Serpent"},{"not_picked":["Orrery","Coffee Dripper"],"picked":"Black Star"}],"items_purged_floors":[37],"is_endless":false,"potions_floor_spawned":[1,4,10,18,21,28,38,46,47,48],"killed_by":"Donu and Deca","ascension_level":1}