{"gold_per_floor":[14,34,51,51,62,92,92,123,147,147],"floor_reached":10,"playtime":1057,"items_purged":[],"score":111,"play_id":"8502ce81-e4e8-41b3-b2f6-128304d559c6","local_time":"20190502213026","is_ascension_mode":true,"campfire_choices":[{"floor":7,"key":"RECALL"}],"neow_cost":"NO_GOLD","seed_source_timestamp":6360799438500,"circlet_count":0,"master_deck":["Strike_R","Strike_R","Strike_R","Strike_R","Strike_R","Defend_R","Defend_R","Defend_R","Defend_R","Bash","Shrug It Off","Shockwave","Cleave","Rampage","True Grit"],"relics":["Burning Blood","Question Card","Pen Nib"],"potions_floor_usage":[6,8,8],"damage_taken":[{"damage":9,"enemies":"2 Louse","floor":1,"turns":3},{"damage":2,"enemies":"Small Slimes","floor":2,"turns":5},{"damage":0,"enemies":"Cultist","floor":3,"turns":3},{"damage":45,"enemies":"Exordium Thugs","floor":5,"turns":8},{"damage":28,"enemies":"3 Sentries","floor":6,"turns":9},{"damage":25,"enemies":"Lagavulin","floor":8,"turns":7},{"damage":51,"enemies":"Gremlin Nob","floor":10,"turns":5}],"seed_played":"6872459027520858227","potions_obtained":[{"floor":2,"key":"SkillPotion"},{"floor":5,"key":"PowerPotion"},{"floor":6,"key":"Poison Potion"}],"is_trial":false,"path_per_floor":["M","M","M","?","M","E","R","E","T","E"],"character_chosen":"IRONCLAD","items_purchased":[],"campfire_rested":0,"item_purchase_floors":[],"current_hp_per_floor":[93,96,96,96,57,35,35,16,16,0],"gold":147,"neow_bonus":"TWENTY_PERCENT_HP_BONUS","is_prod":false,"is_daily":false,"chose_seed":false,"campfire_upgraded":0,"win_rate":0,"timestamp":1556825426,"path_taken":["M","M","M","?","M","E","R","E","T","E"],"build_version":"2019-01-23","purchased_purges":0,"victory":false,"max_hp_per_floor":[96,96,96,96,96,96,96,96,96,96],"card_choices":[{"not_picked":["Headbutt","Pommel Strike"],"picked":"Shrug It Off","floor":1},{"not_picked":["Hemokinesis","Wild Strike","Body Slam"],"picked":"SKIP","floor":2},{"not_picked":["Second Wind","Clash"],"picked":"Shockwave","floor":3},{"not_picked":["Seeing Red","Sword Boomerang"],"picked":"Cleave","floor":5},{"not_picked":["Blood for Blood","Warcry"],"picked":"Rampage","floor":6},{"not_picked":["Iron Wave","Sword Boomerang","Shrug It Off"],"picked":"True Grit","floor":8}],"player_experience":220470,"relics_obtained":[{"floor":6,"key":"Question Card"},{"floor":8,"key":"Pen Nib"}],"event_choices":[{"damage_healed":0,"gold_gain":0,"player_choice":"Ignored","damage_taken":0,"max_hp_gain":0,"max_hp_loss":0,"event_name":"Liars Game","floor":4,"gold_loss":0}],"is_beta":false,"boss_relics":[],"items_purged_floors":[],"is_endless":false,"potions_floor_spawned":[2,5,6],"killed_by":"Gremlin Nob","ascension_level":2}