{"gold_per_floor":[116,191,208,32,32,60,60,77,77,88,98,129,142,142,142,219,219,234,254,27,77,2,2,2],"floor_reached":24,"playtime":784,"items_purged":[],"score":462,"play_id":"6167a57e-db70-411f-930d-e8a201ee2aa8","local_time":"20190225164719","is_ascension_mode":true,"campfire_choices":[{"data":"Blade Dance","floor":7.0,"key":"SMITH"},{"data":"Finisher","floor":15,"key":"SMITH"},{"floor":23,"key":"REST"}],"neow_cost":"NONE","seed_source_timestamp":0,"circlet_count":0,"master_deck":["AscendersBane","Defend_G","Defend_G","Defend_G","Defend_G","Defend_G","Strike_G","Strike_G","Strike_G","Strike_G","Survivor","Neutralize","Blade Dance+1","Masterful Stab","Footwork","Finisher+1","PiercingWail","Dodge and Roll","Choke","Backstab","After Image","Caltrops","Backstab","Die Die Die"],"special_seed":0,"relics":["Ring of the Snake","NeowsBlessing","Calipers","Torii","Thread and Needle","Lizard Tail"],"potions_floor_usage":[11,16,18],"damage_taken":[{"damage":0.0,"enemies":"Small Slimes","floor":1.0,"turns":1.0},{"damage":0.0,"enemies":"Jaw Worm","floor":3.0,"turns":1.0},{"damage":0.0,"enemies":"Lagavulin","floor":6.0,"turns":1.0},{"damage":0.0,"enemies":"2 Louse","floor":8.0,"turns":1.0},{"damage":2,"enemies":"2 Fungi Beasts","floor":10,"turns":4},{"damage":2,"enemies":"3 Louse","floor":11,"turns":3},{"damage":25,"enemies":"Gremlin Nob","floor":12,"turns":4},{"damage":0,"enemies":"Looter","floor":13,"turns":3},{"damage":26,"enemies":"The Guardian","floor":16,"turns":15},{"damage":6,"enemies":"Spheric Guardian","floor":18,"turns":9},{"damage":10,"enemies":"Chosen","floor":19,"turns":4},{"damage":96,"enemies":"Book of Stabbing","floor":24,"turns":8}],"seed_played":"-8157556863566766597","potions_obtained":[{"floor":1.0,"key":"AttackPotion"},{"floor":13,"key":"EssenceOfSteel"},{"floor":16,"key":"Dexterity Potion"}],"is_trial":false,"path_per_floor":["M","?","M","$","?","E","R","M","T","M","M","E","M","?","R","B",null,"M","M","$","?","?","R","E"],"character_chosen":"THE_SILENT","items_purchased":["Footwork","Finisher","Backstab","Die Die Die"],"campfire_rested":1,"item_purchase_floors":[4,4,20,20],"current_hp_per_floor":[59,48,48,48,66,66,66,66,66,64,62,37,37,37,37,11,52,46,36,36,36,36,55,0],"gold":2,"neow_bonus":"THREE_ENEMY_KILL","is_prod":false,"is_daily":false,"chose_seed":false,"campfire_upgraded":2,"win_rate":0,"timestamp":1551131239,"path_taken":["M","?","M","$","?","E","R","M","T","M","M","E","M","?","R","BOSS","M","M","$","?","?","R","E"],"build_version":"2019-01-23","purchased_purges":0,"victory":false,"max_hp_per_floor":[66,66,66,66,66,66,66,66,66,66,66,66,66,66,66,66,66,66,66,66,66,66,66,66],"card_choices":[{"not_picked":["Bane","Backflip"],"picked":"Blade Dance","floor":1.0},{"not_picked":["Sucker Punch","Slice"],"picked":"Masterful Stab","floor":3.0},{"not_picked":["Dagger Spray","Concentrate"],"picked":"PiercingWail","floor":6.0},{"not_picked":["PiercingWail","Crippling Poison"],"picked":"Dodge and Roll","floor":8.0},{"not_picked":["PiercingWail","Deadly Poison"],"picked":"Choke","floor":10},{"not_picked":["Quick Slash","PiercingWail","Deflect"],"picked":"SKIP","floor":11},{"not_picked":["Dagger Spray","Flying Knee","Dagger Throw"],"picked":"SKIP","floor":12},{"not_picked":["Leg Sweep","Dagger Throw"],"picked":"Backstab","floor":13},{"not_picked":["Malaise","Unload"],"picked":"After Image","floor":16},{"not_picked":["Flying Knee","PiercingWail"],"picked":"Caltrops","floor":18},{"not_picked":["Deflect","Underhanded Strike","Acrobatics"],"picked":"SKIP","floor":19}],"player_experience":839478,"relics_obtained":[{"floor":6.0,"key":"Calipers"},{"floor":9.0,"key":"Torii"},{"floor":12,"key":"Thread and Needle"}],"event_choices":[{"damage_healed":0.0,"max_hp_gain":0.0,"max_hp_loss":0.0,"gold_gain":75.0,"event_name":"World of Goop","player_choice":"Gather Gold","floor":2.0,"gold_loss":0.0,"damage_taken":11.0},{"damage_healed":22.0,"max_hp_gain":0.0,"max_hp_loss":0.0,"gold_gain":0.0,"event_name":"Big Fish","player_choice":"Banana","floor":5.0,"gold_loss":0.0,"damage_taken":0.0},{"damage_healed":0,"gold_gain":0,"player_choice":"Fled","damage_taken":0,"max_hp_gain":0,"max_hp_loss":0,"event_name":"Scrap Ooze","floor":14,"gold_loss":0},{"damage_healed":0,"gold_gain":50,"player_choice":"Stole From Cult","damage_taken":0,"max_hp_gain":0,"max_hp_loss":0,"event_name":"Nest","floor":21,"gold_loss":0},{"cards_removed":["Strike_G"],"damage_healed":0,"gold_gain":0,"player_choice":"Gave Gold","damage_taken":0,"max_hp_gain":0,"max_hp_loss":0,"event_name":"Beggar","floor":22,"gold_loss":75}],"is_beta":false,"boss_relics":[{"not_picked":["Empty Cage","Orrery"],"picked":"Lizard Tail"}],"items_purged_floors":[],"is_endless":false,"potions_floor_spawned":[1,13,16],"killed_by":"Book of Stabbing","ascension_level":20}