{"gold_per_floor":[113,129,36,51,68,68,32,42,94,94,106,106,121,146,146,245,295,314,239,154,78,90,116,116,116],"floor_reached":25,"playtime":674,"items_purged":["Strike_B"],"score":396,"play_id":"63c8c071-7d69-4650-bc04-7e56107b489a","local_time":"20180916082012","is_ascension_mode":true,"campfire_choices":[{"data":"Trip","floor":6,"key":"SMITH"},{"data":"Consume","floor":10,"key":"SMITH"},{"floor":15,"key":"REST"},{"data":"White Noise","floor":24,"key":"SMITH"}],"neow_cost":"NONE","seed_source_timestamp":294934663480902,"circlet_count":0,"master_deck":["Strike_B","Strike_B","Strike_B","Defend_B","Defend_B","Defend_B","Defend_B","Zap","Dualcast","Ball Lightning","Redo","Trip+1","Leap","Reboot","Doom and Gloom+1","Consume+1","Machine Learning","Seek","Capacitor","Hologram+1","White Noise+1"],"relics":["Cracked Core","Omamori","Symbiotic Virus","Lantern","Tiny House","Orichalcum","Mummified Hand"],"potions_floor_usage":[11,16,18],"damage_taken":[{"damage":1,"enemies":"Cultist","floor":1,"turns":3},{"damage":7,"enemies":"Jaw Worm","floor":2,"turns":2},{"damage":0,"enemies":"2 Louse","floor":4,"turns":2},{"damage":1,"enemies":"Large Slime","floor":5,"turns":5},{"damage":0,"enemies":"Gremlin Gang","floor":8,"turns":2},{"damage":1,"enemies":"3 Louse","floor":11,"turns":2},{"damage":12,"enemies":"Lots of Slimes","floor":13,"turns":2},{"damage":22,"enemies":"Gremlin Nob","floor":14,"turns":3},{"damage":0,"enemies":"Slime Boss","floor":16,"turns":6},{"damage":18,"enemies":"3 Byrds","floor":18,"turns":3},{"damage":1,"enemies":"Spheric Guardian","floor":22,"turns":3},{"damage":19,"enemies":"Gremlin Leader","floor":23,"turns":5},{"damage":42,"enemies":"Centurion and Healer","floor":25,"turns":3}],"seed_played":"-4798006166743588794","potions_obtained":[{"floor":2,"key":"Ancient Potion"},{"floor":4,"key":"SpeedPotion"},{"floor":11,"key":"Fire Potion"},{"floor":14,"key":"Poison Potion"},{"floor":17,"key":"LiquidBronze"},{"floor":23,"key":"GamblersBrew"}],"is_trial":false,"path_per_floor":["M","M","$","M","M","R","$","M","T","R","M","?","M","E","R","B",null,"M","$","?","$","M","E","R"],"character_chosen":"DEFECT","items_purchased":["Trip","Doom and Gloom","Capacitor"],"campfire_rested":1,"item_purchase_floors":[3,7,21],"current_hp_per_floor":[74,67,67,67,66,66,66,66,66,66,65,65,53,31,55,55,80,62,62,62,62,61,42,42,0],"gold":116,"neow_bonus":"TEN_PERCENT_HP_BONUS","is_prod":false,"is_daily":false,"chose_seed":false,"campfire_upgraded":3,"win_rate":0,"timestamp":1537100412,"path_taken":["M","M","?","?","M","R","$","M","T","R","M","?","M","E","R","BOSS","M","$","?","$","?","E","R","M"],"build_version":"2018-09-06","purchased_purges":1,"victory":false,"max_hp_per_floor":[82,82,82,82,82,82,82,82,82,82,82,82,82,82,82,82,87,87,87,87,87,87,87,87,87],"card_choices":[{"not_picked":["Gash","Go for the Eyes"],"picked":"Ball Lightning","floor":1},{"not_picked":["Reinforced Body","Streamline"],"picked":"Redo","floor":2},{"not_picked":["Steam Power","Steam"],"picked":"Leap","floor":4},{"not_picked":["Recycle","Ball Lightning"],"picked":"Reboot","floor":5},{"not_picked":["Sunder","Reprogram"],"picked":"Consume","floor":8},{"not_picked":["Barrage","Go for the Eyes","Beam Cell"],"picked":"SKIP","floor":11},{"not_picked":["Cold Snap","Go for the Eyes","Skim"],"picked":"SKIP","floor":13},{"not_picked":["Coolheaded","Barrage"],"picked":"Machine Learning","floor":14},{"not_picked":["Machine Learning","Amplify"],"picked":"Seek","floor":16},{"not_picked":["Streamline","Undo","Redo"],"picked":"SKIP","floor":18},{"not_picked":["Steam Power","Compile Driver+1"],"picked":"Hologram+1","floor":22},{"not_picked":["Skim","Reboot"],"picked":"White Noise","floor":23}],"player_experience":539042,"relics_obtained":[{"floor":9,"key":"Omamori"},{"floor":14,"key":"Lantern"},{"floor":23,"key":"Mummified Hand"}],"event_choices":[{"event_name":"Big Fish","player_choice":"Box","floor":12,"damage_taken":0},{"event_name":"Addict","player_choice":"Obtained Relic","floor":20,"damage_taken":0}],"is_beta":false,"boss_relics":[{"not_picked":["White Beast Statue","Busted Crown"],"picked":"Tiny House"}],"items_purged_floors":[19],"is_endless":false,"potions_floor_spawned":[2,4,11,14,23],"killed_by":"Centurion and Healer","ascension_level":9}