{"gold_per_floor":[115,125,137,137,32,60,60,93,93,93,162,19,76,96,96,197,197,207,207,23,23,34,52,52,67,94,94,124,135,135,145,145,250,250,269,369,383,44,144,144,173,173,199,209,228,246,259,275,275,275],"floor_reached":50,"playtime":2726,"items_purged":["Strike_B","Strike_B"],"score":607,"play_id":"c299b4db-4445-4aa8-befc-a17c1058725c","local_time":"20190508075138","is_ascension_mode":true,"campfire_choices":[{"floor":7.0,"key":"REST"},{"floor":10.0,"key":"REST"},{"data":"Consume","floor":15.0,"key":"SMITH"},{"floor":24,"key":"REST"},{"floor":30,"key":"REST"},{"floor":32,"key":"REST"},{"floor":40,"key":"REST"},{"floor":49,"key":"REST"}],"neow_cost":"NONE","seed_source_timestamp":0,"circlet_count":0,"master_deck":["Strike_B","Strike_B+1","Defend_B","Defend_B","Defend_B","Defend_B","Zap","Dualcast","Lockon","Storm+1","Redo","Coolheaded+1","Consume+1","Defragment","Gash","White Noise","Rainbow+1","Loop","Thunder Strike","Defragment","Beam Cell+1","Redo+1","Beam Cell+1","Reprogram+1","Streamline+1"],"special_seed":0,"relics":["Busted Crown","Ginger","Torii","Emotion Chip","Bird Faced Urn","Inserter","Nloth\u0027s Gift","PreservedInsect","Enchiridion","Ancient Tea Set","Oddly Smooth Stone","Runic Pyramid","Strawberry","Turnip","Molten Egg 2","War Paint"],"potions_floor_usage":[18,23,28,28,28,29,38,40,46,50,50],"damage_taken":[{"damage":1.0,"enemies":"Cultist","floor":1.0,"turns":3.0},{"damage":0.0,"enemies":"Small Slimes","floor":2.0,"turns":3.0},{"damage":2.0,"enemies":"Jaw Worm","floor":3.0,"turns":2.0},{"damage":8.0,"enemies":"3 Sentries","floor":6.0,"turns":6.0},{"damage":18.0,"enemies":"Gremlin Nob","floor":8.0,"turns":4.0},{"damage":3.0,"enemies":"Lagavulin Event","floor":13.0,"turns":6.0},{"damage":7.0,"enemies":"2 Fungi Beasts","floor":14.0,"turns":4.0},{"damage":22.0,"enemies":"Hexaghost","floor":16.0,"turns":11.0},{"damage":12,"enemies":"3 Byrds","floor":18,"turns":4},{"damage":15,"enemies":"Shell Parasite","floor":22,"turns":3},{"damage":0,"enemies":"Snecko","floor":23,"turns":3},{"damage":26,"enemies":"Snake Plant","floor":25,"turns":3},{"damage":18,"enemies":"Book of Stabbing","floor":28,"turns":3},{"damage":7,"enemies":"Cultist and Chosen","floor":29,"turns":5},{"damage":22,"enemies":"Centurion and Healer","floor":31,"turns":3},{"damage":22,"enemies":"Automaton","floor":33,"turns":8},{"damage":38,"enemies":"3 Shapes","floor":35,"turns":4},{"damage":1,"enemies":"Orb Walker","floor":37,"turns":4},{"damage":6,"enemies":"Mind Bloom Boss Battle","floor":39,"turns":4},{"damage":52,"enemies":"Nemesis","floor":41,"turns":5},{"damage":14,"enemies":"Spire Growth","floor":44,"turns":4},{"damage":19,"enemies":"Sphere and 2 Shapes","floor":45,"turns":3},{"damage":28,"enemies":"4 Shapes","floor":46,"turns":5},{"damage":26,"enemies":"3 Darklings","floor":47,"turns":4},{"damage":18,"enemies":"Maw","floor":48,"turns":5},{"damage":46,"enemies":"Awakened One","floor":50,"turns":2}],"seed_played":"-6322754538136076669","potions_obtained":[{"floor":1.0,"key":"FocusPotion"},{"floor":6.0,"key":"Weak Potion"},{"floor":13.0,"key":"Explosive Potion"},{"floor":14.0,"key":"SpeedPotion"},{"floor":22,"key":"SkillPotion"},{"floor":25,"key":"Fire Potion"},{"floor":28,"key":"SkillPotion"},{"floor":29,"key":"FearPotion"},{"floor":39,"key":"Fruit Juice"},{"floor":45,"key":"Weak Potion"},{"floor":47,"key":"Strength Potion"}],"is_trial":false,"path_per_floor":["M","M","M","?","$","E","R","E","T","R","T","$","?","M","R","B",null,"M","?","$","?","M","M","R","M","T","?","E","M","R","M","R","B",null,"M","?","M","$","?","R","E","?","T","M","M","M","M","M","R","B"],"character_chosen":"DEFECT","items_purchased":["Coolheaded","AttackPotion","Defragment","White Noise","PreservedInsect","Strawberry","Fruit Juice"],"campfire_rested":7,"item_purchase_floors":[5,5,12,20,20,38,38],"current_hp_per_floor":[74,74,72,57,57,49,71,53,53,75,75,75,72,69,69,51,75,65,65,65,49,44,50,72,55,55,41,27,28,50,34,56,44,75,43,43,54,66,74,92,56,56,56,52,43,33,19,11,38,0],"gold":275,"neow_bonus":"BOSS_RELIC","is_prod":false,"is_daily":false,"chose_seed":false,"campfire_upgraded":1,"win_rate":0,"timestamp":1557316298,"path_taken":["M","?","M","?","$","E","R","E","T","R","?","$","?","M","R","BOSS","M","?","$","?","M","M","R","M","T","?","E","?","R","M","R","BOSS","M","?","?","$","?","R","E","?","T","M","?","M","M","M","R","BOSS"],"build_version":"2019-01-23","purchased_purges":2,"victory":false,"max_hp_per_floor":[75,75,75,75,75,75,75,75,75,75,75,75,75,75,75,75,75,75,75,75,75,75,75,75,75,75,75,75,75,75,75,75,75,75,75,75,75,87,87,92,92,92,92,92,92,92,92,92,92,92],"card_choices":[{"not_picked":[],"picked":"Lockon","floor":1.0},{"not_picked":[],"picked":"Storm","floor":2.0},{"not_picked":[],"picked":"Redo","floor":3.0},{"not_picked":[],"picked":"Consume","floor":6.0},{"not_picked":["Fission"],"picked":"SKIP","floor":8.0},{"not_picked":[],"picked":"Cold Snap","floor":13.0},{"not_picked":[],"picked":"Gash","floor":14.0},{"not_picked":["BootSequence"],"picked":"SKIP","floor":18},{"not_picked":["Scrape+1"],"picked":"SKIP","floor":22},{"not_picked":[],"picked":"Rainbow","floor":23},{"not_picked":["Tempest"],"picked":"SKIP","floor":25},{"not_picked":["Stack"],"picked":"SKIP","floor":28},{"not_picked":["Coolheaded"],"picked":"SKIP","floor":29},{"not_picked":[],"picked":"Loop","floor":31},{"not_picked":[],"picked":"Thunder Strike","floor":35},{"not_picked":[],"picked":"Defragment","floor":37},{"not_picked":[],"picked":"Beam Cell+1","floor":39},{"not_picked":[],"picked":"Redo+1","floor":41},{"not_picked":[],"picked":"Beam Cell+1","floor":44},{"not_picked":[],"picked":"Reprogram+1","floor":45},{"not_picked":["Compile Driver+1"],"picked":"SKIP","floor":46},{"not_picked":[],"picked":"Streamline+1","floor":47},{"not_picked":["Reprogram+1"],"picked":"SKIP","floor":48}],"player_experience":138250,"relics_obtained":[{"floor":6.0,"key":"Ginger"},{"floor":8.0,"key":"Torii"},{"floor":9.0,"key":"Emotion Chip"},{"floor":11.0,"key":"Gremlin Horn"},{"floor":13.0,"key":"Bird Faced Urn"},{"floor":21,"key":"Enchiridion"},{"floor":26,"key":"Ancient Tea Set"},{"floor":28,"key":"Oddly Smooth Stone"},{"floor":39,"key":"Turnip"},{"floor":41,"key":"Molten Egg 2"},{"floor":43,"key":"War Paint"}],"event_choices":[{"damage_healed":0.0,"max_hp_gain":0.0,"max_hp_loss":0.0,"gold_gain":0.0,"event_name":"Shining Light","player_choice":"Entered Light","floor":4.0,"gold_loss":0.0,"damage_taken":15.0,"cards_upgraded":["Strike_B","Storm"]},{"damage_healed":0.0,"max_hp_gain":0.0,"max_hp_loss":0.0,"gold_gain":0.0,"event_name":"Dead Adventurer","player_choice":"Searched \u00271\u0027 times","floor":13.0,"gold_loss":0.0,"damage_taken":0.0},{"damage_healed":0,"gold_gain":0,"player_choice":"Traded Relic","damage_taken":0,"relics_obtained":["Nloth\u0027s Gift"],"max_hp_gain":0,"max_hp_loss":0,"event_name":"N\u0027loth","floor":19,"relics_lost":["Gremlin Horn"],"gold_loss":0},{"damage_healed":0,"gold_gain":0,"player_choice":"Obtained Book","damage_taken":16,"max_hp_gain":0,"max_hp_loss":0,"event_name":"Cursed Tome","floor":21,"gold_loss":0},{"damage_healed":0,"gold_gain":0,"player_choice":"POTION ","damage_taken":14,"max_hp_gain":0,"max_hp_loss":0,"event_name":"Knowing Skull","floor":27,"potions_obtained":["AttackPotion"],"gold_loss":0,"cards_obtained":[]},{"damage_healed":0,"gold_gain":100,"player_choice":"Pray","damage_taken":0,"max_hp_gain":0,"max_hp_loss":0,"event_name":"Golden Shrine","floor":36,"gold_loss":0},{"damage_healed":0,"gold_gain":0,"player_choice":"Fight","damage_taken":0,"max_hp_gain":0,"max_hp_loss":0,"event_name":"MindBloom","floor":39,"gold_loss":0},{"cards_removed":["Cold Snap"],"damage_healed":0,"gold_gain":0,"player_choice":"Removed Attack","damage_taken":0,"max_hp_gain":0,"max_hp_loss":0,"event_name":"Falling","floor":42,"gold_loss":0}],"is_beta":false,"boss_relics":[{"not_picked":["Astrolabe","Calling Bell"],"picked":"Inserter"},{"not_picked":["Velvet Choker","Empty Cage"],"picked":"Runic Pyramid"}],"items_purged_floors":[12,38],"is_endless":false,"potions_floor_spawned":[1,6,13,14,22,25,28,29,39,45,47],"killed_by":"Awakened One","ascension_level":2}