{"gold_per_floor":[115,126,146,157,39,39,58,84,138,33,63,63,83,99,99,176,176,190,190,190,190,207,207,207],"floor_reached":24,"playtime":689,"items_purged":[],"score":516,"play_id":"2981c8d4-6fac-437e-ad74-aaead3e0e6d4","local_time":"20190425195514","is_ascension_mode":true,"campfire_choices":[{"data":"Chaos","floor":6.0,"key":"SMITH"},{"data":"Chaos","floor":12.0,"key":"SMITH"},{"data":"Redo","floor":15.0,"key":"SMITH"},{"data":"Fusion","floor":23,"key":"SMITH"}],"neow_cost":"TEN_PERCENT_HP_LOSS","seed_source_timestamp":74566645990217,"circlet_count":0,"master_deck":["AscendersBane","Defend_B","Defend_B","Defend_B","Defend_B","Zap","Dualcast","Buffer","Chaos+1","Redo+1","Chaos+1","Double Energy","Reinforced Body","Loop","Auto Shields","Loop","Ball Lightning","Ball Lightning","Leap","Recycle","Go for the Eyes","Conserve Battery","Biased Cognition","Fusion+1","Turbo","Compile Driver"],"special_seed":0,"relics":["Cracked Core","Blood Vial","Symbiotic Virus","Empty Cage","Enchiridion","Mercury Hourglass"],"potions_floor_usage":[18,18,18],"damage_taken":[{"damage":12.0,"enemies":"Cultist","floor":1.0,"turns":5.0},{"damage":0.0,"enemies":"Jaw Worm","floor":2.0,"turns":4.0},{"damage":2.0,"enemies":"2 Louse","floor":3.0,"turns":2.0},{"damage":16.0,"enemies":"Blue Slaver","floor":4.0,"turns":4.0},{"damage":0.0,"enemies":"Looter","floor":7.0,"turns":4.0},{"damage":5.0,"enemies":"Lagavulin","floor":8.0,"turns":8.0},{"damage":15.0,"enemies":"3 Sentries","floor":11.0,"turns":5.0},{"damage":0.0,"enemies":"2 Fungi Beasts","floor":13.0,"turns":3.0},{"damage":7.0,"enemies":"Lots of Slimes","floor":14.0,"turns":5.0},{"damage":0.0,"enemies":"Slime Boss","floor":16.0,"turns":8.0},{"damage":8,"enemies":"2 Thieves","floor":18,"turns":5},{"damage":21,"enemies":"Shell Parasite","floor":22,"turns":5},{"damage":0,"enemies":"Book of Stabbing","floor":24,"turns":2}],"seed_played":"3103796687820991799","potions_obtained":[{"floor":3.0,"key":"Strength Potion"},{"floor":4.0,"key":"SpeedPotion"},{"floor":8.0,"key":"FocusPotion"},{"floor":11.0,"key":"EntropicBrew"}],"is_trial":false,"path_per_floor":["M","M","M","M","$","R","M","E","T","$","E","R","M","M","R","B",null,"M","?","T","?","M","R","E"],"character_chosen":"DEFECT","items_purchased":["Loop","Auto Shields","Ball Lightning","Leap"],"campfire_rested":0,"item_purchase_floors":[5,5,10,10],"current_hp_per_floor":[52,52,50,34,34,34,34,29,29,29,16,16,18,13,13,15,52,46,25,25,25,6,6,8],"gold":207,"neow_bonus":"TRANSFORM_TWO_CARDS","is_prod":false,"is_daily":false,"chose_seed":false,"campfire_upgraded":4,"win_rate":0,"timestamp":1556193314,"path_taken":["M","?","M","M","$","R","M","E","T","$","E","R","M","M","R","BOSS","M","?","?","?","?","R","E"],"build_version":"2019-01-23","purchased_purges":0,"victory":false,"max_hp_per_floor":[64,64,64,64,64,64,64,64,64,64,64,64,64,64,64,64,64,64,64,64,64,64,64,64],"card_choices":[{"not_picked":["Gash","Sweeping Beam"],"picked":"Redo","floor":1.0},{"not_picked":["Beam Cell","Gash"],"picked":"Chaos","floor":2.0},{"not_picked":["Streamline","Hologram"],"picked":"Double Energy","floor":3.0},{"not_picked":["Rip and Tear","Blizzard"],"picked":"Reinforced Body","floor":4.0},{"not_picked":["Loop","Auto Shields","Streamline"],"picked":"SKIP","floor":7.0},{"not_picked":["Auto Shields","Streamline"],"picked":"Loop","floor":7.0},{"not_picked":["Storm","Steam"],"picked":"Ball Lightning","floor":8.0},{"not_picked":["Rainbow","Hello World"],"picked":"Recycle","floor":11.0},{"not_picked":["Sweeping Beam","FTL"],"picked":"Go for the Eyes","floor":13.0},{"not_picked":["Double Energy","Sweeping Beam"],"picked":"Conserve Battery","floor":14.0},{"not_picked":["Core Surge","Rainbow"],"picked":"Biased Cognition","floor":16.0},{"not_picked":["Beam Cell","Self Repair"],"picked":"Fusion","floor":18},{"not_picked":["Force Field","Darkness"],"picked":"Compile Driver","floor":22}],"player_experience":1478526,"relics_obtained":[{"floor":8.0,"key":"Blood Vial"},{"floor":11.0,"key":"Symbiotic Virus"},{"floor":19,"key":"Enchiridion"},{"floor":20,"key":"Mercury Hourglass"}],"event_choices":[{"damage_healed":0,"gold_gain":0,"player_choice":"Obtained Book","damage_taken":21,"max_hp_gain":0,"max_hp_loss":0,"event_name":"Cursed Tome","floor":19,"gold_loss":0},{"damage_healed":0,"gold_gain":0,"player_choice":"Read","damage_taken":0,"max_hp_gain":0,"max_hp_loss":0,"event_name":"The Library","floor":21,"gold_loss":0,"cards_obtained":["Turbo"]}],"is_beta":false,"boss_relics":[{"not_picked":["Coffee Dripper","Lizard Tail"],"picked":"Empty Cage"}],"items_purged_floors":[],"is_endless":false,"potions_floor_spawned":[3,4,8,11,13],"killed_by":"Book of Stabbing","ascension_level":20}