{"gold_per_floor":[121,147,159,188,215,227,257,287,378,390,430,442,454,142,142,142],"floor_reached":16,"playtime":887,"items_purged":["Strike_R"],"score":102,"play_id":"02079220-a0f3-4462-8225-fd70a550d878","local_time":"20190413223520","is_ascension_mode":false,"campfire_choices":[{"data":"Bash","floor":6,"key":"SMITH"},{"floor":13,"key":"REST"},{"floor":15,"key":"REST"}],"neow_cost":"NONE","seed_source_timestamp":263337801941800,"circlet_count":0,"master_deck":["Strike_R","Strike_R","Strike_R","Defend_R","Defend_R","Defend_R","Defend_R","Bash+1","Metallicize"],"relics":["Burning Blood","MawBank","Self Forming Clay","Kunai","Golden Idol","Question Card"],"potions_floor_usage":[7,7,16],"damage_taken":[{"damage":13,"enemies":"Jaw Worm","floor":1,"turns":3},{"damage":4,"enemies":"2 Louse","floor":2,"turns":3},{"damage":2,"enemies":"Small Slimes","floor":4,"turns":4},{"damage":8,"enemies":"2 Fungi Beasts","floor":5,"turns":6},{"damage":29,"enemies":"Gremlin Gang","floor":7,"turns":7},{"damage":10,"enemies":"Looter","floor":8,"turns":3},{"damage":36,"enemies":"Lagavulin","floor":11,"turns":10},{"damage":65,"enemies":"Hexaghost","floor":16,"turns":11}],"seed_played":"3569398326092980697","potions_obtained":[{"floor":2,"key":"Weak Potion"},{"floor":5,"key":"SkillPotion"},{"floor":8,"key":"Explosive Potion"},{"floor":11,"key":"SkillPotion"}],"is_trial":false,"path_per_floor":["M","M","$","M","M","R","M","M","T","?","E","?","R","$","R","B"],"character_chosen":"IRONCLAD","items_purchased":["Question Card"],"campfire_rested":2,"item_purchase_floors":[14],"current_hp_per_floor":[73,75,75,79,77,77,54,50,50,50,20,20,42,42,64,0],"gold":142,"neow_bonus":"RANDOM_COMMON_RELIC","is_prod":false,"is_daily":false,"chose_seed":false,"campfire_upgraded":1,"win_rate":0,"timestamp":1555209320,"path_taken":["M","M","$","M","M","R","M","M","T","?","E","?","R","$","R","BOSS"],"build_version":"2019-01-23","purchased_purges":1,"victory":false,"max_hp_per_floor":[80,80,80,80,80,80,80,80,80,80,80,74,74,74,74,74],"card_choices":[{"not_picked":["Twin Strike","Flex","Clothesline"],"picked":"SKIP","floor":1},{"not_picked":["Twin Strike","Sentinel"],"picked":"Metallicize","floor":2},{"not_picked":["Armaments","Reckless Charge","Flame Barrier"],"picked":"SKIP","floor":4},{"not_picked":["Infernal Blade","Heavy Blade","Exhume"],"picked":"SKIP","floor":5},{"not_picked":["Havoc","Headbutt","Rampage"],"picked":"SKIP","floor":7},{"not_picked":["Rampage","Twin Strike","Heavy Blade"],"picked":"SKIP","floor":8},{"not_picked":["Flex","Perfected Strike","Fire Breathing"],"picked":"SKIP","floor":11}],"player_experience":331356,"relics_obtained":[{"floor":9,"key":"Self Forming Clay"},{"floor":11,"key":"Kunai"}],"event_choices":[{"cards_removed":["Strike_R"],"damage_healed":0,"gold_gain":0,"player_choice":"Forget","damage_taken":0,"max_hp_gain":0,"max_hp_loss":0,"event_name":"Living Wall","floor":10,"gold_loss":0},{"damage_healed":0,"gold_gain":0,"player_choice":"Lose Max HP","damage_taken":0,"relics_obtained":["Golden Idol"],"max_hp_gain":0,"max_hp_loss":6,"event_name":"Golden Idol","floor":12,"gold_loss":0}],"is_beta":false,"boss_relics":[],"items_purged_floors":[14],"is_endless":false,"potions_floor_spawned":[2,5,8,11],"killed_by":"Hexaghost","ascension_level":0}