{"gold_per_floor":[119,137,35,35,103,133,133,13,91,149,169,169,182,198,198,198],"floor_reached":16,"playtime":459,"items_purged":["Regret"],"score":244,"play_id":"49e4f746-5261-4274-99a7-600eae3d23d7","local_time":"20181120153654","is_ascension_mode":true,"campfire_choices":[{"data":"Dagger Spray","floor":7,"key":"SMITH"},{"data":"Cloak And Dagger","floor":15,"key":"SMITH"}],"neow_cost":"NONE","seed_source_timestamp":352697398221308,"circlet_count":0,"master_deck":["AscendersBane","Defend_G","Defend_G","Defend_G","Defend_G","Defend_G","Strike_G","Strike_G","Strike_G","Strike_G","Strike_G","Survivor","Neutralize","Dagger Spray+1","PiercingWail","Swift Strike","Dagger Throw","Distraction","Finisher","Cloak And Dagger","Malaise","Cloak And Dagger+1"],"relics":["Ring of the Snake","NeowsBlessing","Thread and Needle","Blue Candle","FossilizedHelix","Kunai","Blood Vial","Lantern"],"potions_floor_usage":[10,11,11],"damage_taken":[{"damage":0,"enemies":"Jaw Worm","floor":1,"turns":1},{"damage":0,"enemies":"2 Louse","floor":2,"turns":1},{"damage":0,"enemies":"3 Sentries","floor":6,"turns":1},{"damage":41,"enemies":"Lagavulin Event","floor":10,"turns":8},{"damage":0,"enemies":"Cultist","floor":11,"turns":2},{"damage":0,"enemies":"Large Slime","floor":13,"turns":5},{"damage":0,"enemies":"2 Fungi Beasts","floor":14,"turns":2},{"damage":35,"enemies":"Slime Boss","floor":16,"turns":9}],"seed_played":"3029791323551648257","potions_obtained":[{"floor":2,"key":"GamblersBrew"},{"floor":6,"key":"AttackPotion"},{"floor":11,"key":"Fruit Juice"}],"is_trial":false,"path_per_floor":["M","M","$","?","T","E","R","$","T","?","M","T","M","M","R","B"],"character_chosen":"THE_SILENT","items_purchased":["Swift Strike","Distraction"],"campfire_rested":0,"item_purchase_floors":[3,8],"current_hp_per_floor":[59,59,59,59,59,59,59,59,59,18,25,25,27,29,29,0],"gold":198,"neow_bonus":"THREE_ENEMY_KILL","is_prod":false,"is_daily":false,"chose_seed":false,"campfire_upgraded":2,"win_rate":0,"timestamp":1542746214,"path_taken":["M","M","$","?","?","E","R","$","T","?","M","?","?","M","R","BOSS"],"build_version":"2018-11-15","purchased_purges":1,"victory":false,"max_hp_per_floor":[66,66,66,66,66,66,66,66,66,66,71,71,71,71,71,71],"card_choices":[{"not_picked":["Acrobatics","Choke"],"picked":"Dagger Spray","floor":1},{"not_picked":["Poisoned Stab","Slice"],"picked":"PiercingWail","floor":2},{"not_picked":["Deadly Poison","Poisoned Stab"],"picked":"Dagger Throw","floor":6},{"not_picked":["Slice","Backflip"],"picked":"Finisher","floor":10},{"not_picked":["Bane","Dagger Throw"],"picked":"Cloak And Dagger","floor":11},{"not_picked":["Backflip","Flechettes"],"picked":"Malaise","floor":13},{"not_picked":["Backflip","Dagger Spray"],"picked":"Cloak And Dagger","floor":14}],"player_experience":753589,"relics_obtained":[{"floor":5,"key":"Blue Candle"},{"floor":6,"key":"FossilizedHelix"},{"floor":9,"key":"Kunai"},{"floor":10,"key":"Blood Vial"},{"floor":12,"key":"Lantern"}],"event_choices":[{"damage_healed":0,"gold_gain":0,"player_choice":"Box","damage_taken":0,"relics_obtained":["Thread and Needle"],"max_hp_gain":0,"max_hp_loss":0,"event_name":"Big Fish","floor":4,"gold_loss":0,"cards_obtained":["Regret"]},{"damage_healed":0,"gold_gain":0,"player_choice":"Searched \u00272\u0027 times","damage_taken":0,"max_hp_gain":0,"max_hp_loss":0,"event_name":"Dead Adventurer","floor":10,"gold_loss":0}],"is_beta":false,"boss_relics":[],"items_purged_floors":[8],"is_endless":false,"potions_floor_spawned":[2,6,11],"killed_by":"Slime Boss","ascension_level":19}