{"gold_per_floor":[110,130,130,141,154,154,182,182,182,7,7,7,7,38,38,38],"floor_reached":16,"playtime":420,"items_purged":[],"score":216,"play_id":"1c533c01-9466-44f1-ba2f-6131855c57f7","local_time":"20190205115814","is_ascension_mode":true,"campfire_choices":[{"data":"Neutralize","floor":6,"key":"SMITH"},{"data":"Cloak And Dagger","floor":8,"key":"SMITH"},{"floor":13,"key":"REST"},{"data":"Envenom","floor":15,"key":"SMITH"}],"neow_cost":"CURSE","seed_source_timestamp":61127239965332,"circlet_count":0,"master_deck":["AscendersBane","Defend_G","Defend_G","Defend_G","Defend_G","Defend_G","Strike_G","Strike_G","Strike_G","Strike_G","Strike_G","Survivor","Neutralize+1","Clumsy","Die Die Die","Calculated Gamble","Dagger Spray+1","Dodge and Roll","PiercingWail","Cloak And Dagger+1","Envenom+1"],"relics":["Ring of the Snake","WingedGreaves","Letter Opener","Art of War","Bottled Tornado"],"potions_floor_usage":[5,7],"damage_taken":[{"damage":0,"enemies":"Small Slimes","floor":1,"turns":2},{"damage":0,"enemies":"Cultist","floor":2,"turns":4},{"damage":6,"enemies":"2 Louse","floor":4,"turns":2},{"damage":1,"enemies":"Exordium Wildlife","floor":5,"turns":4},{"damage":19,"enemies":"3 Sentries","floor":7,"turns":7},{"damage":17,"enemies":"Gremlin Nob","floor":14,"turns":4},{"damage":45,"enemies":"Slime Boss","floor":16,"turns":7}],"seed_played":"652368229511003596","potions_obtained":[{"floor":2,"key":"Fire Potion"},{"floor":4,"key":"EssenceOfSteel"}],"is_trial":false,"path_per_floor":["M","M","?","M","M","R","E","R","T","$","?","T","R","E","R","B"],"character_chosen":"THE_SILENT","items_purchased":["Envenom"],"campfire_rested":1,"item_purchase_floors":[10],"current_hp_per_floor":[59,59,59,53,52,52,33,33,33,33,33,33,52,35,35,0],"gold":38,"neow_bonus":"THREE_RARE_CARDS","is_prod":false,"is_daily":false,"chose_seed":false,"campfire_upgraded":3,"win_rate":0,"timestamp":1549385894,"path_taken":["M","M","?","?","M","R","E","R","T","$","?","?","R","E","R","BOSS"],"build_version":"2019-01-23","purchased_purges":0,"victory":false,"max_hp_per_floor":[66,66,66,66,66,66,66,66,66,66,66,66,66,66,66,66],"card_choices":[{"not_picked":["Night Terror","Storm of Steel"],"picked":"Die Die Die","floor":0},{"not_picked":["Concentrate","Dagger Throw"],"picked":"Calculated Gamble","floor":1},{"not_picked":["Poisoned Stab","Deadly Poison"],"picked":"Dagger Spray","floor":2},{"not_picked":["Dagger Throw","Deadly Poison"],"picked":"Dodge and Roll","floor":4},{"not_picked":["Sucker Punch","Bane"],"picked":"PiercingWail","floor":5},{"not_picked":["Prepared","Infinite Blades"],"picked":"Cloak And Dagger","floor":7},{"not_picked":["Caltrops","Crippling Poison","Prepared"],"picked":"SKIP","floor":14}],"player_experience":816932,"relics_obtained":[{"floor":7,"key":"WingedGreaves"},{"floor":9,"key":"Letter Opener"},{"floor":12,"key":"Art of War"},{"floor":14,"key":"Bottled Tornado"}],"event_choices":[{"damage_healed":0,"gold_gain":0,"player_choice":"Upgraded","damage_taken":0,"max_hp_gain":0,"max_hp_loss":0,"event_name":"Upgrade Shrine","floor":3,"gold_loss":0,"cards_upgraded":["Dagger Spray"]},{"damage_healed":0,"gold_gain":0,"player_choice":"Ignored","damage_taken":0,"max_hp_gain":0,"max_hp_loss":0,"event_name":"Golden Idol","floor":11,"gold_loss":0}],"is_beta":false,"boss_relics":[],"items_purged_floors":[],"is_endless":false,"potions_floor_spawned":[2,4],"killed_by":"Slime Boss","ascension_level":20}