{"gold_per_floor":[210,210,210,6,22,53,53,53,102,102,116,142,159,177,177,177],"floor_reached":16,"playtime":1052,"items_purged":[],"score":110,"play_id":"39f3a4e3-dbf7-4216-9d42-34e52c5db289","local_time":"20190429110711","is_ascension_mode":false,"campfire_choices":[{"floor":10,"key":"REST"},{"floor":15,"key":"REST"}],"neow_cost":"NONE","seed_source_timestamp":314520890017500,"circlet_count":0,"master_deck":["Defend_G","Defend_G","Defend_G+1","Defend_G","Defend_G","Strike_G","Strike_G","Strike_G","Strike_G","Strike_G","Survivor","Neutralize","Acrobatics+1","Poisoned Stab","Bane","Parasite","Well Laid Plans","Unload","Calculated Gamble","Deadly Poison"],"relics":["Ring of the Snake","OrangePellets","Meat on the Bone","Mummified Hand","Bronze Scales","Bag of Preparation"],"potions_floor_usage":[6,12,12],"damage_taken":[{"damage":0,"enemies":"Jaw Worm","floor":1,"turns":4},{"damage":0,"enemies":"2 Louse","floor":5,"turns":3},{"damage":48,"enemies":"3 Sentries","floor":6,"turns":14},{"damage":5,"enemies":"Small Slimes","floor":11,"turns":4},{"damage":24,"enemies":"Gremlin Nob","floor":12,"turns":5},{"damage":5,"enemies":"Looter","floor":13,"turns":2},{"damage":0,"enemies":"Blue Slaver","floor":14,"turns":3},{"damage":63,"enemies":"Slime Boss","floor":16,"turns":11}],"seed_played":"7999752191304385093","potions_obtained":[{"floor":1,"key":"Poison Potion"},{"floor":5,"key":"PowerPotion"},{"floor":11,"key":"Block Potion"}],"is_trial":false,"path_per_floor":["M","?","?","$","M","E","?","T","T","R","M","E","M","M","R","B"],"character_chosen":"THE_SILENT","items_purchased":["OrangePellets"],"campfire_rested":2,"item_purchase_floors":[4],"current_hp_per_floor":[70,70,56,56,56,8,25,25,25,46,41,29,36,36,57,0],"gold":177,"neow_bonus":"HUNDRED_GOLD","is_prod":false,"is_daily":false,"chose_seed":false,"campfire_upgraded":0,"win_rate":0.0,"timestamp":1556550431,"path_taken":["M","?","?","$","M","E","?","?","T","R","M","E","M","M","R","BOSS"],"build_version":"2019-01-23","purchased_purges":0,"victory":false,"max_hp_per_floor":[70,70,70,70,70,70,70,70,70,70,70,70,70,70,70,70],"card_choices":[{"not_picked":["Choke","Dagger Spray"],"picked":"Acrobatics","floor":1},{"not_picked":["Underhanded Strike","Bane"],"picked":"Poisoned Stab","floor":5},{"not_picked":["Dodge and Roll","Quick Slash"],"picked":"Bane","floor":6},{"not_picked":["Escape Plan","Dodge and Roll"],"picked":"Well Laid Plans","floor":11},{"not_picked":["Blur","Poisoned Stab"],"picked":"Unload","floor":12},{"not_picked":["Dagger Spray","Quick Slash"],"picked":"Calculated Gamble","floor":13},{"not_picked":["Blade Dance","Quick Slash"],"picked":"Deadly Poison","floor":14}],"player_experience":29038,"relics_obtained":[{"floor":6,"key":"Meat on the Bone"},{"floor":8,"key":"Mummified Hand"},{"floor":9,"key":"Bronze Scales"},{"floor":12,"key":"Bag of Preparation"}],"event_choices":[{"damage_healed":0,"gold_gain":0,"player_choice":"Leave","damage_taken":0,"max_hp_gain":0,"max_hp_loss":0,"event_name":"The Cleric","floor":2,"gold_loss":0},{"damage_healed":0,"gold_gain":0,"player_choice":"Entered Light","damage_taken":14,"max_hp_gain":0,"max_hp_loss":0,"event_name":"Shining Light","floor":3,"gold_loss":0,"cards_upgraded":["Acrobatics","Defend_G"]},{"damage_healed":17,"gold_gain":0,"player_choice":"Healed and dodged fight","damage_taken":0,"max_hp_gain":0,"max_hp_loss":0,"event_name":"Mushrooms","floor":7,"gold_loss":0,"cards_obtained":["Parasite"]}],"is_beta":false,"boss_relics":[],"items_purged_floors":[],"is_endless":false,"potions_floor_spawned":[1,5,11],"killed_by":"Slime Boss","ascension_level":0}