{"gold_per_floor":[118,118,137,156,156,156,172,187,210,240,257],"floor_reached":11,"playtime":408,"items_purged":[],"score":77,"play_id":"ea0dc045-e52d-45b8-a1c2-fff7e0878eff","local_time":"20190322125412","is_ascension_mode":false,"campfire_choices":[{"floor":6,"key":"RECALL"}],"neow_cost":"NONE","seed_source_timestamp":227624906742800,"circlet_count":0,"master_deck":["Defend_G","Defend_G","Defend_G","Defend_G","Strike_G","Strike_G","Strike_G","Strike_G","Survivor","Neutralize","Blade Dance","Deadly Poison","Madness","Accuracy","Catalyst","Setup"],"relics":["Ring of the Snake","Bag of Marbles"],"potions_floor_usage":[8,10],"damage_taken":[{"damage":1,"enemies":"2 Louse","floor":1,"turns":3},{"damage":4,"enemies":"Cultist","floor":3,"turns":4},{"damage":0,"enemies":"Small Slimes","floor":4,"turns":2},{"damage":10,"enemies":"Blue Slaver","floor":7,"turns":4},{"damage":17,"enemies":"Gremlin Gang","floor":8,"turns":3},{"damage":19,"enemies":"3 Sentries","floor":10,"turns":8},{"damage":14,"enemies":"Looter","floor":11,"turns":4}],"seed_played":"4890507733002653415","potions_obtained":[{"floor":1,"key":"Poison Potion"},{"floor":3,"key":"Strength Potion"},{"floor":4,"key":"Poison Potion"}],"is_trial":false,"path_per_floor":["M","?","M","M","?","R","M","M","T","E","M"],"character_chosen":"THE_SILENT","items_purchased":[],"campfire_rested":0,"item_purchase_floors":[],"current_hp_per_floor":[69,69,65,65,65,65,55,38,38,19,5],"gold":257,"neow_bonus":"REMOVE_CARD","is_prod":false,"is_daily":false,"chose_seed":false,"campfire_upgraded":0,"win_rate":0,"timestamp":1553230452,"path_taken":["M","?","M","M","?","R","M","?","T","E","?"],"build_version":"2019-01-23","purchased_purges":0,"victory":false,"max_hp_per_floor":[70,70,70,70,70,70,70,70,70,70,70],"card_choices":[{"not_picked":["All Out Attack","Dash"],"picked":"Blade Dance","floor":1},{"not_picked":["All Out Attack","Dagger Spray","Flying Knee"],"picked":"SKIP","floor":3},{"not_picked":["Flying Knee","Sucker Punch"],"picked":"Deadly Poison","floor":4},{"not_picked":["Expertise","Quick Slash","Skewer"],"picked":"SKIP","floor":7},{"not_picked":["Reflex","Prepared"],"picked":"Catalyst","floor":8},{"not_picked":["Dagger Throw","Footwork","Slice"],"picked":"SKIP","floor":10},{"not_picked":["Acrobatics","Flying Knee"],"picked":"Setup","floor":11}],"player_experience":423144,"relics_obtained":[{"floor":10,"key":"Bag of Marbles"}],"event_choices":[{"cards_removed":["Strike_G"],"damage_healed":0,"gold_gain":0,"player_choice":"Forget","damage_taken":0,"max_hp_gain":0,"max_hp_loss":0,"event_name":"Living Wall","floor":2,"gold_loss":0},{"damage_healed":0,"gold_gain":0,"player_choice":"2 cards matched","damage_taken":0,"max_hp_gain":0,"max_hp_loss":0,"event_name":"Match and Keep!","floor":5,"gold_loss":0,"cards_obtained":["Madness","Accuracy"]}],"is_beta":false,"boss_relics":[],"items_purged_floors":[],"is_endless":false,"potions_floor_spawned":[1,3,4],"killed_by":"Looter","ascension_level":0}