{"gold_per_floor":[111,111,111,129,129,129,173,185,245,257,289,337,68,92,92,215,215,231,254,254,113,136,136],"floor_reached":23,"playtime":824,"items_purged":["Strike_B"],"score":279,"play_id":"9fe842c6-d8f1-4b4c-a362-68f046859e72","local_time":"20181004232408","is_ascension_mode":true,"campfire_choices":[{"floor":6.0,"key":"REST"},{"floor":8.0,"key":"REST"},{"floor":10.0,"key":"REST"},{"floor":15.0,"key":"REST"}],"neow_cost":"PERCENT_DAMAGE","seed_source_timestamp":0,"circlet_count":0,"master_deck":["Defend_B+1","Defend_B","Defend_B","Defend_B+1","Zap","Dualcast","Static Discharge","Cold Snap","Echo Form","Capacitor","Defragment","Redo+1","Self Repair","Creative AI","Tempest+1","Rebound","Defragment","Thunder Strike","Force Field+1","Leap+1"],"special_seed":0,"relics":["Cracked Core","Golden Idol","MawBank","Anchor","Toxic Egg 2","Lantern","Black Star"],"potions_floor_usage":[22],"damage_taken":[{"damage":4.0,"enemies":"Jaw Worm","floor":1.0,"turns":4.0},{"damage":2.0,"enemies":"2 Louse","floor":4.0,"turns":4.0},{"damage":30.0,"enemies":"Gremlin Nob","floor":7.0,"turns":5.0},{"damage":10.0,"enemies":"Small Slimes","floor":11.0,"turns":4.0},{"damage":10.0,"enemies":"Lagavulin","floor":12.0,"turns":7.0},{"damage":14.0,"enemies":"Exordium Thugs","floor":14.0,"turns":6.0},{"damage":4.0,"enemies":"Hexaghost","floor":16.0,"turns":10.0},{"damage":20,"enemies":"Shell Parasite","floor":18,"turns":9},{"damage":22,"enemies":"Spheric Guardian","floor":19,"turns":5},{"damage":33,"enemies":"Shelled Parasite and Fungi","floor":22,"turns":3},{"damage":25,"enemies":"Book of Stabbing","floor":23,"turns":4}],"seed_played":"-7578033827864963261","potions_obtained":[{"floor":4.0,"key":"Explosive Potion"},{"floor":7.0,"key":"SpeedPotion"},{"floor":12.0,"key":"Energy Potion"},{"floor":14.0,"key":"Strength Potion"},{"floor":19,"key":"SmokeBomb"}],"is_trial":false,"path_per_floor":["M","?","?","M","?","R","E","R","T","R","M","E","$","M","R","B",null,"M","M","?","$","M"],"character_chosen":"DEFECT","items_purchased":["Redo+1","Lantern","Thunder Strike","Force Field+1"],"campfire_rested":4,"item_purchase_floors":[13,13,21,21],"current_hp_per_floor":[46,46,28,26,11,33,3,25,25,47,37,27,27,13,35,38,66,53,45,45,45,19,0],"gold":136,"neow_bonus":"TRANSFORM_TWO_CARDS","is_prod":false,"is_daily":false,"chose_seed":false,"campfire_upgraded":0,"win_rate":0,"timestamp":1538688248,"path_taken":["M","?","?","M","?","R","E","R","T","R","M","E","?","M","R","BOSS","BOSS","M","?","?","$","M","E"],"build_version":"2018-10-04","purchased_purges":1,"victory":false,"max_hp_per_floor":[75,75,75,75,75,75,75,75,75,75,75,75,75,75,75,75,75,75,75,75,75,75,75],"card_choices":[{"not_picked":["Beam Cell","Chaos"],"picked":"Cold Snap","floor":1.0},{"not_picked":["Double Energy","Lockon"],"picked":"Capacitor","floor":4.0},{"not_picked":["Amplify","Steam Power","Coolheaded"],"picked":"SKIP","floor":7.0},{"not_picked":["Compile Driver","Ball Lightning"],"picked":"Cold Snap","floor":11.0},{"not_picked":["Chaos","Hologram"],"picked":"Defragment","floor":12.0},{"not_picked":["Recycle+1","Ball Lightning"],"picked":"Self Repair","floor":14.0},{"not_picked":["Thunder Strike","Meteor Strike"],"picked":"Creative AI","floor":16},{"not_picked":["Barrage","Reinforced Body+1"],"picked":"Tempest+1","floor":18},{"not_picked":["Streamline","Gash","Barrage"],"picked":"SKIP","floor":19},{"not_picked":["Rebound","Hologram+1"],"picked":"Leap+1","floor":22}],"player_experience":147190,"relics_obtained":[{"floor":7.0,"key":"MawBank"},{"floor":9.0,"key":"Anchor"},{"floor":12.0,"key":"Toxic Egg 2"}],"event_choices":[{"event_name":"Living Wall","player_choice":"Change","floor":2.0,"damage_taken":0.0},{"event_name":"Golden Idol","player_choice":"Take Damage","floor":3.0,"damage_taken":0.0},{"event_name":"Shining Light","player_choice":"Entered Light","floor":5.0,"damage_taken":0.0},{"event_name":"Drug Dealer","player_choice":"Became Test Subject","floor":20,"damage_taken":0}],"is_beta":true,"boss_relics":[{"not_picked":["Inserter","Eternal Feather"],"picked":"Black Star"}],"items_purged_floors":[13],"is_endless":false,"potions_floor_spawned":[4,7,12,14,19],"killed_by":"Book of Stabbing","ascension_level":8}