{"gold_per_floor":[359,96,96,271,17,17,45,61,115,131,161,53,67,67,67,167,167,181,181],"floor_reached":19,"playtime":779,"items_purged":["Doubt"],"score":228,"play_id":"54d2fe31-44ed-4164-b844-c853f0ce768f","local_time":"20190321222910","is_ascension_mode":true,"campfire_choices":[{"floor":6,"key":"REST"},{"floor":15,"key":"REST"}],"neow_cost":"CURSE","seed_source_timestamp":740414238330677,"circlet_count":0,"master_deck":["Defend_G","Defend_G+1","Defend_G+1","Defend_G","Defend_G","Strike_G","Strike_G","Strike_G","Strike_G","Strike_G","Survivor","Neutralize","Injury","Dagger Throw","Infinite Blades","Sadistic Nature","Noxious Fumes","Poisoned Stab","Setup","Deadly Poison","Poisoned Stab","Expertise","Concentrate","Poisoned Stab","Corpse Explosion","Prepared"],"relics":["Ring of the Snake","ClockworkSouvenir","Pantograph","Orichalcum","Snake Skull","Anchor","Eternal Feather"],"potions_floor_usage":[7,11,16,19],"damage_taken":[{"damage":0,"enemies":"Small Slimes","floor":1,"turns":3},{"damage":26,"enemies":"Gremlin Nob","floor":7,"turns":4},{"damage":0,"enemies":"2 Louse","floor":8,"turns":3},{"damage":4,"enemies":"Jaw Worm","floor":10,"turns":3},{"damage":22,"enemies":"3 Sentries","floor":11,"turns":7},{"damage":3,"enemies":"Red Slaver","floor":13,"turns":3},{"damage":25,"enemies":"Hexaghost","floor":16,"turns":6},{"damage":26,"enemies":"2 Thieves","floor":18,"turns":4},{"damage":17,"enemies":"Colosseum Slavers","floor":19,"turns":3},{"damage":17,"enemies":"Colosseum Nobs","floor":19,"turns":2}],"seed_played":"5768241672584535768","potions_obtained":[{"floor":1,"key":"Poison Potion"},{"floor":7,"key":"SkillPotion"},{"floor":11,"key":"SteroidPotion"},{"floor":18,"key":"PowerPotion"}],"is_trial":false,"path_per_floor":["M","$","?","?","$","R","E","M","T","M","E","$","M","?","R","B",null,"M","?"],"character_chosen":"THE_SILENT","items_purchased":["ClockworkSouvenir","Infinite Blades","Sadistic Nature","Noxious Fumes","Poisoned Stab","Concentrate"],"campfire_rested":2,"item_purchase_floors":[2,2,5,5,5,12],"current_hp_per_floor":[63,63,49,49,49,70,44,44,44,40,18,18,15,3,24,24,59,33,0],"gold":181,"neow_bonus":"TWO_FIFTY_GOLD","is_prod":false,"is_daily":false,"chose_seed":false,"campfire_upgraded":0,"win_rate":0,"timestamp":1553232550,"path_taken":["M","$","?","?","?","R","E","M","T","M","E","$","?","?","R","BOSS","M","?"],"build_version":"2019-01-23","purchased_purges":1,"victory":false,"max_hp_per_floor":[70,70,70,70,70,70,70,70,70,70,70,70,70,70,70,70,70,70,70],"card_choices":[{"not_picked":["Cloak And Dagger","Backflip"],"picked":"Dagger Throw","floor":1},{"not_picked":["PiercingWail","Doppelganger"],"picked":"Setup","floor":7},{"not_picked":["Calculated Gamble","Underhanded Strike"],"picked":"Deadly Poison","floor":8},{"not_picked":["Slice","PiercingWail"],"picked":"Poisoned Stab","floor":10},{"not_picked":["Setup","Endless Agony"],"picked":"Expertise","floor":11},{"not_picked":["Cloak And Dagger","Bane"],"picked":"Poisoned Stab","floor":13},{"not_picked":["Envenom","Storm of Steel"],"picked":"Corpse Explosion","floor":16},{"not_picked":["Riddle With Holes","PiercingWail"],"picked":"Prepared","floor":18}],"player_experience":373972,"relics_obtained":[{"floor":7,"key":"Pantograph"},{"floor":9,"key":"Orichalcum"},{"floor":11,"key":"Snake Skull"}],"event_choices":[{"damage_healed":0,"gold_gain":0,"player_choice":"Entered Light","damage_taken":14,"max_hp_gain":0,"max_hp_loss":0,"event_name":"Shining Light","floor":3,"gold_loss":0,"cards_upgraded":["Defend_G","Defend_G"]},{"damage_healed":0,"gold_gain":175,"player_choice":"AGREE","damage_taken":0,"max_hp_gain":0,"max_hp_loss":0,"event_name":"Liars Game","floor":4,"gold_loss":0,"cards_obtained":["Doubt"]},{"damage_healed":0,"gold_gain":0,"player_choice":"Success","damage_taken":12,"relics_obtained":["Anchor"],"max_hp_gain":0,"max_hp_loss":0,"event_name":"Scrap Ooze","floor":14,"gold_loss":0},{"damage_healed":0,"gold_gain":0,"player_choice":"Fight","damage_taken":0,"max_hp_gain":0,"max_hp_loss":0,"event_name":"Colosseum","floor":19,"gold_loss":0},{"damage_healed":0,"gold_gain":0,"player_choice":"Fought Nobs","damage_taken":0,"max_hp_gain":0,"max_hp_loss":0,"event_name":"Colosseum","floor":19,"gold_loss":0}],"is_beta":false,"boss_relics":[{"not_picked":["Empty Cage","Runic Dome"],"picked":"Eternal Feather"}],"items_purged_floors":[12],"is_endless":false,"potions_floor_spawned":[1,7,11,18],"killed_by":"Colosseum Nobs","ascension_level":6}