{"gold_per_floor":[110,73,92,92,112,145,145,172,172,197,47,58,108,128,128,207,207,222,53,53,70,70],"floor_reached":22,"playtime":626,"items_purged":[],"score":369,"play_id":"71172ad3-4315-40bb-ae4e-6509b6bb694f","local_time":"20181108050518","is_ascension_mode":true,"campfire_choices":[{"floor":7.0,"key":"REST"},{"floor":15.0,"key":"REST"}],"neow_cost":"NONE","seed_source_timestamp":0,"circlet_count":0,"master_deck":["AscendersBane","Strike_B","Strike_B","Strike_B","Defend_B","Defend_B","Defend_B","Defend_B","Zap","Dualcast","Undo","Doom and Gloom","Ball Lightning","Darkness","Ball Lightning","Beam Cell","Glacier","Finesse","Self Repair","Echo Form","Self Repair"],"special_seed":0,"relics":["Cracked Core","NeowsBlessing","Pen Nib","Bottled Lightning","Gremlin Horn","The Courier","Busted Crown","Strawberry"],"potions_floor_usage":[18],"damage_taken":[{"damage":0.0,"enemies":"Cultist","floor":1.0,"turns":1.0},{"damage":0.0,"enemies":"Small Slimes","floor":3.0,"turns":1.0},{"damage":0.0,"enemies":"Jaw Worm","floor":5.0,"turns":1.0},{"damage":27.0,"enemies":"Lagavulin","floor":6.0,"turns":4.0},{"damage":7.0,"enemies":"3 Sentries","floor":8.0,"turns":4.0},{"damage":30.0,"enemies":"3 Sentries","floor":10.0,"turns":4.0},{"damage":1.0,"enemies":"Exordium Thugs","floor":12.0,"turns":5.0},{"damage":7.0,"enemies":"Looter","floor":14.0,"turns":4.0},{"damage":33.0,"enemies":"Slime Boss","floor":16.0,"turns":7.0},{"damage":26,"enemies":"2 Thieves","floor":18,"turns":4},{"damage":38,"enemies":"Chosen","floor":21,"turns":5},{"damage":24,"enemies":"Snake Plant","floor":22,"turns":3}],"seed_played":"8562252461966230371","potions_obtained":[{"floor":1.0,"key":"GamblersBrew"},{"floor":6.0,"key":"Energy Potion"},{"floor":16.0,"key":"Weak Potion"},{"floor":20,"key":"Ancient Potion"},{"floor":20,"key":"Energy Potion"}],"is_trial":false,"path_per_floor":["M","$","M","?","M","E","R","E","T","?","$","M","?","M","R","B",null,"M","$","?","M","M"],"character_chosen":"DEFECT","items_purchased":["Doom and Gloom","Glacier","Finesse","Strawberry","Self Repair"],"campfire_rested":2,"item_purchase_floors":[2,11,11,19,19],"current_hp_per_floor":[64,64,64,64,64,37,58,51,51,21,21,20,20,20,41,15,57,38,45,45,21,0],"gold":70,"neow_bonus":"THREE_ENEMY_KILL","is_prod":false,"is_daily":false,"chose_seed":false,"campfire_upgraded":0,"win_rate":0,"timestamp":1541671518,"path_taken":["M","?","M","?","?","E","R","E","T","?","?","M","?","?","R","BOSS","M","$","?","M","M"],"build_version":"2018-11-01","purchased_purges":0,"victory":false,"max_hp_per_floor":[71,71,71,71,71,71,71,71,71,71,71,71,71,71,71,71,71,71,78,78,78,78],"card_choices":[{"not_picked":["Skim","Capacitor"],"picked":"Undo","floor":1.0},{"not_picked":["Compile Driver","Redo"],"picked":"Ball Lightning","floor":3.0},{"not_picked":["Go for the Eyes","Leap"],"picked":"Darkness","floor":5.0},{"not_picked":["Machine Learning","Rebound"],"picked":"Ball Lightning","floor":6.0},{"not_picked":["Blizzard","Coolheaded","Tempest"],"picked":"SKIP","floor":8.0},{"not_picked":["Ball Lightning","Reinforced Body"],"picked":"Beam Cell","floor":10.0},{"not_picked":["Hologram","Coolheaded"],"picked":"Self Repair","floor":12.0},{"not_picked":["Ball Lightning","Compile Driver","Sweeping Beam"],"picked":"SKIP","floor":14.0},{"not_picked":["Multi-Cast","Meteor Strike"],"picked":"Echo Form","floor":16.0},{"not_picked":["Leap"],"picked":"SKIP","floor":18},{"not_picked":["Beam Cell"],"picked":"SKIP","floor":21}],"player_experience":702058,"relics_obtained":[{"floor":6.0,"key":"Pen Nib"},{"floor":8.0,"key":"Bottled Lightning"},{"floor":9.0,"key":"Gremlin Horn"},{"floor":10.0,"key":"The Courier"}],"event_choices":[{"cards_removed":["Strike_B"],"damage_healed":0.0,"max_hp_gain":0.0,"max_hp_loss":0.0,"gold_gain":0.0,"event_name":"Bonfire Elementals","player_choice":"Offered Basic","floor":4.0,"gold_loss":0.0,"damage_taken":0.0},{"damage_healed":0.0,"max_hp_gain":0.0,"max_hp_loss":0.0,"gold_gain":30.0,"event_name":"Dead Adventurer","player_choice":"Searched \u00272\u0027 times","floor":10.0,"gold_loss":0.0,"damage_taken":0.0},{"damage_healed":0.0,"max_hp_gain":0.0,"max_hp_loss":0.0,"gold_gain":50.0,"event_name":"Golden Shrine","player_choice":"Pray","floor":13.0,"gold_loss":0.0,"damage_taken":0.0},{"damage_healed":0,"gold_gain":0,"player_choice":"Got Potions","damage_taken":0,"max_hp_gain":0,"max_hp_loss":0,"event_name":"Lab","floor":20,"gold_loss":0}],"is_beta":false,"boss_relics":[{"not_picked":["Empty Cage","Eternal Feather"],"picked":"Busted Crown"}],"items_purged_floors":[],"is_endless":false,"potions_floor_spawned":[1,6,16],"killed_by":"Snake Plant","ascension_level":18}