{"gold_per_floor":[117,136,136,146,146,146,171,171,226,226,260,30,30,30,30,108,108,126,126,126],"floor_reached":20,"playtime":637,"items_purged":[],"score":319,"play_id":"a2708bc0-014d-42e4-9844-08de81c98ba5","local_time":"20181109182534","is_ascension_mode":true,"campfire_choices":[{"data":"Neutralize","floor":6.0,"key":"SMITH"},{"data":"Infinite Blades","floor":8,"key":"SMITH"},{"data":"Accuracy","floor":10,"key":"SMITH"},{"data":"Glass Knife","floor":13,"key":"SMITH"},{"floor":15,"key":"REST"}],"neow_cost":"CURSE","seed_source_timestamp":0,"circlet_count":0,"master_deck":["AscendersBane","Survivor","Neutralize+1","Clumsy","Deadly Poison","Bane+1","Accuracy+1","Infinite Blades+1","Distraction","Envenom+1","Glass Knife+1","Corpse Explosion","Heel Hook","Eviscerate","Poisoned Stab","Infinite Blades+1","Outmaneuver","Slice","Distraction","Flying Knee","Backflip","Deflect","Catalyst+1"],"special_seed":0,"relics":["Ring of the Snake","Gambling Chip","Odd Mushroom","Tiny Chest","Frozen Egg 2","Pandora\u0027s Box","Regal Pillow"],"potions_floor_usage":[7,11,16,20],"damage_taken":[{"damage":11.0,"enemies":"Cultist","floor":1.0,"turns":4.0},{"damage":2.0,"enemies":"Small Slimes","floor":2.0,"turns":5.0},{"damage":1.0,"enemies":"Jaw Worm","floor":4.0,"turns":2.0},{"damage":6,"enemies":"The Mushroom Lair","floor":7,"turns":4},{"damage":34,"enemies":"3 Sentries","floor":11,"turns":8},{"damage":24,"enemies":"The Guardian","floor":16,"turns":10},{"damage":29,"enemies":"2 Thieves","floor":18,"turns":3},{"damage":19,"enemies":"Shell Parasite","floor":20,"turns":4}],"seed_played":"4633161307727966801","potions_obtained":[{"floor":4.0,"key":"Explosive Potion"},{"floor":7,"key":"Dexterity Potion"},{"floor":11,"key":"PowerPotion"},{"floor":18,"key":"AttackPotion"}],"is_trial":false,"path_per_floor":["M","M","?","M","?","R","?","R","T","R","E","$","R","$","R","B",null,"M","T","M"],"character_chosen":"THE_SILENT","items_purchased":["Envenom+1","Glass Knife"],"campfire_rested":1,"item_purchase_floors":[12,12],"current_hp_per_floor":[48,46,46,45,66,66,60,60,60,60,26,26,26,26,45,21,55,26,26,7],"gold":126,"neow_bonus":"ONE_RARE_RELIC","is_prod":false,"is_daily":false,"chose_seed":false,"campfire_upgraded":4,"win_rate":0,"timestamp":1541805934,"path_taken":["M","M","?","M","?","R","?","R","T","R","E","$","R","?","R","BOSS","M","?","M"],"build_version":"2018-11-08","purchased_purges":0,"victory":false,"max_hp_per_floor":[66,66,66,66,66,66,66,66,66,66,66,66,66,66,66,66,66,66,66,66],"card_choices":[{"not_picked":["Deflect","Tactician"],"picked":"Deadly Poison","floor":1.0},{"not_picked":["Calculated Gamble","PiercingWail"],"picked":"Bane","floor":2.0},{"not_picked":["Sucker Punch","Eviscerate"],"picked":"Accuracy","floor":4.0},{"not_picked":["Dagger Spray","Escape Plan"],"picked":"Infinite Blades","floor":7},{"not_picked":["Dagger Spray","Well Laid Plans"],"picked":"Distraction","floor":11},{"not_picked":["Malaise","Doppelganger"],"picked":"Corpse Explosion","floor":16},{"not_picked":["PiercingWail","Dagger Throw"],"picked":"Catalyst+1","floor":18}],"player_experience":711174,"relics_obtained":[{"floor":7,"key":"Odd Mushroom"},{"floor":9,"key":"Tiny Chest"},{"floor":11,"key":"Frozen Egg 2"},{"floor":19,"key":"Regal Pillow"}],"event_choices":[{"damage_healed":0.0,"max_hp_gain":0.0,"max_hp_loss":0.0,"gold_gain":0.0,"event_name":"Living Wall","player_choice":"Grow","floor":3.0,"gold_loss":0.0,"damage_taken":0.0,"cards_upgraded":["Bane"]},{"damage_healed":22.0,"max_hp_gain":0.0,"max_hp_loss":0.0,"gold_gain":0.0,"event_name":"Big Fish","player_choice":"Banana","floor":5.0,"gold_loss":0.0,"damage_taken":0.0},{"damage_healed":0,"gold_gain":0,"player_choice":"Fought Mushrooms","damage_taken":0,"max_hp_gain":0,"max_hp_loss":0,"event_name":"Mushrooms","floor":7,"gold_loss":0}],"is_beta":false,"boss_relics":[{"not_picked":["Calling Bell","Runic Pyramid"],"picked":"Pandora\u0027s Box"}],"items_purged_floors":[],"is_endless":false,"potions_floor_spawned":[4,7,11,18],"killed_by":"Shell Parasite","ascension_level":18}