{"gold_per_floor":[16,32,42,42,62,62,87,87,164,264,264,283,317,331,331,433,433,453,453,378,395,320,320,354,180,180,208,223,98,98,110,110,210,210,222,222,72,85,95,130,144,171,196,196,213,223,223,235,235,235],"floor_reached":51,"playtime":1865,"items_purged":["Strike_R","Bash","Strike_R","Strike_R"],"score":1043,"play_id":"63d869ab-f3d0-4f7d-a652-8c52bd346a28","local_time":"20190417222746","is_ascension_mode":true,"campfire_choices":[{"data":"Demon Form","floor":6,"key":"SMITH"},{"data":"1","floor":8,"key":"LIFT"},{"data":"2","floor":11,"key":"LIFT"},{"data":"3","floor":15,"key":"LIFT"},{"data":"Sword Boomerang","floor":23,"key":"SMITH"},{"floor":30,"key":"REST"},{"data":"Limit Break","floor":32,"key":"SMITH"},{"data":"Pommel Strike","floor":44,"key":"SMITH"},{"data":"Shrug It Off","floor":49,"key":"SMITH"}],"neow_cost":"NO_GOLD","seed_source_timestamp":567753511704400,"circlet_count":0,"master_deck":["Strike_R","Defend_R","Defend_R","Defend_R","Defend_R","Demon Form+1","Pommel Strike+1","Shrug It Off+1","Twin Strike","Offering","Sword Boomerang+1","Limit Break+1","Shockwave+1","Feed","Reaper","Shrug It Off","Sword Boomerang+1","Metallicize+1"],"relics":["Burning Blood","Girya","Letter Opener","Centennial Puzzle","Velvet Choker","MutagenicStrength","Pantograph","Unceasing Top","Ice Cream","Lizard Tail","Question Card","Dream Catcher","Smiling Mask"],"potions_floor_usage":[7,13,24,27,28,50,50],"damage_taken":[{"damage":6,"enemies":"Small Slimes","floor":1,"turns":6},{"damage":1,"enemies":"Cultist","floor":2,"turns":3},{"damage":5,"enemies":"2 Louse","floor":3,"turns":3},{"damage":8,"enemies":"Exordium Wildlife","floor":5,"turns":4},{"damage":20,"enemies":"Lagavulin","floor":7,"turns":5},{"damage":6,"enemies":"Large Slime","floor":12,"turns":4},{"damage":18,"enemies":"Gremlin Nob","floor":13,"turns":3},{"damage":11,"enemies":"Exordium Thugs","floor":14,"turns":4},{"damage":25,"enemies":"The Guardian","floor":16,"turns":5},{"damage":20,"enemies":"2 Thieves","floor":18,"turns":3},{"damage":6,"enemies":"Chosen","floor":21,"turns":2},{"damage":18,"enemies":"Slavers","floor":24,"turns":2},{"damage":19,"enemies":"Gremlin Leader","floor":27,"turns":4},{"damage":15,"enemies":"Sentry and Sphere","floor":28,"turns":4},{"damage":13,"enemies":"Snake Plant","floor":31,"turns":2},{"damage":14,"enemies":"Automaton","floor":33,"turns":4},{"damage":12,"enemies":"Orb Walker","floor":35,"turns":3},{"damage":19,"enemies":"3 Darklings","floor":38,"turns":4},{"damage":30,"enemies":"Sphere and 2 Shapes","floor":39,"turns":4},{"damage":22,"enemies":"Reptomancer","floor":40,"turns":3},{"damage":26,"enemies":"Writhing Mass","floor":41,"turns":4},{"damage":8,"enemies":"Giant Head","floor":42,"turns":4},{"damage":36,"enemies":"Maw","floor":45,"turns":3},{"damage":22,"enemies":"4 Shapes","floor":46,"turns":1},{"damage":39,"enemies":"3 Darklings","floor":48,"turns":3},{"damage":46,"enemies":"Awakened One","floor":50,"turns":6}],"seed_played":"7341642791289994315","potions_obtained":[{"floor":2,"key":"EssenceOfSteel"},{"floor":5,"key":"AttackPotion"},{"floor":7,"key":"Regen Potion"},{"floor":16,"key":"EssenceOfSteel"},{"floor":21,"key":"SteroidPotion"},{"floor":24,"key":"Fire Potion"},{"floor":28,"key":"GamblersBrew"},{"floor":33,"key":"Dexterity Potion"},{"floor":38,"key":"Energy Potion"},{"floor":39,"key":"Dexterity Potion"},{"floor":47,"key":"EssenceOfSteel"},{"floor":47,"key":"Block Potion"}],"is_trial":false,"path_per_floor":["M","M","M","?","M","R","E","R","T","?","R","M","E","M","R","B",null,"M","?","?","M","$","R","E","$","T","E","M","$","R","M","R","B",null,"M","?","$","M","M","E","M","E","T","R","M","M","?","M","R","B",null],"character_chosen":"IRONCLAD","items_purchased":["Feed"],"campfire_rested":1,"item_purchase_floors":[25],"current_hp_per_floor":[72,77,78,78,76,76,62,62,62,62,62,62,50,45,45,26,67,53,53,53,53,53,53,41,41,41,28,22,22,46,39,39,56,76,83,83,83,82,58,73,53,76,76,76,46,80,80,81,81,65],"gold":235,"neow_bonus":"THREE_RARE_CARDS","is_prod":false,"is_daily":false,"chose_seed":false,"campfire_upgraded":5,"win_rate":0,"timestamp":1555511266,"path_taken":["M","M","M","?","?","R","E","R","T","?","R","M","E","M","R","BOSS","M","?","?","M","?","R","E","$","T","E","M","$","R","M","R","BOSS","M","?","$","M","M","E","M","E","T","R","M","M","?","?","R","BOSS"],"build_version":"2019-01-23","purchased_purges":4,"victory":true,"max_hp_per_floor":[80,80,80,80,80,80,80,80,80,80,80,80,80,80,80,80,80,80,80,80,80,80,80,80,80,80,80,83,83,83,83,83,83,83,83,83,83,83,83,83,83,86,86,86,86,86,86,86,86,86],"card_choices":[{"not_picked":["Double Tap","Impervious"],"picked":"Demon Form","floor":0},{"not_picked":["Havoc","Inflame"],"picked":"Pommel Strike","floor":1},{"not_picked":["Warcry","Pommel Strike"],"picked":"Shrug It Off","floor":2},{"not_picked":["Warcry","Dual Wield","True Grit"],"picked":"SKIP","floor":3},{"not_picked":["Warcry","Uppercut","Headbutt"],"picked":"SKIP","floor":5},{"not_picked":["Metallicize","Evolve"],"picked":"Offering","floor":7},{"not_picked":["Wild Strike","Flex","Hemokinesis"],"picked":"SKIP","floor":12},{"not_picked":["Thunderclap","Reckless Charge","Burning Pact"],"picked":"SKIP","floor":13},{"not_picked":["Body Slam","Warcry"],"picked":"Sword Boomerang","floor":14},{"not_picked":["Whirlwind","True Grit","Wild Strike"],"picked":"SKIP","floor":18},{"not_picked":["Clash","Burning Pact"],"picked":"Limit Break","floor":21},{"not_picked":["Spot Weakness+1","Infernal Blade+1"],"picked":"Shockwave+1","floor":24},{"not_picked":["Anger","Disarm","Reckless Charge"],"picked":"SKIP","floor":27},{"not_picked":["Power Through","Havoc","Heavy Blade+1"],"picked":"SKIP","floor":28},{"not_picked":["Warcry","Iron Wave","Headbutt"],"picked":"SKIP","floor":31},{"not_picked":["Demon Form","Barricade"],"picked":"Reaper","floor":33},{"not_picked":["Anger+1","Pummel","Clothesline+1"],"picked":"SKIP","floor":35},{"not_picked":["Armaments","Blood for Blood","Shrug It Off"],"picked":"SKIP","floor":38},{"not_picked":["Armaments","Blood for Blood"],"picked":"Shrug It Off","floor":38},{"not_picked":["Thunderclap+1","Body Slam"],"picked":"Sword Boomerang+1","floor":39},{"not_picked":["Cleave+1","Dual Wield+1","Inflame"],"picked":"SKIP","floor":40},{"not_picked":["Heavy Blade","True Grit+1","Fiend Fire","Blood for Blood+1"],"picked":"SKIP","floor":41},{"not_picked":["Clothesline+1","Exhume","Spot Weakness","Havoc"],"picked":"SKIP","floor":42},{"not_picked":["Anger+1","Perfected Strike+1","Armaments+1"],"picked":"Metallicize+1","floor":45},{"not_picked":["Cleave","Anger","Power Through","Clash+1"],"picked":"SKIP","floor":46},{"not_picked":["Reaper","Dual Wield","Wild Strike+1","Pommel Strike"],"picked":"SKIP","floor":48}],"player_experience":510290,"relics_obtained":[{"floor":7,"key":"Girya"},{"floor":9,"key":"Letter Opener"},{"floor":13,"key":"Centennial Puzzle"},{"floor":24,"key":"Pantograph"},{"floor":26,"key":"Unceasing Top"},{"floor":27,"key":"Ice Cream"},{"floor":40,"key":"Question Card"},{"floor":42,"key":"Dream Catcher"},{"floor":43,"key":"Smiling Mask"}],"event_choices":[{"damage_healed":0,"gold_gain":0,"player_choice":"1 cards matched","damage_taken":0,"max_hp_gain":0,"max_hp_loss":0,"event_name":"Match and Keep!","floor":4,"gold_loss":0,"cards_obtained":["Twin Strike"]},{"damage_healed":0,"gold_gain":100,"player_choice":"Pray","damage_taken":0,"max_hp_gain":0,"max_hp_loss":0,"event_name":"Golden Shrine","floor":10,"gold_loss":0},{"damage_healed":0,"gold_gain":0,"player_choice":"Inject Mutagens","damage_taken":0,"relics_obtained":["MutagenicStrength"],"max_hp_gain":0,"max_hp_loss":0,"event_name":"Drug Dealer","floor":19,"gold_loss":0},{"cards_removed":["Strike_R"],"damage_healed":0,"gold_gain":0,"player_choice":"Gave Gold","damage_taken":0,"max_hp_gain":0,"max_hp_loss":0,"event_name":"Beggar","floor":20,"gold_loss":75},{"damage_healed":0,"gold_gain":0,"player_choice":"Memory 1","damage_taken":0,"max_hp_gain":0,"max_hp_loss":0,"event_name":"SensoryStone","floor":36,"gold_loss":0},{"damage_healed":0,"gold_gain":0,"player_choice":"Got Potions","damage_taken":0,"max_hp_gain":0,"max_hp_loss":0,"event_name":"Lab","floor":47,"gold_loss":0}],"is_beta":false,"boss_relics":[{"not_picked":["Runic Pyramid","Philosopher\u0027s Stone"],"picked":"Velvet Choker"},{"not_picked":["Snecko Eye","Runic Cube"],"picked":"Lizard Tail"}],"items_purged_floors":[22,25,29,37],"is_endless":false,"potions_floor_spawned":[2,5,7,16,21,24,28,33,38,39,41,42,46,48],"ascension_level":8}