{"gold_per_floor":[99,18,18,18,18,18,18,18,18,18,3,3,3,3,3,3,3,3,3,3,3,3,3,3,3,3,3,3,3,3,3,3,3,3,3,3,3,3,3,3,3,3,3,3],"floor_reached":44,"playtime":1343,"items_purged":[],"score":436,"play_id":"5602a833-63e0-487b-a660-df8af8440576","local_time":"20190309083136","is_ascension_mode":false,"campfire_choices":[{"data":"Whirlwind","floor":12.0,"key":"SMITH"},{"data":"Inflame","floor":15.0,"key":"SMITH"},{"floor":23.0,"key":"REST"},{"data":"Rampage","floor":25.0,"key":"SMITH"},{"floor":30.0,"key":"REST"},{"floor":32.0,"key":"REST"},{"floor":40,"key":"REST"}],"neow_cost":"NONE","seed_source_timestamp":0,"circlet_count":0,"master_deck":["Strike_R","Strike_R","Strike_R","Strike_R","Strike_R","Defend_R","Defend_R","Defend_R","Defend_R","Bash","Rampage+1","Whirlwind+1","Infernal Blade","Cleave","Inflame+1","Offering","Rampage","Headbutt+1","Twin Strike+1","Havoc","Corruption+1","Shockwave+1","Impervious","Exhume","Warcry+1","Dark Embrace+1"],"special_seed":0,"relics":["Ectoplasm"],"potions_floor_usage":[33,33,35,42],"damage_taken":[{"damage":0.0,"enemies":"2 Louse","floor":1.0,"turns":3.0},{"damage":0.0,"enemies":"Small Slimes","floor":3.0,"turns":3.0},{"damage":0.0,"enemies":"Cultist","floor":4.0,"turns":2.0},{"damage":13.0,"enemies":"Red Slaver","floor":5.0,"turns":2.0},{"damage":6.0,"enemies":"Gremlin Nob","floor":7.0,"turns":3.0},{"damage":0.0,"enemies":"Exordium Wildlife","floor":10.0,"turns":1.0},{"damage":5.0,"enemies":"Looter","floor":11.0,"turns":2.0},{"damage":9.0,"enemies":"2 Fungi Beasts","floor":14.0,"turns":2.0},{"damage":47.0,"enemies":"Hexaghost","floor":16.0,"turns":8.0},{"damage":26.0,"enemies":"Shell Parasite","floor":18.0,"turns":3.0},{"damage":16.0,"enemies":"Spheric Guardian","floor":21.0,"turns":3.0},{"damage":16.0,"enemies":"Chosen and Byrds","floor":22.0,"turns":3.0},{"damage":21.0,"enemies":"Snecko","floor":24.0,"turns":3.0},{"damage":15.0,"enemies":"Snake Plant","floor":27.0,"turns":3.0},{"damage":6.0,"enemies":"3 Cultists","floor":29.0,"turns":1.0},{"damage":13.0,"enemies":"Slavers","floor":31.0,"turns":2.0},{"damage":65,"enemies":"Collector","floor":33,"turns":9},{"damage":18,"enemies":"3 Shapes","floor":35,"turns":4},{"damage":33,"enemies":"3 Darklings","floor":36,"turns":4},{"damage":17,"enemies":"Spire Growth","floor":38,"turns":4},{"damage":19,"enemies":"Jaw Worm Horde","floor":41,"turns":2},{"damage":6,"enemies":"3 Darklings","floor":42,"turns":1},{"damage":27,"enemies":"Maw","floor":44,"turns":5}],"seed_played":"-768413107128088157","potions_obtained":[{"floor":1.0,"key":"GamblersBrew"},{"floor":5.0,"key":"SkillPotion"},{"floor":7.0,"key":"Dexterity Potion"},{"floor":11.0,"key":"Poison Potion"},{"floor":14.0,"key":"EntropicBrew"},{"floor":21.0,"key":"GamblersBrew"},{"floor":33,"key":"Explosive Potion"},{"floor":38,"key":"SteroidPotion"},{"floor":42,"key":"Block Potion"}],"is_trial":false,"path_per_floor":["M","$","M","M","M","?","E","$","T","M","M","R","?","M","R","B",null,"M","$","?","M","M","R","M","R","T","M","$","M","R","E","R","B",null,"M","M","?","M","?","R","M","M","T","M"],"character_chosen":"IRONCLAD","items_purchased":["Rampage"],"campfire_rested":4,"item_purchase_floors":[2],"current_hp_per_floor":[80,80,80,80,67,67,61,61,61,61,56,56,80,71,71,24,80,54,54,80,64,48,72,51,51,51,36,36,30,54,41,65,15,80,62,29,29,12,12,36,17,11,11,0],"gold":3,"neow_bonus":"BOSS_RELIC","is_prod":false,"is_daily":false,"chose_seed":false,"campfire_upgraded":3,"win_rate":0,"timestamp":1552138296,"path_taken":["M","$","M","M","M","?","E","$","T","M","M","R","?","M","R","BOSS","M","$","?","M","M","R","M","R","T","M","$","M","R","E","R","BOSS","M","M","?","M","?","R","M","M","T","?"],"build_version":"2019-01-23","purchased_purges":0,"victory":false,"max_hp_per_floor":[80,80,80,80,80,80,80,80,80,80,80,80,80,80,80,80,80,80,80,80,80,80,80,80,80,80,80,80,80,80,80,80,80,80,80,80,80,80,80,80,80,80,80,80],"card_choices":[{"not_picked":["Intimidate","Pommel Strike","Flame Barrier"],"picked":"SKIP","floor":1.0},{"not_picked":["Perfected Strike","Dual Wield"],"picked":"Whirlwind","floor":3.0},{"not_picked":["Iron Wave","Disarm","Sentinel"],"picked":"SKIP","floor":4.0},{"not_picked":["Clash","Dropkick"],"picked":"Infernal Blade","floor":5.0},{"not_picked":["Evolve","Second Wind","Entrench"],"picked":"SKIP","floor":7.0},{"not_picked":["Pommel Strike","Flame Barrier"],"picked":"Cleave","floor":10.0},{"not_picked":["Warcry","Clothesline","Ghostly Armor"],"picked":"SKIP","floor":11.0},{"not_picked":["Clothesline","Burning Pact"],"picked":"Inflame","floor":14.0},{"not_picked":["Berserk","Feed"],"picked":"Offering","floor":16.0},{"not_picked":["Pommel Strike","Perfected Strike"],"picked":"Rampage","floor":18.0},{"not_picked":["Sword Boomerang","Pommel Strike"],"picked":"Headbutt+1","floor":21.0},{"not_picked":["Burning Pact","Armaments+1"],"picked":"Twin Strike+1","floor":22.0},{"not_picked":["Rampage+1","Warcry"],"picked":"Havoc","floor":24.0},{"not_picked":["Twin Strike+1","Fiend Fire"],"picked":"Corruption+1","floor":27.0},{"not_picked":["Havoc","Dropkick"],"picked":"Shockwave+1","floor":29.0},{"not_picked":["Cleave+1","Sword Boomerang"],"picked":"Impervious","floor":31.0},{"not_picked":["Brutality","Offering"],"picked":"Exhume","floor":33},{"not_picked":["Hemokinesis","Cleave","Anger"],"picked":"SKIP","floor":35},{"not_picked":["Clash+1","Body Slam"],"picked":"Warcry+1","floor":36},{"not_picked":["Havoc","Heavy Blade"],"picked":"Dark Embrace","floor":38},{"not_picked":["Hemokinesis+1","Sword Boomerang+1","Body Slam"],"picked":"SKIP","floor":41},{"not_picked":["Warcry","Shockwave","Pommel Strike"],"picked":"SKIP","floor":42}],"player_experience":859547,"relics_obtained":[],"event_choices":[{"damage_healed":0.0,"max_hp_gain":0.0,"max_hp_loss":0.0,"gold_gain":0.0,"event_name":"The Cleric","player_choice":"Leave","floor":6.0,"gold_loss":0.0,"damage_taken":0.0},{"damage_healed":26.0,"max_hp_gain":0.0,"max_hp_loss":0.0,"gold_gain":0.0,"event_name":"Big Fish","player_choice":"Banana","floor":13.0,"gold_loss":0.0,"damage_taken":0.0},{"damage_healed":26.0,"max_hp_gain":0.0,"max_hp_loss":0.0,"gold_gain":0.0,"event_name":"The Library","player_choice":"Heal","floor":20.0,"gold_loss":0.0,"damage_taken":0.0},{"damage_healed":0,"gold_gain":0,"player_choice":"Ignored","damage_taken":0,"max_hp_gain":0,"max_hp_loss":0,"event_name":"Tomb of Lord Red Mask","floor":37,"gold_loss":0},{"damage_healed":0,"gold_gain":0,"player_choice":"Upgraded","damage_taken":0,"max_hp_gain":0,"max_hp_loss":0,"event_name":"Upgrade Shrine","floor":39,"gold_loss":0,"cards_upgraded":["Dark Embrace"]}],"is_beta":false,"boss_relics":[{"not_picked":["Astrolabe","Orrery","Philosopher\u0027s Stone"]},{"not_picked":["White Beast Statue","Tiny House","Orrery"]}],"items_purged_floors":[],"is_endless":false,"potions_floor_spawned":[1,5,7,11,14,21,27,29,33,38,42],"killed_by":"Maw","ascension_level":0}