{"gold_per_floor":[117,117,132,151,151,182,196,196],"floor_reached":8,"playtime":159,"items_purged":[],"score":116,"play_id":"020a43ff-a1ff-40d0-9ff3-18fa025947de","local_time":"20190330103820","is_ascension_mode":true,"campfire_choices":[],"neow_cost":"NONE","seed_source_timestamp":422225282345629,"circlet_count":0,"master_deck":["AscendersBane","Strike_B","Strike_B","Strike_B","Strike_B","Defend_B","Defend_B","Defend_B","Defend_B","Zap","Dualcast","Ball Lightning","Electrodynamics","Redo","Thunder Strike","Turbo"],"relics":["Cracked Core","NeowsBlessing","Dead Branch"],"potions_floor_usage":[6,6,6],"damage_taken":[{"damage":0,"enemies":"Small Slimes","floor":1,"turns":1},{"damage":0,"enemies":"2 Louse","floor":3,"turns":1},{"damage":0,"enemies":"Cultist","floor":4,"turns":1},{"damage":39,"enemies":"Gremlin Nob","floor":6,"turns":4},{"damage":0,"enemies":"Exordium Thugs","floor":7,"turns":3},{"damage":30,"enemies":"Lagavulin","floor":8,"turns":3}],"seed_played":"-2567312913406005677","potions_obtained":[{"floor":3,"key":"SkillPotion"},{"floor":5,"key":"SkillPotion"},{"floor":6,"key":"Fruit Juice"}],"is_trial":false,"path_per_floor":["M","?","M","M","?","E","M","E"],"character_chosen":"DEFECT","items_purchased":[],"campfire_rested":0,"item_purchase_floors":[],"current_hp_per_floor":[64,64,64,64,64,30,30,0],"gold":196,"neow_bonus":"THREE_ENEMY_KILL","is_prod":false,"is_daily":false,"chose_seed":false,"campfire_upgraded":0,"win_rate":0,"timestamp":1553956700,"path_taken":["M","?","M","M","?","E","M","E"],"build_version":"2019-01-23","purchased_purges":0,"victory":false,"max_hp_per_floor":[71,71,71,71,71,76,76,76],"card_choices":[{"not_picked":["Streamline","Leap"],"picked":"Ball Lightning","floor":1},{"not_picked":["Redo","Streamline"],"picked":"Electrodynamics","floor":3},{"not_picked":["Hologram","Leap"],"picked":"Redo","floor":4},{"not_picked":["Stack","Doom and Gloom"],"picked":"Thunder Strike","floor":6},{"not_picked":["Scrape","Aggregate"],"picked":"Turbo","floor":7}],"player_experience":884917,"relics_obtained":[{"floor":6,"key":"Dead Branch"}],"event_choices":[{"damage_healed":0,"gold_gain":0,"player_choice":"Fled","damage_taken":0,"max_hp_gain":0,"max_hp_loss":0,"event_name":"Scrap Ooze","floor":2,"gold_loss":0},{"damage_healed":0,"gold_gain":0,"player_choice":"Got Potions","damage_taken":0,"max_hp_gain":0,"max_hp_loss":0,"event_name":"Lab","floor":5,"gold_loss":0}],"is_beta":false,"boss_relics":[],"items_purged_floors":[],"is_endless":false,"potions_floor_spawned":[3,6],"killed_by":"Lagavulin","ascension_level":20}