{"gold_per_floor":[115,132,132,132,142,142,170,170,170,187,214,228,253,161,161,258,308,318,336,48,60,60,60],"floor_reached":23,"playtime":1988,"items_purged":[],"score":247,"play_id":"ff6139b4-345f-4b2d-822c-647d44941a3e","local_time":"20190201231250","is_ascension_mode":true,"campfire_choices":[{"floor":6,"key":"REST"},{"data":"Crippling Poison","floor":8,"key":"SMITH"},{"floor":15,"key":"REST"}],"neow_cost":"NONE","seed_source_timestamp":730030906798300,"circlet_count":0,"master_deck":["Defend_G","Defend_G+1","Defend_G","Defend_G","Defend_G+1","Strike_G","Strike_G","Strike_G","Strike_G","Strike_G","Survivor","Neutralize","Crippling Poison+1","Prepared","Blur","Leg Sweep","PiercingWail+1","Poisoned Stab","Dodge and Roll","Poisoned Stab","Caltrops+1","Deadly Poison","Crippling Poison","Deflect","Escape Plan","Ghostly","Ghostly","Ghostly","Ghostly","Ghostly"],"relics":["White Beast Statue","Meat on the Bone","Frozen Egg 2","Du-Vu Doll","FossilizedHelix","Tiny House","Prayer Wheel"],"potions_floor_usage":[7,7,11,11,12,13,16,16,19,21,21,23],"damage_taken":[{"damage":7,"enemies":"2 Louse","floor":1,"turns":3},{"damage":1,"enemies":"Small Slimes","floor":2,"turns":5},{"damage":0,"enemies":"Jaw Worm","floor":5,"turns":4},{"damage":24,"enemies":"Lagavulin","floor":7,"turns":10},{"damage":1,"enemies":"Large Slime","floor":10,"turns":8},{"damage":8,"enemies":"3 Sentries","floor":11,"turns":18},{"damage":1,"enemies":"2 Fungi Beasts","floor":12,"turns":3},{"damage":39,"enemies":"Gremlin Nob","floor":13,"turns":8},{"damage":2,"enemies":"Hexaghost","floor":16,"turns":11},{"damage":6,"enemies":"Spheric Guardian","floor":18,"turns":6},{"damage":5,"enemies":"3 Byrds","floor":19,"turns":4},{"damage":21,"enemies":"Cultist and Chosen","floor":21,"turns":6},{"damage":3,"enemies":"Slavers","floor":23,"turns":4}],"seed_played":"-4503239659160605832","potions_obtained":[{"floor":1,"key":"Swift Potion"},{"floor":2,"key":"Regen Potion"},{"floor":5,"key":"PowerPotion"},{"floor":7,"key":"Strength Potion"},{"floor":10,"key":"Dexterity Potion"},{"floor":11,"key":"Explosive Potion"},{"floor":12,"key":"Ancient Potion"},{"floor":13,"key":"Swift Potion"},{"floor":16,"key":"Fire Potion"},{"floor":17,"key":"Explosive Potion"},{"floor":18,"key":"SkillPotion"},{"floor":19,"key":"SpeedPotion"},{"floor":21,"key":"SpeedPotion"}],"is_trial":false,"path_per_floor":["M","M","?","?","M","R","E","R","T","M","E","M","E","$","R","B",null,"M","M","$","M","?","E"],"character_chosen":"THE_SILENT","items_purchased":["Poisoned Stab","Caltrops+1","Prayer Wheel"],"campfire_rested":2,"item_purchase_floors":[14,14,20],"current_hp_per_floor":[63,62,62,48,48,69,45,45,45,44,51,50,23,23,44,42,75,69,64,64,43,37,34],"gold":60,"neow_bonus":"BOSS_RELIC","is_prod":false,"is_daily":false,"chose_seed":false,"campfire_upgraded":1,"win_rate":0,"timestamp":1549080770,"path_taken":["M","M","?","?","M","R","E","R","T","M","E","M","E","?","R","BOSS","M","M","$","M","?","E"],"build_version":"2019-01-23","purchased_purges":0,"victory":false,"max_hp_per_floor":[70,70,70,70,70,70,70,70,70,70,70,70,70,70,70,70,75,75,75,75,75,37,37],"card_choices":[{"not_picked":["Prepared","Concentrate"],"picked":"Crippling Poison","floor":1},{"not_picked":["Underhanded Strike","Dagger Throw"],"picked":"Prepared","floor":2},{"not_picked":["Terror","Dagger Spray","Cloak And Dagger"],"picked":"SKIP","floor":5},{"not_picked":["Prepared","Cloak And Dagger"],"picked":"Blur","floor":7},{"not_picked":["Accuracy+1","Outmaneuver"],"picked":"Leg Sweep","floor":10},{"not_picked":["Flying Knee","Cloak And Dagger"],"picked":"PiercingWail","floor":11},{"not_picked":["Tools of the Trade+1","Prepared"],"picked":"Poisoned Stab","floor":12},{"not_picked":["Malaise","Backstab"],"picked":"Dodge and Roll","floor":13},{"not_picked":["Flying Knee","Skewer"],"picked":"Deadly Poison","floor":17},{"not_picked":["Setup+1","Leg Sweep","Endless Agony"],"picked":"SKIP","floor":18},{"not_picked":["Outmaneuver+1","All Out Attack"],"picked":"Crippling Poison","floor":19},{"not_picked":["Underhanded Strike+1","Cloak And Dagger"],"picked":"Deflect","floor":21},{"not_picked":["Backflip+1","Slice"],"picked":"Escape Plan","floor":21}],"player_experience":182165,"relics_obtained":[{"floor":7,"key":"Meat on the Bone"},{"floor":9,"key":"Frozen Egg 2"},{"floor":11,"key":"Du-Vu Doll"},{"floor":13,"key":"FossilizedHelix"}],"event_choices":[{"damage_healed":0,"gold_gain":0,"player_choice":"Leave","damage_taken":0,"max_hp_gain":0,"max_hp_loss":0,"event_name":"The Cleric","floor":3,"gold_loss":0},{"damage_healed":0,"gold_gain":0,"player_choice":"Entered Light","damage_taken":14,"max_hp_gain":0,"max_hp_loss":0,"event_name":"Shining Light","floor":4,"gold_loss":0,"cards_upgraded":["Defend_G","Defend_G"]},{"damage_healed":0,"gold_gain":0,"player_choice":"Became a Ghost","damage_taken":0,"max_hp_gain":0,"max_hp_loss":38,"event_name":"Ghosts","floor":22,"gold_loss":0,"cards_obtained":["Ghostly","Ghostly","Ghostly","Ghostly","Ghostly"]}],"is_beta":false,"boss_relics":[{"not_picked":["Coffee Dripper","Snecko Eye"],"picked":"Tiny House"}],"items_purged_floors":[],"is_endless":false,"potions_floor_spawned":[1,2,5,7,10,11,12,13,16,18,19,21],"killed_by":"Slavers","ascension_level":1}