{"gold_per_floor":[118,133,150,52,65,65,65,82,82,101,1,15,30,30,30,30],"floor_reached":16,"playtime":682,"items_purged":["Defend_B","Decay"],"score":159,"play_id":"33cfe9bc-27e8-4543-a7bf-b8cddb12651a","local_time":"20180826020647","is_ascension_mode":true,"campfire_choices":[{"data":"Turbo","floor":6,"key":"SMITH"},{"floor":15,"key":"REST"}],"neow_cost":"NONE","seed_source_timestamp":179008311672908,"circlet_count":0,"master_deck":["Strike_B","Strike_B","Strike_B","Strike_B","Defend_B","Defend_B","Defend_B","Zap","Dualcast","Multi-Cast","Turbo","Steam","Ball Lightning","Glacier","Turbo+1","Tempest","Turbo","Glacier","Turbo","Glacier","Turbo","Conserve Battery","Self Repair"],"relics":["Orrery","Prayer Wheel"],"potions_floor_usage":[12,16,16],"damage_taken":[{"damage":0,"enemies":"Cultist","floor":1,"turns":2},{"damage":0,"enemies":"Small Slimes","floor":2,"turns":2},{"damage":8,"enemies":"2 Louse","floor":3,"turns":4},{"damage":20,"enemies":"Lots of Slimes","floor":5,"turns":3},{"damage":1,"enemies":"Looter","floor":8,"turns":3},{"damage":2,"enemies":"Blue Slaver","floor":10,"turns":2},{"damage":17,"enemies":"Gremlin Gang","floor":12,"turns":4},{"damage":6,"enemies":"Looter","floor":13,"turns":4},{"damage":51,"enemies":"Slime Boss","floor":16,"turns":10}],"seed_played":"-2172121895812784917","potions_obtained":[{"floor":5,"key":"FearPotion"},{"floor":10,"key":"Energy Potion"},{"floor":12,"key":"AttackPotion"},{"floor":13,"key":"PowerPotion"},{"floor":14,"key":"FairyPotion"}],"is_trial":false,"path_per_floor":["M","M","M","$","M","R","?","M","T","M","$","M","M","?","R"],"character_chosen":"DEFECT","items_purchased":["Turbo"],"campfire_rested":1,"item_purchase_floors":[4],"current_hp_per_floor":[68,68,60,60,40,40,40,39,39,37,37,20,14,14,36,0],"gold":30,"neow_bonus":"BOSS_RELIC","is_prod":false,"is_daily":false,"chose_seed":false,"campfire_upgraded":1,"win_rate":0,"timestamp":1535242007,"path_taken":["M","?","M","$","M","R","?","M","T","?","$","M","M","?","R","BOSS"],"build_version":"2018-08-23v2","purchased_purges":2,"victory":false,"max_hp_per_floor":[75,75,75,75,75,75,75,75,75,75,75,75,75,75,75,75],"card_choices":[{"not_picked":["Aggregate","Steam"],"picked":"Multi-Cast","floor":0},{"not_picked":["Static Discharge","Leap"],"picked":"Turbo","floor":0},{"not_picked":["Stack","Hologram"],"picked":"Steam","floor":0},{"not_picked":["Barrage","Redo"],"picked":"Ball Lightning","floor":0},{"not_picked":["Rip and Tear","Self Repair"],"picked":"Glacier","floor":1},{"not_picked":["Gash","Aggregate","Barrage"],"picked":"SKIP","floor":2},{"not_picked":["Cold Snap","Force Field","Chaos"],"picked":"SKIP","floor":3},{"not_picked":["Go for the Eyes","Barrage"],"picked":"Tempest","floor":5},{"not_picked":["Coolheaded","Capacitor"],"picked":"Turbo","floor":8},{"not_picked":["White Noise","Darkness"],"picked":"Glacier","floor":10},{"not_picked":["Glacier","Cold Snap"],"picked":"Turbo","floor":10},{"not_picked":["Scrape","Ball Lightning"],"picked":"Glacier","floor":12},{"not_picked":["Streamline","Hologram","Turbo"],"picked":"SKIP","floor":12},{"not_picked":["Streamline","Hologram"],"picked":"Turbo","floor":12},{"not_picked":["Go for the Eyes","Gash"],"picked":"Conserve Battery","floor":13},{"not_picked":["Self Repair","Compile Driver","Redo"],"picked":"SKIP","floor":13},{"not_picked":["Compile Driver","Redo"],"picked":"Self Repair","floor":13}],"player_experience":517310,"relics_obtained":[{"floor":9,"key":"Prayer Wheel"}],"event_choices":[{"event_name":"Wheel of Change","player_choice":"Curse","floor":7,"damage_taken":0},{"event_name":"The Lab","player_choice":"Got Potions","floor":14,"damage_taken":0}],"is_beta":false,"boss_relics":[],"items_purged_floors":[4,11],"is_endless":false,"potions_floor_spawned":[5,10,12,13],"killed_by":"Slime Boss","ascension_level":8}