{"gold_per_floor":[111,121,121,7,7,7,18,29,29,43,43,43,43,55,55,129,129,149,149,167,167,95,95,123,138,162,162,176,186,86,86,86,160,160,173,173,189,189,289,289,289,319,346,346,346,360,391,218,218,218,218,218,68,96,96],"floor_reached":55,"playtime":2006,"items_purged":["Strike_R","Strike_R","Bash+1","Strike_R+1"],"score":1461,"play_id":"808bbdb1-a1b9-4a6f-a169-658194c62c97","local_time":"20190305142112","is_ascension_mode":true,"campfire_choices":[{"data":"Second Wind","floor":6.0,"key":"SMITH"},{"data":"Bash","floor":12.0,"key":"SMITH"},{"floor":15.0,"key":"RECALL"},{"data":"Juggernaut","floor":23.0,"key":"SMITH"},{"data":"Barricade","floor":27.0,"key":"SMITH"},{"data":"Feel No Pain","floor":32.0,"key":"SMITH"},{"data":"Rampage","floor":40.0,"key":"SMITH"},{"data":"Evolve","floor":45.0,"key":"SMITH"},{"floor":49,"key":"REST"},{"data":"Body Slam","floor":52,"key":"SMITH"}],"neow_cost":"NONE","seed_source_timestamp":241534169464493,"circlet_count":0,"master_deck":["AscendersBane","Defend_R","Defend_R+1","Defend_R","Defend_R","Second Wind+1","Battle Trance+1","Armaments+1","True Grit+1","Juggernaut+1","Feel No Pain+1","Entrench+1","Barricade+1","Injury","Evolve+1","Offering+1","Rampage+1","Parasite","Body Slam+1","Shrug It Off+1"],"special_seed":0,"relics":["Burning Blood","Oddly Smooth Stone","Toxic Egg 2","Cursed Key","Kunai","Blood Vial","Orrery","Du-Vu Doll","StoneCalendar","Happy Flower","Paper Frog","Shuriken"],"potions_floor_usage":[50,55],"damage_taken":[{"damage":0.0,"enemies":"2 Louse","floor":1.0,"turns":3.0},{"damage":1.0,"enemies":"Jaw Worm","floor":2.0,"turns":5.0},{"damage":0.0,"enemies":"Cultist","floor":7.0,"turns":3.0},{"damage":2.0,"enemies":"Blue Slaver","floor":8.0,"turns":4.0},{"damage":11.0,"enemies":"Red Slaver","floor":10.0,"turns":5.0},{"damage":5.0,"enemies":"Exordium Wildlife","floor":14.0,"turns":5.0},{"damage":27.0,"enemies":"The Guardian","floor":16.0,"turns":18.0},{"damage":20.0,"enemies":"2 Thieves","floor":18.0,"turns":5.0},{"damage":5.0,"enemies":"Spheric Guardian","floor":20.0,"turns":4.0},{"damage":53.0,"enemies":"Slavers","floor":24.0,"turns":8.0},{"damage":3.0,"enemies":"Snecko","floor":25.0,"turns":7.0},{"damage":13.0,"enemies":"3 Cultists","floor":28.0,"turns":6.0},{"damage":20.0,"enemies":"Snake Plant","floor":29.0,"turns":7.0},{"damage":0.0,"enemies":"Centurion and Healer","floor":31.0,"turns":2.0},{"damage":0.0,"enemies":"Collector","floor":33.0,"turns":16.0},{"damage":19.0,"enemies":"3 Darklings","floor":35.0,"turns":9.0},{"damage":9.0,"enemies":"3 Shapes","floor":37.0,"turns":6.0},{"damage":6.0,"enemies":"Mind Bloom Boss Battle","floor":39.0,"turns":7.0},{"damage":6.0,"enemies":"Giant Head","floor":42.0,"turns":8.0},{"damage":10.0,"enemies":"Jaw Worm Horde","floor":46.0,"turns":6.0},{"damage":59,"enemies":"Reptomancer","floor":47,"turns":6},{"damage":6,"enemies":"Awakened One","floor":50,"turns":8},{"damage":53,"enemies":"Shield and Spear","floor":54,"turns":5},{"damage":44,"enemies":"The Heart","floor":55,"turns":2}],"seed_played":"-8005670913392614657","potions_obtained":[{"floor":1.0,"key":"Block Potion"},{"floor":7.0,"key":"Regen Potion"},{"floor":10.0,"key":"SkillPotion"},{"floor":20.0,"key":"SmokeBomb"},{"floor":29.0,"key":"PowerPotion"},{"floor":33.0,"key":"SteroidPotion"},{"floor":35.0,"key":"Dexterity Potion"}],"is_trial":false,"path_per_floor":["M","M","?","$","?","R","M","M","T","M","?","R","$","M","R","B",null,"M","?","M","?","$","R","E","M","T","R","M","M","$","M","R","B",null,"M","?","M","?","?","R","T","E","T","?","R","M","E","$","R","B",null,"R","$","E","B"],"character_chosen":"IRONCLAD","items_purchased":["Battle Trance+1","Entrench+1","Block Potion"],"campfire_rested":1,"item_purchase_floors":[4,22,48],"current_hp_per_floor":[74,75,70,70,47,47,53,57,57,52,57,57,57,58,58,37,69,55,80,80,80,80,80,33,36,36,36,31,19,19,27,27,35,69,58,58,57,57,59,59,59,61,61,61,61,59,8,8,32,34,69,69,69,24,0],"gold":96,"neow_bonus":"RANDOM_COMMON_RELIC","is_prod":false,"is_daily":false,"chose_seed":false,"campfire_upgraded":8,"win_rate":0,"timestamp":1551766872,"path_taken":["M","M","?","$","?","R","M","M","T","?","?","R","$","M","R","BOSS","M","?","?","?","$","R","E","M","T","R","M","M","$","M","R","BOSS","M","?","?","?","?","R","?","E","T","?","R","M","E","$","R","BOSS","R","$","E","BOSS"],"build_version":"2019-01-23","purchased_purges":4,"victory":false,"max_hp_per_floor":[75,75,75,75,75,75,75,75,75,75,80,80,80,80,80,80,80,80,80,80,80,80,80,80,80,80,80,80,80,80,80,80,80,80,80,80,80,80,80,80,80,80,80,80,80,80,80,80,80,80,80,80,80,80,80],"card_choices":[{"not_picked":["Whirlwind","Sword Boomerang"],"picked":"Second Wind","floor":1.0},{"not_picked":["Flex","Bloodletting","Fire Breathing"],"picked":"SKIP","floor":2.0},{"not_picked":["Headbutt","Perfected Strike"],"picked":"Armaments+1","floor":7.0},{"not_picked":["Fire Breathing","Havoc+1","Anger"],"picked":"SKIP","floor":8.0},{"not_picked":["Metallicize","Uppercut"],"picked":"True Grit+1","floor":10.0},{"not_picked":["Sentinel+1","Pummel","Cleave"],"picked":"SKIP","floor":14.0},{"not_picked":["Immolate","Feed"],"picked":"Juggernaut","floor":16.0},{"not_picked":["Pummel","Havoc+1","Intimidate+1"],"picked":"SKIP","floor":18.0},{"not_picked":["Flex+1","Havoc+1"],"picked":"Feel No Pain","floor":20.0},{"not_picked":["Corruption","Carnage"],"picked":"Barricade","floor":24.0},{"not_picked":["Iron Wave","Intimidate+1","True Grit+1"],"picked":"SKIP","floor":25.0},{"not_picked":["Thunderclap+1","Wild Strike","Twin Strike"],"picked":"SKIP","floor":28.0},{"not_picked":["Wild Strike","Cleave","Metallicize"],"picked":"SKIP","floor":29.0},{"not_picked":["Perfected Strike+1","Second Wind+1"],"picked":"Evolve","floor":34.0},{"not_picked":["Clothesline+1","Disarm+1","Armaments+1"],"picked":"SKIP","floor":35.0},{"not_picked":["Sever Soul","Havoc+1"],"picked":"Rampage","floor":37.0},{"not_picked":["Heavy Blade+1","Flex+1","Spot Weakness+1"],"picked":"SKIP","floor":42.0},{"not_picked":["Anger","Iron Wave"],"picked":"Body Slam","floor":46.0},{"not_picked":["Barricade","Infernal Blade+1"],"picked":"Shrug It Off+1","floor":47},{"not_picked":["Dropkick+1","Havoc+1","Second Wind+1"],"picked":"SKIP","floor":54}],"player_experience":1116551,"relics_obtained":[{"floor":24.0,"key":"Kunai"},{"floor":26.0,"key":"Blood Vial"},{"floor":39.0,"key":"Du-Vu Doll"},{"floor":42.0,"key":"StoneCalendar"},{"floor":43.0,"key":"Happy Flower"},{"floor":47,"key":"Paper Frog"},{"floor":54,"key":"Shuriken"}],"event_choices":[{"damage_healed":0.0,"max_hp_gain":0.0,"max_hp_loss":0.0,"gold_gain":0.0,"event_name":"Scrap Ooze","player_choice":"Success","floor":3.0,"gold_loss":0.0,"damage_taken":5.0,"relics_obtained":["Toxic Egg 2"]},{"damage_healed":0.0,"max_hp_gain":0.0,"max_hp_loss":0.0,"gold_gain":0.0,"event_name":"Shining Light","player_choice":"Entered Light","floor":5.0,"gold_loss":0.0,"damage_taken":23.0,"cards_upgraded":["Strike_R","Defend_R"]},{"damage_healed":0.0,"max_hp_gain":5.0,"max_hp_loss":0.0,"gold_gain":0.0,"event_name":"Big Fish","player_choice":"Donut","floor":11.0,"gold_loss":0.0,"damage_taken":0.0},{"damage_healed":25.0,"max_hp_gain":0.0,"max_hp_loss":0.0,"gold_gain":0.0,"event_name":"Wheel of Change","player_choice":"Full Heal","floor":19.0,"gold_loss":0.0,"damage_taken":0.0},{"cards_removed":["Strike_R"],"damage_healed":0.0,"max_hp_gain":0.0,"max_hp_loss":0.0,"gold_gain":0.0,"event_name":"Back to Basics","player_choice":"Elegance","floor":21.0,"gold_loss":0.0,"damage_taken":0.0},{"damage_healed":0.0,"max_hp_gain":0.0,"max_hp_loss":0.0,"gold_gain":0.0,"event_name":"Match and Keep!","player_choice":"1 cards matched","floor":36.0,"gold_loss":0.0,"damage_taken":0.0,"cards_obtained":["Offering"]},{"damage_healed":0.0,"max_hp_gain":0.0,"max_hp_loss":0.0,"gold_gain":0.0,"event_name":"Tomb of Lord Red Mask","player_choice":"Ignored","floor":38.0,"gold_loss":0.0,"damage_taken":0.0},{"damage_healed":0.0,"max_hp_gain":0.0,"max_hp_loss":0.0,"gold_gain":0.0,"event_name":"MindBloom","player_choice":"Fight","floor":39.0,"gold_loss":0.0,"damage_taken":0.0},{"cards_removed":["Strike_R"],"damage_healed":0.0,"max_hp_gain":0.0,"max_hp_loss":0.0,"gold_gain":0.0,"event_name":"Falling","player_choice":"Removed Attack","floor":44.0,"gold_loss":0.0,"damage_taken":0.0}],"is_beta":false,"boss_relics":[{"not_picked":["Mark of Pain","White Beast Statue"],"picked":"Cursed Key"},{"not_picked":["Black Star","Coffee Dripper"],"picked":"Orrery"}],"items_purged_floors":[4,30,48,53],"is_endless":false,"potions_floor_spawned":[1,7,10,14,20,29,31,33,35],"killed_by":"The Heart","ascension_level":15}