{"gold_per_floor":[119,135,60,80,80,80,111,127,127,5,5,24,24,24,24,143,143,161,286,286,286],"floor_reached":21,"playtime":795,"items_purged":["Strike_R"],"score":225,"play_id":"d417ad64-1c58-48df-ab56-18cfe825bc72","local_time":"20190414182847","is_ascension_mode":true,"campfire_choices":[{"data":"Entrench","floor":6,"key":"SMITH"},{"data":"Armaments","floor":11,"key":"SMITH"},{"floor":13,"key":"REST"},{"data":"Body Slam","floor":15,"key":"SMITH"}],"neow_cost":"NONE","seed_source_timestamp":0,"circlet_count":0,"master_deck":["Strike_R","Strike_R","Strike_R","Defend_R","Defend_R","Defend_R+1","Defend_R","Bash","Entrench+1","Armaments+1","Ghostly Armor","Body Slam+1","Flame Barrier+1","Body Slam+1","Barricade"],"special_seed":0,"relics":["Burning Blood","Golden Idol","Odd Mushroom","Toxic Egg 2","Velvet Choker","Prayer Wheel","The Courier"],"potions_floor_usage":[7,7,16,19],"damage_taken":[{"damage":4,"enemies":"2 Louse","floor":1,"turns":4},{"damage":8,"enemies":"Jaw Worm","floor":2,"turns":5},{"damage":5,"enemies":"Cultist","floor":4,"turns":5},{"damage":38,"enemies":"The Mushroom Lair","floor":7,"turns":8},{"damage":3,"enemies":"Blue Slaver","floor":8,"turns":7},{"damage":8,"enemies":"Large Slime","floor":12,"turns":11},{"damage":11,"enemies":"The Guardian","floor":16,"turns":12},{"damage":7,"enemies":"Shell Parasite","floor":18,"turns":4},{"damage":6,"enemies":"Colosseum Slavers","floor":19,"turns":5},{"damage":51,"enemies":"Colosseum Nobs","floor":19,"turns":6},{"damage":31,"enemies":"3 Byrds","floor":21,"turns":4}],"seed_played":"-7663055653820776468","potions_obtained":[{"floor":1,"key":"Block Potion"},{"floor":4,"key":"Ancient Potion"},{"floor":7,"key":"Strength Potion"},{"floor":16,"key":"FearPotion"}],"is_trial":false,"path_per_floor":["M","M","$","M","?","R","?","M","T","$","R","M","R","?","R","B",null,"M","?","?","M"],"character_chosen":"IRONCLAD","items_purchased":["Flame Barrier+1","Body Slam"],"campfire_rested":1,"item_purchase_floors":[10,10],"current_hp_per_floor":[74,72,72,73,53,53,21,24,24,24,24,22,46,30,30,25,66,65,20,20,0],"gold":286,"neow_bonus":"TRANSFORM_CARD","is_prod":false,"is_daily":false,"chose_seed":false,"campfire_upgraded":3,"win_rate":0,"timestamp":1555237727,"path_taken":["M","M","$","M","?","R","?","M","T","?","R","?","R","?","R","BOSS","M","?","?","M"],"build_version":"2019-01-23","purchased_purges":1,"victory":false,"max_hp_per_floor":[80,80,80,80,80,80,80,80,80,80,80,80,80,80,80,80,80,80,80,80,80],"card_choices":[{"not_picked":["Rupture","Bloodletting","Clash"],"picked":"SKIP","floor":1},{"not_picked":["Intimidate","Warcry"],"picked":"Armaments","floor":2},{"not_picked":["Heavy Blade","Pommel Strike"],"picked":"Ghostly Armor","floor":4},{"not_picked":["Uppercut","Whirlwind"],"picked":"Body Slam","floor":8},{"not_picked":["Berserk","Iron Wave","Hemokinesis"],"picked":"SKIP","floor":12},{"not_picked":["Impervious+1","Double Tap+1"],"picked":"Barricade","floor":16},{"not_picked":["Searing Blow+1","Cleave","Clash+1"],"picked":"SKIP","floor":18}],"player_experience":490228,"relics_obtained":[{"floor":7,"key":"Odd Mushroom"},{"floor":9,"key":"Toxic Egg 2"},{"floor":19,"key":"Prayer Wheel"},{"floor":19,"key":"The Courier"}],"event_choices":[{"damage_healed":0,"gold_gain":0,"player_choice":"Take Damage","damage_taken":20,"relics_obtained":["Golden Idol"],"max_hp_gain":0,"max_hp_loss":0,"event_name":"Golden Idol","floor":5,"gold_loss":0},{"damage_healed":0,"gold_gain":0,"player_choice":"Fought Mushrooms","damage_taken":0,"max_hp_gain":0,"max_hp_loss":0,"event_name":"Mushrooms","floor":7,"gold_loss":0},{"damage_healed":0,"gold_gain":0,"player_choice":"Entered Light","damage_taken":16,"max_hp_gain":0,"max_hp_loss":0,"event_name":"Shining Light","floor":14,"gold_loss":0,"cards_upgraded":["Body Slam","Defend_R"]},{"damage_healed":0,"gold_gain":0,"player_choice":"Fight","damage_taken":0,"max_hp_gain":0,"max_hp_loss":0,"event_name":"Colosseum","floor":19,"gold_loss":0},{"damage_healed":0,"gold_gain":0,"player_choice":"Fought Nobs","damage_taken":0,"max_hp_gain":0,"max_hp_loss":0,"event_name":"Colosseum","floor":19,"gold_loss":0},{"damage_healed":0,"gold_gain":0,"player_choice":"Ignored","damage_taken":0,"max_hp_gain":0,"max_hp_loss":0,"event_name":"Vampires","floor":20,"gold_loss":0}],"is_beta":false,"boss_relics":[{"not_picked":["Ectoplasm","Fusion Hammer"],"picked":"Velvet Choker"}],"items_purged_floors":[3],"is_endless":false,"potions_floor_spawned":[1,4,7,16,19],"killed_by":"3 Byrds","ascension_level":7}