{"gold_per_floor":[114,289,304,127,142,142,142,172,222,222,49,49,49,124,124,249,249,268,268,119,119,69,69,69,69,69,69,19,19,19,34,34,159,159,178,511,511,511,526,526,526,526,601,616,616,223,238,202,202,202],"floor_reached":51,"playtime":4274,"items_purged":["Doubt","Pain","Doubt","Pain","Normality"],"score":808,"play_id":"04edd5eb-8fdf-4bf4-95ff-5b4ed88f290a","local_time":"20181231151817","daily_mods":["Cursed Run","Flight","Binary"],"is_ascension_mode":false,"campfire_choices":[{"data":"Undo","floor":6,"key":"SMITH"},{"floor":10,"key":"REST"},{"floor":12,"key":"REST"},{"data":"Defend_B","floor":15,"key":"SMITH"},{"floor":23,"key":"REST"},{"data":"Strike_B","floor":25,"key":"SMITH"},{"data":"Dualcast","floor":27,"key":"SMITH"},{"floor":32,"key":"REST"},{"data":"Zap","floor":40,"key":"SMITH"},{"floor":41,"key":"REST"},{"floor":45,"key":"REST"},{"floor":49,"key":"REST"}],"neow_cost":"","seed_source_timestamp":255071992097385,"circlet_count":0,"master_deck":["Strike_B+1","Strike_B+1","Strike_B+1","Strike_B+1","Defend_B+1","Defend_B+1","Defend_B+1","Defend_B+1","Zap+1","Dualcast+1","Go for the Eyes","Hologram","Undo+1","Cold Snap","Coolheaded","Redo","Shame","Hologram","Injury","Thunder Strike","Consume","Self Repair","Stack","RitualDagger","Melter","Barrage+1","Meteor Strike+1","Sunder+1","Dramatic Entrance+1","Rebound+1","Injury","Clumsy","Parasite","Go for the Eyes+1","The Bomb","Conserve Battery","Conserve Battery+1","Blizzard+1","Decay"],"special_seed":17896,"relics":["Cursed Key","Darkstone Periapt","Du-Vu Doll","Ornamental Fan","Smiling Mask","Blood Vial","Symbiotic Virus","Velvet Choker","Cables","Molten Egg 2","Lizard Tail","Pear","Kunai"],"potions_floor_usage":[33,33,46],"damage_taken":[{"damage":0,"enemies":"Small Slimes","floor":1,"turns":3},{"damage":6,"enemies":"Jaw Worm","floor":3,"turns":3},{"damage":0,"enemies":"2 Louse","floor":5,"turns":3},{"damage":53,"enemies":"Gremlin Nob","floor":8,"turns":6},{"damage":23,"enemies":"The Guardian","floor":16,"turns":17},{"damage":34,"enemies":"3 Byrds","floor":18,"turns":6},{"damage":18,"enemies":"2 Thieves","floor":31,"turns":4},{"damage":66,"enemies":"Automaton","floor":33,"turns":16},{"damage":42,"enemies":"3 Darklings","floor":35,"turns":6},{"damage":2,"enemies":"Orb Walker","floor":39,"turns":4},{"damage":37,"enemies":"Writhing Mass","floor":44,"turns":6},{"damage":44,"enemies":"Spire Growth","floor":47,"turns":5},{"damage":98,"enemies":"Time Eater","floor":50,"turns":13}],"seed_played":"-1256899049179470920","potions_obtained":[{"floor":3,"key":"FocusPotion"},{"floor":5,"key":"GamblersBrew"},{"floor":31,"key":"SkillPotion"},{"floor":33,"key":"SpeedPotion"},{"floor":47,"key":"Dexterity Potion"}],"is_trial":false,"path_per_floor":["M","?","M","$","M","R","?","E","T","R","$","R","?","T","R","B",null,"M","?","$","?","$","R","?","R","T","R","$","?","$","M","R","B",null,"M","?","?","?","M","R","R","T","T","M","R","$","M","$","R","B",null],"character_chosen":"DEFECT","items_purchased":["Undo","Cold Snap","Blood Vial","Hologram","Self Repair","Stack","The Bomb","Conserve Battery","Fruit Juice","Blizzard+1"],"campfire_rested":7,"item_purchase_floors":[4,4,11,11,20,20,46,46,46,48],"current_hp_per_floor":[75,81,75,75,75,75,75,22,28,54,54,80,86,92,92,77,105,71,71,71,65,65,96,96,96,102,102,102,102,102,86,111,51,117,82,82,82,82,82,82,117,133,139,115,145,150,113,113,150,65],"gold":202,"neow_bonus":"","is_prod":false,"is_daily":true,"chose_seed":false,"campfire_upgraded":5,"win_rate":0.0,"timestamp":1546298297,"path_taken":["M","?","M","$","M","R","?","E","T","R","?","R","?","?","R","BOSS","M","?","$","?","$","R","?","R","T","R","$","?","?","M","R","BOSS","M","?","?","?","?","R","R","?","T","?","R","$","M","?","R","BOSS"],"build_version":"2018-12-20","purchased_purges":5,"victory":true,"max_hp_per_floor":[75,81,81,81,81,81,81,81,87,87,87,87,93,99,99,105,105,105,105,105,105,105,105,105,105,111,111,111,111,111,111,111,117,117,117,117,117,117,117,117,117,133,139,145,145,150,150,150,150,156],"card_choices":[{"not_picked":["Compile Driver"],"picked":"Go for the Eyes","floor":1},{"not_picked":["Sweeping Beam"],"picked":"Hologram","floor":3},{"not_picked":["Cold Snap"],"picked":"Coolheaded","floor":5},{"not_picked":["BootSequence"],"picked":"Redo","floor":8},{"not_picked":["Creative AI"],"picked":"Thunder Strike","floor":16},{"not_picked":["Turbo"],"picked":"Consume","floor":18},{"not_picked":["Cold Snap+1"],"picked":"Barrage+1","floor":31},{"not_picked":["Thunder Strike+1"],"picked":"Meteor Strike+1","floor":33},{"not_picked":["Force Field"],"picked":"Sunder+1","floor":35},{"not_picked":["Deep Breath"],"picked":"Dramatic Entrance+1","floor":37},{"not_picked":["Redo"],"picked":"Rebound+1","floor":39},{"not_picked":["Compile Driver+1"],"picked":"Go for the Eyes+1","floor":44},{"not_picked":["Hologram"],"picked":"Conserve Battery+1","floor":47}],"player_experience":183807,"relics_obtained":[{"floor":8,"key":"Ornamental Fan"},{"floor":9,"key":"Smiling Mask"},{"floor":14,"key":"Symbiotic Virus"},{"floor":26,"key":"Molten Egg 2"},{"floor":42,"key":"Pear"},{"floor":43,"key":"Kunai"}],"event_choices":[{"damage_healed":0,"gold_gain":175,"player_choice":"AGREE","damage_taken":0,"max_hp_gain":0,"max_hp_loss":0,"event_name":"Liars Game","floor":2,"gold_loss":0,"cards_obtained":["Doubt"]},{"damage_healed":0,"gold_gain":0,"player_choice":"Ignored","damage_taken":0,"max_hp_gain":0,"max_hp_loss":0,"event_name":"Golden Wing","floor":7,"gold_loss":0},{"damage_healed":0,"gold_gain":0,"player_choice":"Take Wound","damage_taken":0,"relics_obtained":["Golden Idol"],"max_hp_gain":0,"max_hp_loss":0,"event_name":"Golden Idol","floor":13,"gold_loss":0,"cards_obtained":["Injury"]},{"damage_healed":0,"gold_gain":0,"player_choice":"Opened","damage_taken":0,"relics_obtained":["Cables"],"max_hp_gain":0,"max_hp_loss":0,"event_name":"The Mausoleum","floor":19,"gold_loss":0},{"damage_healed":0,"gold_gain":0,"player_choice":"Joined the Cult","damage_taken":6,"max_hp_gain":0,"max_hp_loss":0,"event_name":"Nest","floor":21,"gold_loss":0,"cards_obtained":["RitualDagger"]},{"damage_healed":0,"gold_gain":0,"player_choice":"Read","damage_taken":0,"max_hp_gain":0,"max_hp_loss":0,"event_name":"The Library","floor":24,"gold_loss":0,"cards_obtained":["Melter"]},{"damage_healed":0,"gold_gain":0,"player_choice":"Simplicity","damage_taken":0,"max_hp_gain":0,"max_hp_loss":0,"event_name":"Back to Basics","floor":29,"gold_loss":0,"cards_upgraded":["Strike_B","Strike_B","Strike_B","Defend_B","Defend_B","Defend_B"]},{"damage_healed":0,"gold_gain":333,"player_choice":"Gave Idol","damage_taken":0,"max_hp_gain":0,"max_hp_loss":0,"event_name":"The Moai Head","floor":36,"relics_lost":["Golden Idol"],"gold_loss":0},{"damage_healed":0,"gold_gain":0,"player_choice":"Memory 1","damage_taken":0,"max_hp_gain":0,"max_hp_loss":0,"event_name":"SensoryStone","floor":37,"gold_loss":0},{"damage_healed":0,"gold_gain":0,"player_choice":"Ignored","damage_taken":0,"max_hp_gain":0,"max_hp_loss":0,"event_name":"Tomb of Lord Red Mask","floor":38,"gold_loss":0}],"is_beta":false,"boss_relics":[{"not_picked":["Orrery","Coffee Dripper"],"picked":"Velvet Choker"},{"not_picked":["Tiny House","Inserter"],"picked":"Lizard Tail"}],"items_purged_floors":[4,20,22,28,46],"is_endless":false,"potions_floor_spawned":[3,5,31,33,47],"ascension_level":0}