{"gold_per_floor":[118,193,368,119,132,163,163,192,192,20,20,20,54,85,85,187,187,197,197,197,214,224,224,254,254,254,270,270,299,51,51,51,148,148,162,182,282,43,95,95,95],"floor_reached":41,"playtime":2082,"items_purged":["Doubt"],"score":553,"play_id":"66e7ca07-fdb5-40ad-b17a-6db05d119c91","local_time":"20190318234702","is_ascension_mode":true,"campfire_choices":[{"data":"Neutralize","floor":7,"key":"SMITH"},{"data":"Bouncing Flask","floor":15,"key":"SMITH"},{"floor":23,"key":"REST"},{"floor":28,"key":"REST"},{"data":"Cloak And Dagger","floor":32,"key":"SMITH"},{"floor":40,"key":"REST"}],"neow_cost":"NONE","seed_source_timestamp":484585400048440,"circlet_count":0,"master_deck":["Defend_G","Defend_G+1","Defend_G","Defend_G","Defend_G","Strike_G","Strike_G","Strike_G","Strike_G","Strike_G","Survivor","Neutralize+1","Poisoned Stab","Flying Knee","Underhanded Strike","Storm of Steel+1","Deadly Poison","Bouncing Flask+1","Infinite Blades","After Image","Infinite Blades","Unload","Flying Knee","Night Terror+1","Footwork+1","Cloak And Dagger+1","Corpse Explosion","Envenom","Underhanded Strike","Tools of the Trade","Accuracy","Well Laid Plans+1"],"relics":["Ring of the Snake","Snake Skull","Bottled Flame","WingedGreaves","Mercury Hourglass","Lantern","War Paint","Question Card","WristBlade","Pear","Nloth\u0027s Gift","Shuriken","Kunai","Red Mask","Pantograph","Sozu","Shovel","HandDrill","StoneCalendar"],"potions_floor_usage":[8,13,16,29,33,39],"damage_taken":[{"damage":0,"enemies":"Small Slimes","floor":1,"turns":1},{"damage":0,"enemies":"2 Louse","floor":5,"turns":1},{"damage":0,"enemies":"Lagavulin","floor":6,"turns":1},{"damage":24,"enemies":"3 Sentries","floor":8,"turns":10},{"damage":0,"enemies":"Gremlin Nob","floor":13,"turns":3},{"damage":12,"enemies":"Lagavulin","floor":14,"turns":4},{"damage":12,"enemies":"Slime Boss","floor":16,"turns":7},{"damage":5,"enemies":"Shell Parasite","floor":18,"turns":4},{"damage":12,"enemies":"3 Byrds","floor":21,"turns":4},{"damage":11,"enemies":"Snake Plant","floor":22,"turns":4},{"damage":36,"enemies":"Slavers","floor":24,"turns":4},{"damage":17,"enemies":"Centurion and Healer","floor":27,"turns":5},{"damage":9,"enemies":"Masked Bandits","floor":29,"turns":3},{"damage":17,"enemies":"Champ","floor":33,"turns":8},{"damage":12,"enemies":"Orb Walker","floor":35,"turns":2},{"damage":9,"enemies":"3 Shapes","floor":36,"turns":2},{"damage":21,"enemies":"Mind Bloom Boss Battle","floor":37,"turns":7},{"damage":42,"enemies":"2 Orb Walkers","floor":39,"turns":5},{"damage":42,"enemies":"Giant Head","floor":41,"turns":5}],"seed_played":"-8052456905523680245","potions_obtained":[{"floor":1,"key":"Regen Potion"},{"floor":8,"key":"Swift Potion"},{"floor":14,"key":"SkillPotion"},{"floor":22,"key":"FearPotion"},{"floor":29,"key":"Block Potion"},{"floor":33,"key":"Weak Potion"}],"is_trial":false,"path_per_floor":["M","?","?","$","M","E","R","E","T","$","?","?","E","E","R","B",null,"M","?","?","M","M","R","E","?","T","M","R","?","$","?","R","B",null,"M","M","?","$","?","R","E"],"character_chosen":"THE_SILENT","items_purchased":["Snake Skull","Flying Knee","Lantern","Deadly Poison","Pantograph","Accuracy","HandDrill"],"campfire_rested":3,"item_purchase_floors":[4,4,10,10,30,38,38],"current_hp_per_floor":[70,59,59,59,59,59,59,50,50,50,50,67,67,55,55,43,70,65,75,75,63,52,76,40,40,40,23,46,37,37,37,37,45,77,65,56,56,56,14,37,0],"gold":95,"neow_bonus":"THREE_ENEMY_KILL","is_prod":false,"is_daily":false,"chose_seed":false,"campfire_upgraded":3,"win_rate":0,"timestamp":1552978022,"path_taken":["M","?","?","$","M","E","R","E","T","$","?","?","E","E","R","BOSS","M","?","?","?","M","R","E","?","T","?","R","?","$","?","R","BOSS","M","?","?","$","?","R","E"],"build_version":"2019-01-23","purchased_purges":1,"victory":false,"max_hp_per_floor":[70,70,70,70,70,70,70,70,70,70,70,70,70,70,70,70,70,70,80,80,80,80,80,80,77,77,77,77,77,77,77,77,77,77,77,77,77,77,77,77,77],"card_choices":[{"not_picked":["Concentrate","Deadly Poison"],"picked":"Poisoned Stab","floor":1},{"not_picked":["Reflex","Outmaneuver"],"picked":"Underhanded Strike","floor":5},{"not_picked":["Finisher","Sucker Punch","Bane"],"picked":"SKIP","floor":6},{"not_picked":["Flying Knee","Backstab"],"picked":"Storm of Steel","floor":8},{"not_picked":["Accuracy","Deadly Poison"],"picked":"Bouncing Flask","floor":13},{"not_picked":["Calculated Gamble","Flying Knee"],"picked":"Infinite Blades","floor":14},{"not_picked":["A Thousand Cuts","Storm of Steel","Wraith Form v2"],"picked":"After Image","floor":16},{"not_picked":["Bane","Sucker Punch","Outmaneuver"],"picked":"Infinite Blades","floor":18},{"not_picked":["Outmaneuver","Flying Knee","Quick Slash+1"],"picked":"Unload","floor":21},{"not_picked":["Sucker Punch","Bane","Expertise"],"picked":"Flying Knee","floor":22},{"not_picked":["Sucker Punch+1","Glass Knife","Deadly Poison"],"picked":"Night Terror","floor":24},{"not_picked":["Phantasmal Killer","Underhanded Strike+1","Leg Sweep"],"picked":"Footwork+1","floor":27},{"not_picked":["Quick Slash","Deflect","Skewer"],"picked":"Cloak And Dagger","floor":29},{"not_picked":["Envenom","Phantasmal Killer","Die Die Die"],"picked":"Corpse Explosion","floor":33},{"not_picked":["Heel Hook","Poisoned Stab","Deflect"],"picked":"Envenom","floor":35},{"not_picked":["Bane+1","Sucker Punch+1","Flying Knee"],"picked":"Underhanded Strike","floor":36},{"not_picked":["Prepared","Sucker Punch","Backflip+1"],"picked":"Tools of the Trade","floor":37},{"not_picked":["PiercingWail+1","Flying Knee+1","Prepared"],"picked":"Well Laid Plans+1","floor":39}],"player_experience":305543,"relics_obtained":[{"floor":6,"key":"Bottled Flame"},{"floor":8,"key":"WingedGreaves"},{"floor":9,"key":"Mercury Hourglass"},{"floor":13,"key":"War Paint"},{"floor":14,"key":"Question Card"},{"floor":24,"key":"Shuriken"},{"floor":26,"key":"Kunai"},{"floor":29,"key":"Red Mask"},{"floor":37,"key":"Shovel"},{"floor":39,"key":"StoneCalendar"}],"event_choices":[{"damage_healed":0,"gold_gain":75,"player_choice":"Gather Gold","damage_taken":11,"max_hp_gain":0,"max_hp_loss":0,"event_name":"World of Goop","floor":2,"gold_loss":0},{"damage_healed":0,"gold_gain":175,"player_choice":"AGREE","damage_taken":0,"max_hp_gain":0,"max_hp_loss":0,"event_name":"Liars Game","floor":3,"gold_loss":0,"cards_obtained":["Doubt"]},{"damage_healed":0,"gold_gain":0,"player_choice":"Leave","damage_taken":0,"max_hp_gain":0,"max_hp_loss":0,"event_name":"The Cleric","floor":11,"gold_loss":0},{"damage_healed":17,"gold_gain":0,"player_choice":"Healed and dodged fight","damage_taken":0,"max_hp_gain":0,"max_hp_loss":0,"event_name":"Mushrooms","floor":12,"gold_loss":0,"cards_obtained":["Parasite"]},{"damage_healed":0,"gold_gain":0,"player_choice":"Opened","damage_taken":0,"relics_obtained":["Pear"],"max_hp_gain":0,"max_hp_loss":0,"event_name":"The Mausoleum","floor":19,"gold_loss":0,"cards_obtained":["Writhe"]},{"damage_healed":0,"gold_gain":0,"player_choice":"Traded Relic","damage_taken":0,"relics_obtained":["Nloth\u0027s Gift"],"max_hp_gain":0,"max_hp_loss":0,"event_name":"N\u0027loth","floor":20,"relics_lost":["NeowsBlessing"],"gold_loss":0},{"cards_removed":["Writhe","Parasite"],"damage_healed":0,"gold_gain":0,"player_choice":"Removed Curses","damage_taken":0,"max_hp_gain":0,"max_hp_loss":0,"event_name":"Fountain of Cleansing","floor":25,"gold_loss":0},{"damage_healed":0,"gold_gain":0,"player_choice":"Fought Bandits","damage_taken":0,"max_hp_gain":0,"max_hp_loss":0,"event_name":"Masked Bandits","floor":29,"gold_loss":0},{"damage_healed":0,"gold_gain":0,"player_choice":"Forge","damage_taken":0,"max_hp_gain":0,"max_hp_loss":0,"event_name":"Accursed Blacksmith","floor":31,"gold_loss":0,"cards_upgraded":["Night Terror"]},{"damage_healed":0,"gold_gain":0,"player_choice":"Fight","damage_taken":0,"max_hp_gain":0,"max_hp_loss":0,"event_name":"MindBloom","floor":37,"gold_loss":0},{"damage_healed":0,"gold_gain":0,"player_choice":"Fight","damage_taken":0,"max_hp_gain":0,"max_hp_loss":0,"event_name":"Mysterious Sphere","floor":39,"gold_loss":0}],"is_beta":false,"boss_relics":[{"not_picked":["Coffee Dripper","Snecko Eye"],"picked":"WristBlade"},{"not_picked":["Lizard Tail","HoveringKite"],"picked":"Sozu"}],"items_purged_floors":[4],"is_endless":false,"potions_floor_spawned":[1,8,14,22,29,33,35],"killed_by":"Giant Head","ascension_level":3}