{"gold_per_floor":[110,110,121,28,28,28,57,67,67,92,106,106,125,158,158,158],"floor_reached":16,"playtime":964,"items_purged":[],"score":150,"play_id":"6de1f38f-7c21-4c94-b2eb-f8d08fcefcc1","local_time":"20190320174722","is_ascension_mode":true,"campfire_choices":[{"data":"Blind","floor":6,"key":"SMITH"},{"floor":12,"key":"REST"},{"floor":15,"key":"REST"}],"neow_cost":"CURSE","seed_source_timestamp":636922339495808,"circlet_count":0,"master_deck":["Defend_G","Defend_G","Defend_G+1","Defend_G","Defend_G","Strike_G","Strike_G","Strike_G","Strike_G","Strike_G","Survivor+1","Neutralize","Well Laid Plans","Heel Hook","Blind+1","Regret","Underhanded Strike","Flying Knee","Phantasmal Killer","Noxious Fumes","Outmaneuver","A Thousand Cuts"],"relics":["Ring of the Snake","Ice Cream","Ninja Scroll","War Paint","Mango","Ginger"],"potions_floor_usage":[7,14,16],"damage_taken":[{"damage":11,"enemies":"2 Louse","floor":1,"turns":4},{"damage":4,"enemies":"Cultist","floor":3,"turns":4},{"damage":20,"enemies":"Lagavulin","floor":7,"turns":8},{"damage":0,"enemies":"Jaw Worm","floor":8,"turns":2},{"damage":26,"enemies":"Gremlin Nob","floor":10,"turns":5},{"damage":15,"enemies":"Large Slime","floor":11,"turns":6},{"damage":3,"enemies":"Blue Slaver","floor":13,"turns":3},{"damage":20,"enemies":"3 Sentries","floor":14,"turns":6},{"damage":37,"enemies":"Slime Boss","floor":16,"turns":9}],"seed_played":"4224458750520375286","potions_obtained":[{"floor":3,"key":"FearPotion"},{"floor":13,"key":"PowerPotion"},{"floor":14,"key":"GamblersBrew"}],"is_trial":false,"path_per_floor":["M","?","M","$","?","R","E","M","T","E","M","R","M","E","R","B"],"character_chosen":"THE_SILENT","items_purchased":["Blind"],"campfire_rested":2,"item_purchase_floors":[4],"current_hp_per_floor":[59,59,55,55,55,55,35,35,35,23,8,33,30,10,35,0],"gold":158,"neow_bonus":"ONE_RARE_RELIC","is_prod":false,"is_daily":false,"chose_seed":false,"campfire_upgraded":1,"win_rate":0,"timestamp":1553129242,"path_taken":["M","?","?","?","?","R","E","M","T","E","?","R","M","E","R","BOSS"],"build_version":"2019-01-23","purchased_purges":0,"victory":false,"max_hp_per_floor":[70,70,70,70,70,70,70,70,70,84,84,84,84,84,84,84],"card_choices":[{"not_picked":["Bane","Dagger Spray"],"picked":"Well Laid Plans","floor":1},{"not_picked":["PiercingWail","Poisoned Stab"],"picked":"Heel Hook","floor":3},{"not_picked":["Masterful Stab","Cloak And Dagger"],"picked":"Underhanded Strike","floor":7},{"not_picked":["Slice","Dagger Throw"],"picked":"Flying Knee","floor":8},{"not_picked":["Bouncing Flask","Choke"],"picked":"Phantasmal Killer","floor":10},{"not_picked":["Sucker Punch","Distraction"],"picked":"Noxious Fumes","floor":11},{"not_picked":["Dagger Throw","Expertise"],"picked":"Outmaneuver","floor":13},{"not_picked":["Footwork","Skewer"],"picked":"A Thousand Cuts","floor":14}],"player_experience":354620,"relics_obtained":[{"floor":7,"key":"War Paint"},{"floor":10,"key":"Mango"},{"floor":14,"key":"Ginger"}],"event_choices":[{"cards_removed":["Pain"],"damage_healed":0,"gold_gain":0,"player_choice":"Removed Curses","damage_taken":0,"max_hp_gain":0,"max_hp_loss":0,"event_name":"Fountain of Cleansing","floor":2,"gold_loss":0},{"damage_healed":0,"gold_gain":0,"player_choice":"Box","damage_taken":0,"relics_obtained":["Ninja Scroll"],"max_hp_gain":0,"max_hp_loss":0,"event_name":"Big Fish","floor":5,"gold_loss":0,"cards_obtained":["Regret"]}],"is_beta":false,"boss_relics":[],"items_purged_floors":[],"is_endless":false,"potions_floor_spawned":[3,13,14],"killed_by":"Slime Boss","ascension_level":5}