{"gold_per_floor":[115,19,38,113,113,113,113,113,136,161,0,0,39,55,55,148,148,172,191,211,45,225,256,256,277,300,300,300,350,365,77,77,166,166,187,200,57,57,15,15,49,49,75,109,122,36,36,36,36,36,36,36,36,36,76,76],"floor_reached":56,"playtime":2196,"items_purged":["Strike_B","Defend_B"],"score":1838,"play_id":"9f3022dd-3db4-4858-8ea6-53f4b5cfc330","local_time":"20190424231840","is_ascension_mode":true,"campfire_choices":[{"data":"Redo","floor":6.0,"key":"SMITH"},{"data":"Coolheaded","floor":8.0,"key":"SMITH"},{"data":"Sunder","floor":12.0,"key":"SMITH"},{"data":"Chaos","floor":15.0,"key":"SMITH"},{"data":"Dualcast","floor":24.0,"key":"SMITH"},{"data":"Blizzard","floor":28.0,"key":"SMITH"},{"data":"Loop","floor":32.0,"key":"SMITH"},{"data":"Apotheosis","floor":40.0,"key":"SMITH"},{"data":"Recycle","floor":47.0,"key":"SMITH"},{"floor":49.0,"key":"RECALL"},{"data":"Consume","floor":53.0,"key":"SMITH"}],"neow_cost":"NONE","seed_source_timestamp":0,"circlet_count":0,"master_deck":["AscendersBane","Defend_B","Defend_B","Defend_B","Zap","Dualcast+1","Redo+1","Sunder+1","Coolheaded+1","Double Energy","Chaos+1","Loop+1","Rainbow","Ball Lightning","Echo Form","Coolheaded+1","Reboot+1","Seek+1","Skim","Glacier+1","Thunder Strike","Blizzard+1","Skim","Turbo","Electrodynamics","Self Repair","Tempest","Capacitor","Apotheosis+1","Discovery","Consume+1","Defragment+1","Turbo","Recycle+1","Capacitor+1"],"special_seed":0,"relics":["Nuclear Battery","Golden Idol","Oddly Smooth Stone","Art of War","Astrolabe","Ornamental Fan","Blood Vial","ClockworkSouvenir","Runic Dome","Frozen Egg 2","Juzu Bracelet","Happy Flower"],"potions_floor_usage":[],"damage_taken":[{"damage":7.0,"enemies":"Small Slimes","floor":1.0,"turns":4.0},{"damage":11.0,"enemies":"2 Louse","floor":3.0,"turns":3.0},{"damage":6.0,"enemies":"Jaw Worm","floor":10.0,"turns":3.0},{"damage":12.0,"enemies":"Lagavulin","floor":13.0,"turns":6.0},{"damage":11.0,"enemies":"Gremlin Gang","floor":14.0,"turns":4.0},{"damage":7.0,"enemies":"Slime Boss","floor":16.0,"turns":6.0},{"damage":6.0,"enemies":"2 Thieves","floor":18.0,"turns":3.0},{"damage":13.0,"enemies":"Shell Parasite","floor":19.0,"turns":2.0},{"damage":0.0,"enemies":"Centurion and Healer","floor":20.0,"turns":4.0},{"damage":2.0,"enemies":"Book of Stabbing","floor":23.0,"turns":6.0},{"damage":0.0,"enemies":"Snecko","floor":25.0,"turns":5.0},{"damage":1.0,"enemies":"Shelled Parasite and Fungi","floor":30.0,"turns":6.0},{"damage":1.0,"enemies":"Automaton","floor":33.0,"turns":8.0},{"damage":13.0,"enemies":"3 Darklings","floor":35.0,"turns":3.0},{"damage":0.0,"enemies":"3 Shapes","floor":36.0,"turns":2.0},{"damage":21.0,"enemies":"Giant Head","floor":41.0,"turns":6.0},{"damage":19.0,"enemies":"Reptomancer","floor":44.0,"turns":7.0},{"damage":16.0,"enemies":"Jaw Worm Horde","floor":45.0,"turns":4.0},{"damage":26.0,"enemies":"Donu and Deca","floor":50.0,"turns":4.0},{"damage":6.0,"enemies":"Time Eater","floor":51.0,"turns":13.0},{"damage":46.0,"enemies":"Shield and Spear","floor":55.0,"turns":5.0},{"damage":8,"enemies":"The Heart","floor":56,"turns":2}],"seed_played":"603719268065515291","potions_obtained":[{"floor":13.0,"key":"Swift Potion"},{"floor":14.0,"key":"SpeedPotion"},{"floor":16.0,"key":"Dexterity Potion"},{"floor":19.0,"key":"Block Potion"},{"floor":25.0,"key":"LiquidBronze"}],"is_trial":false,"path_per_floor":["M","$","M","?","?","R","?","R","T","M","$","R","E","M","R","B",null,"M","M","M","$","?","E","R","M","T","?","R","?","M","$","R","B",null,"M","M","$","?","$","R","E","?","T","E","M","$","R","$","R","B","B",null,"R","$","E","B"],"character_chosen":"DEFECT","items_purchased":["Sunder","Coolheaded","Loop","Thunder Strike","Turbo","ClockworkSouvenir","Capacitor","Consume","Recycle"],"campfire_rested":0,"item_purchase_floors":[2,2,11,21,31,31,37,39,46],"current_hp_per_floor":[57,57,46,35,58,58,58,58,58,52,52,52,40,29,29,22,54,48,35,35,35,17,15,15,15,15,15,15,15,16,16,16,17,52,41,57,57,47,47,47,48,48,48,41,34,34,34,34,34,20,26,55,55,55,18,12],"gold":76,"neow_bonus":"BOSS_RELIC","is_prod":false,"is_daily":false,"chose_seed":false,"campfire_upgraded":10,"win_rate":0,"timestamp":1556119120,"path_taken":["M","$","M","?","?","R","?","R","T","M","$","R","E","M","R","BOSS","M","M","M","$","?","E","R","?","T","?","R","?","M","$","R","BOSS","M","M","$","?","$","R","E","?","T","E","M","$","R","?","R","BOSS","BOSS","R","$","E","BOSS"],"build_version":"2019-01-23","purchased_purges":2,"victory":false,"max_hp_per_floor":[71,71,71,71,71,71,64,64,64,64,64,64,64,64,64,64,64,64,64,64,64,64,64,64,64,64,64,64,64,64,64,64,64,64,64,64,64,64,64,64,64,64,64,64,64,64,64,64,64,64,64,64,64,64,64,64],"card_choices":[{"not_picked":["Streamline","Turbo"],"picked":"Redo","floor":1.0},{"not_picked":["FTL","Blizzard"],"picked":"Double Energy","floor":3.0},{"not_picked":["Sweeping Beam","Conserve Battery"],"picked":"Chaos","floor":10.0},{"not_picked":["Double Energy","Leap"],"picked":"Rainbow","floor":13.0},{"not_picked":["Rip and Tear","Leap"],"picked":"Ball Lightning","floor":14.0},{"not_picked":["Creative AI","Electrodynamics"],"picked":"Echo Form","floor":16.0},{"not_picked":["Steam","Hologram"],"picked":"Skim","floor":18.0},{"not_picked":["Steam","Force Field","Rebound+1"],"picked":"SKIP","floor":19.0},{"not_picked":["Steam","Darkness"],"picked":"Glacier+1","floor":20.0},{"not_picked":["Stack","Amplify"],"picked":"Blizzard","floor":23.0},{"not_picked":["Conserve Battery","Coolheaded","Storm"],"picked":"SKIP","floor":25.0},{"not_picked":["Hologram","Gash"],"picked":"Skim","floor":30.0},{"not_picked":["Seek","Echo Form"],"picked":"Electrodynamics","floor":33.0},{"not_picked":["Conserve Battery","Sunder"],"picked":"Self Repair","floor":35.0},{"not_picked":["Storm","Rebound+1"],"picked":"Tempest","floor":36.0},{"not_picked":["Deep Breath","Panacea"],"picked":"Apotheosis","floor":38.0},{"not_picked":["Mayhem","Magnetism"],"picked":"Discovery","floor":38.0},{"not_picked":["Storm","Steam+1","Leap+1"],"picked":"SKIP","floor":41.0},{"not_picked":["Fission","Barrage"],"picked":"Defragment+1","floor":44.0},{"not_picked":["Conserve Battery+1","Steam"],"picked":"Turbo","floor":45.0},{"not_picked":["Steam","Leap+1"],"picked":"Capacitor+1","floor":55.0}],"player_experience":1468615,"relics_obtained":[{"floor":9.0,"key":"Oddly Smooth Stone"},{"floor":13.0,"key":"Art of War"},{"floor":23.0,"key":"Ornamental Fan"},{"floor":26.0,"key":"Blood Vial"},{"floor":41.0,"key":"Frozen Egg 2"},{"floor":44.0,"key":"Juzu Bracelet"},{"floor":55.0,"key":"Happy Flower"}],"event_choices":[{"damage_healed":0.0,"max_hp_gain":0.0,"max_hp_loss":0.0,"gold_gain":75.0,"event_name":"World of Goop","player_choice":"Gather Gold","floor":4.0,"gold_loss":0.0,"damage_taken":11.0},{"damage_healed":23.0,"max_hp_gain":0.0,"max_hp_loss":0.0,"gold_gain":0.0,"event_name":"Big Fish","player_choice":"Banana","floor":5.0,"gold_loss":0.0,"damage_taken":0.0},{"damage_healed":0.0,"max_hp_gain":0.0,"max_hp_loss":7.0,"gold_gain":0.0,"event_name":"Golden Idol","player_choice":"Lose Max HP","floor":7.0,"gold_loss":0.0,"damage_taken":0.0,"relics_obtained":["Golden Idol"]},{"damage_healed":0.0,"max_hp_gain":0.0,"max_hp_loss":0.0,"gold_gain":180.0,"event_name":"Knowing Skull","player_choice":"GOLD GOLD ","floor":22.0,"potions_obtained":[],"gold_loss":0.0,"damage_taken":18.0,"cards_obtained":[]},{"damage_healed":0.0,"max_hp_gain":0.0,"max_hp_loss":0.0,"gold_gain":0.0,"event_name":"The Mausoleum","player_choice":"Ignored","floor":27.0,"gold_loss":0.0,"damage_taken":0.0},{"damage_healed":0.0,"max_hp_gain":0.0,"max_hp_loss":0.0,"gold_gain":100.0,"event_name":"The Joust","player_choice":"Bet on Murderer","floor":29.0,"gold_loss":50.0,"damage_taken":0.0},{"damage_healed":0.0,"max_hp_gain":0.0,"max_hp_loss":0.0,"gold_gain":0.0,"event_name":"SensoryStone","player_choice":"Memory 3","floor":38.0,"gold_loss":0.0,"damage_taken":10.0},{"damage_healed":0.0,"max_hp_gain":0.0,"max_hp_loss":0.0,"gold_gain":0.0,"event_name":"Mysterious Sphere","player_choice":"Ignored","floor":42.0,"gold_loss":0.0,"damage_taken":0.0}],"is_beta":false,"boss_relics":[{"not_picked":["Empty Cage","Snecko Eye"],"picked":"Astrolabe"},{"not_picked":["Calling Bell","Pandora\u0027s Box"],"picked":"Runic Dome"}],"items_purged_floors":[11,37],"is_endless":false,"potions_floor_spawned":[13,14,16,19,25,36,44],"killed_by":"The Heart","ascension_level":20}