{"gold_per_floor":[115,115,115,130,130,130,162,162,185,185,198,198,213,77,77,172,172,184,46,75,3,3,32,32,32,32,59,59,73,73,93,93,191,191,204,220,220,220,238,238],"floor_reached":40,"playtime":2736,"items_purged":[],"score":445,"play_id":"dcea1859-8e2b-4ecb-afcc-0dbd985e688c","local_time":"20181229231129","is_ascension_mode":false,"campfire_choices":[{"data":"Zap","floor":6,"key":"SMITH"},{"floor":8,"key":"REST"},{"data":"Barrage","floor":10,"key":"SMITH"},{"floor":15,"key":"REST"},{"floor":24,"key":"REST"},{"floor":32,"key":"REST"}],"neow_cost":"NONE","seed_source_timestamp":114046943205368,"circlet_count":0,"master_deck":["Strike_B","Strike_B","Strike_B","Defend_B","Defend_B","Defend_B","Zap+1","Barrage+1","Eviscerate","Sweeping Beam","Hologram","Redo","Beam Cell","Flash of Steel","Tempest","Rainbow","Electrodynamics","Conserve Battery","Redo","Streamline","Blizzard","Consume+1","Static Discharge","Self Repair","Hologram+1","Hello World","Stack","Rebound+1","Cold Snap","Biased Cognition","Static Discharge","Stack+1","White Noise+1"],"relics":["Runic Dome","Thread and Needle","Mummified Hand","Juzu Bracelet","Nuclear Battery","Red Mask","Orichalcum","Nilry\u0027s Codex","Bottled Tornado","Pear","Runic Pyramid"],"potions_floor_usage":[23,33,33,40,40],"damage_taken":[{"damage":0,"enemies":"Small Slimes","floor":1,"turns":3},{"damage":11,"enemies":"Jaw Worm","floor":4,"turns":4},{"damage":26,"enemies":"3 Sentries","floor":7,"turns":6},{"damage":1,"enemies":"Cultist","floor":11,"turns":4},{"damage":12,"enemies":"Blue Slaver","floor":13,"turns":3},{"damage":58,"enemies":"The Guardian","floor":16,"turns":8},{"damage":0,"enemies":"3 Byrds","floor":18,"turns":2},{"damage":0,"enemies":"Masked Bandits","floor":20,"turns":3},{"damage":54,"enemies":"Slavers","floor":23,"turns":4},{"damage":21,"enemies":"Gremlin Leader","floor":27,"turns":6},{"damage":3,"enemies":"2 Thieves","floor":29,"turns":3},{"damage":11,"enemies":"Sentry and Sphere","floor":31,"turns":4},{"damage":22,"enemies":"Champ","floor":33,"turns":13},{"damage":14,"enemies":"3 Shapes","floor":35,"turns":2},{"damage":7,"enemies":"3 Darklings","floor":36,"turns":4},{"damage":18,"enemies":"Transient","floor":39,"turns":5},{"damage":84,"enemies":"Giant Head","floor":40,"turns":8}],"seed_played":"-1302270288110981986","potions_obtained":[{"floor":7,"key":"PowerPotion"},{"floor":11,"key":"Regen Potion"},{"floor":16,"key":"EssenceOfSteel"},{"floor":23,"key":"SpeedPotion"},{"floor":36,"key":"Block Potion"},{"floor":38,"key":"Ancient Potion"},{"floor":38,"key":"Energy Potion"}],"is_trial":false,"path_per_floor":["M","?","?","M","?","R","E","R","T","R","M","?","M","$","R","B",null,"M","$","?","$","?","E","R","?","T","E","?","M","?","M","R","B",null,"M","M","?","?","M","E"],"character_chosen":"DEFECT","items_purchased":["Rainbow","Redo","Streamline","Blizzard","Static Discharge"],"campfire_rested":4,"item_purchase_floors":[14,19,19,19,21],"current_hp_per_floor":[75,75,75,64,64,64,38,60,60,60,59,59,47,47,69,11,75,75,75,75,75,61,16,40,24,24,20,20,17,17,6,33,18,90,83,83,83,83,65,0],"gold":238,"neow_bonus":"BOSS_RELIC","is_prod":false,"is_daily":false,"chose_seed":false,"campfire_upgraded":2,"win_rate":0.0,"timestamp":1546153889,"path_taken":["M","?","?","?","?","R","E","R","T","R","M","?","M","$","R","BOSS","M","$","?","$","?","E","R","?","T","E","?","M","?","M","R","BOSS","M","M","?","?","M","E"],"build_version":"2018-12-20","purchased_purges":0,"victory":false,"max_hp_per_floor":[75,75,75,75,75,75,75,75,75,75,75,75,75,75,75,75,75,75,75,75,75,80,80,80,80,80,90,90,90,90,90,90,90,90,90,90,90,90,90,90],"card_choices":[{"not_picked":["Compile Driver","Steam Power"],"picked":"Barrage","floor":1},{"not_picked":["Cold Snap","Steam Power"],"picked":"Sweeping Beam","floor":4},{"not_picked":["Go for the Eyes","Leap"],"picked":"Hologram","floor":7},{"not_picked":["Cold Snap","BootSequence"],"picked":"Redo","floor":11},{"not_picked":["Barrage","Lockon"],"picked":"Tempest","floor":13},{"not_picked":["Machine Learning","Buffer"],"picked":"Electrodynamics","floor":16},{"not_picked":["Steam","Scrape"],"picked":"Conserve Battery","floor":18},{"not_picked":["Cold Snap","Compile Driver"],"picked":"Consume+1","floor":20},{"not_picked":["Reboot","Defragment"],"picked":"Self Repair","floor":23},{"not_picked":["Force Field","Self Repair"],"picked":"Hologram+1","floor":27},{"not_picked":["Gash","Redo+1"],"picked":"Rebound+1","floor":29},{"not_picked":["Skim","Steam Power"],"picked":"Cold Snap","floor":31},{"not_picked":["Amplify","Machine Learning"],"picked":"Biased Cognition","floor":33},{"not_picked":["Gash","Beam Cell"],"picked":"Static Discharge","floor":35},{"not_picked":["Blizzard+1","Barrage"],"picked":"Stack+1","floor":36},{"not_picked":["Sweeping Beam+1","Auto Shields+1"],"picked":"White Noise+1","floor":39}],"player_experience":140802,"relics_obtained":[{"floor":7,"key":"Mummified Hand"},{"floor":9,"key":"Juzu Bracelet"},{"floor":20,"key":"Red Mask"},{"floor":23,"key":"Orichalcum"},{"floor":25,"key":"Nilry\u0027s Codex"},{"floor":26,"key":"Bottled Tornado"},{"floor":27,"key":"Pear"}],"event_choices":[{"damage_healed":0,"gold_gain":0,"player_choice":"Leave","damage_taken":0,"max_hp_gain":0,"max_hp_loss":0,"event_name":"The Cleric","floor":2,"gold_loss":0},{"cards_removed":["Dualcast"],"damage_healed":0,"gold_gain":0,"player_choice":"Took Card","damage_taken":0,"max_hp_gain":0,"max_hp_loss":0,"event_name":"NoteForYourself","floor":3,"gold_loss":0,"cards_obtained":["Eviscerate"]},{"damage_healed":0,"gold_gain":0,"player_choice":"Box","damage_taken":0,"relics_obtained":["Thread and Needle"],"max_hp_gain":0,"max_hp_loss":0,"event_name":"Big Fish","floor":5,"gold_loss":0,"cards_obtained":["Regret"]},{"damage_healed":0,"gold_gain":0,"player_choice":"2 cards matched","damage_taken":0,"max_hp_gain":0,"max_hp_loss":0,"event_name":"Match and Keep!","floor":12,"gold_loss":0,"cards_obtained":["Beam Cell","Flash of Steel"]},{"damage_healed":0,"gold_gain":0,"player_choice":"Fought Bandits","damage_taken":0,"max_hp_gain":0,"max_hp_loss":0,"event_name":"Masked Bandits","floor":20,"gold_loss":0},{"damage_healed":0,"gold_gain":0,"player_choice":"Shed Blood","damage_taken":19,"max_hp_gain":5,"max_hp_loss":0,"event_name":"Forgotten Altar","floor":22,"gold_loss":0},{"damage_healed":0,"gold_gain":0,"player_choice":"Obtained Book","damage_taken":16,"max_hp_gain":0,"max_hp_loss":0,"event_name":"Cursed Tome","floor":25,"gold_loss":0},{"damage_healed":0,"gold_gain":0,"cards_transformed":["Defend_B","Strike_B"],"player_choice":"Became Test Subject","damage_taken":0,"max_hp_gain":0,"max_hp_loss":0,"event_name":"Drug Dealer","floor":28,"gold_loss":0,"cards_obtained":["Hello World","Stack"]},{"damage_healed":0,"gold_gain":0,"player_choice":"Ignored","damage_taken":0,"max_hp_gain":0,"max_hp_loss":0,"event_name":"Ghosts","floor":30,"gold_loss":0},{"cards_removed":["Regret"],"damage_healed":0,"gold_gain":0,"player_choice":"Removed Curses","damage_taken":0,"max_hp_gain":0,"max_hp_loss":0,"event_name":"Fountain of Cleansing","floor":37,"gold_loss":0},{"damage_healed":0,"gold_gain":0,"player_choice":"Got Potions","damage_taken":0,"max_hp_gain":0,"max_hp_loss":0,"event_name":"Lab","floor":38,"gold_loss":0}],"is_beta":false,"boss_relics":[{"not_picked":["Cursed Key","Orrery"],"picked":"Nuclear Battery"},{"not_picked":["Empty Cage","Sozu"],"picked":"Runic Pyramid"}],"items_purged_floors":[],"is_endless":false,"potions_floor_spawned":[7,11,16,20,23,31,36],"killed_by":"Giant Head","ascension_level":0}