{"gold_per_floor":[115,3,18,31,47,72,72,101,174,204,219,219,248,262,262,364,364,383,395,413,425,439,439,439],"floor_reached":24,"playtime":3156,"items_purged":[],"score":244,"play_id":"3fb7bec0-f5f5-4a3a-812c-44c0c4845831","local_time":"20190505194039","is_ascension_mode":true,"campfire_choices":[{"floor":7,"key":"RECALL"},{"data":"Neutralize","floor":12,"key":"SMITH"},{"data":"Dagger Spray","floor":15,"key":"SMITH"},{"floor":23,"key":"REST"}],"neow_cost":"NONE","seed_source_timestamp":27151545172400,"circlet_count":0,"master_deck":["Defend_G","Defend_G","Defend_G","Defend_G","Defend_G","Strike_G","Strike_G","Strike_G","Strike_G","Strike_G","Survivor","Neutralize+1","Dagger Throw+1","Footwork","Concentrate","Poisoned Stab+1","Blur","Dagger Spray+1","Terror","Acrobatics","Flying Knee","Dash","Dodge and Roll","Corpse Explosion","Prepared","Blade Dance+1","All Out Attack","Deadly Poison+1"],"relics":["Ring of the Snake","Kunai","The Specimen","Whetstone","Lantern","Black Star"],"potions_floor_usage":[8,8,11,13,16,20,22],"damage_taken":[{"damage":1,"enemies":"Cultist","floor":1,"turns":4},{"damage":1,"enemies":"2 Louse","floor":3,"turns":3},{"damage":0,"enemies":"Jaw Worm","floor":4,"turns":4},{"damage":0,"enemies":"Looter","floor":5,"turns":4},{"damage":15,"enemies":"Lagavulin","floor":6,"turns":13},{"damage":12,"enemies":"Gremlin Nob","floor":8,"turns":5},{"damage":18,"enemies":"3 Sentries","floor":10,"turns":11},{"damage":0,"enemies":"Large Slime","floor":11,"turns":6},{"damage":12,"enemies":"Gremlin Nob","floor":13,"turns":4},{"damage":2,"enemies":"3 Louse","floor":14,"turns":3},{"damage":27,"enemies":"Slime Boss","floor":16,"turns":13},{"damage":20,"enemies":"Spheric Guardian","floor":18,"turns":8},{"damage":4,"enemies":"3 Byrds","floor":19,"turns":4},{"damage":31,"enemies":"Snecko","floor":20,"turns":6},{"damage":20,"enemies":"Centurion and Healer","floor":21,"turns":4},{"damage":0,"enemies":"Cultist and Chosen","floor":22,"turns":4},{"damage":25,"enemies":"Book of Stabbing","floor":24,"turns":3}],"seed_played":"2509574157264200445","potions_obtained":[{"floor":4,"key":"GamblersBrew"},{"floor":6,"key":"LiquidBronze"},{"floor":10,"key":"Regen Potion"},{"floor":11,"key":"EssenceOfSteel"},{"floor":14,"key":"LiquidBronze"},{"floor":19,"key":"Fire Potion"},{"floor":21,"key":"AttackPotion"}],"is_trial":false,"path_per_floor":["M","$","M","M","M","E","R","E","T","E","M","R","E","M","R","B",null,"M","M","M","M","M","R","E"],"character_chosen":"THE_SILENT","items_purchased":["Footwork","Concentrate"],"campfire_rested":1,"item_purchase_floors":[2,2],"current_hp_per_floor":[76,76,75,75,75,60,60,48,48,30,45,45,33,31,31,4,77,57,53,22,2,2,25,0],"gold":439,"neow_bonus":"TEN_PERCENT_HP_BONUS","is_prod":false,"is_daily":false,"chose_seed":false,"campfire_upgraded":2,"win_rate":0,"timestamp":1557078039,"path_taken":["M","$","M","M","M","E","R","E","T","E","M","R","E","M","R","BOSS","M","M","M","M","?","R","E"],"build_version":"2019-01-23","purchased_purges":0,"victory":false,"max_hp_per_floor":[77,77,77,77,77,77,77,77,77,77,77,77,77,77,77,77,77,77,77,77,77,77,77,77],"card_choices":[{"not_picked":["Heel Hook","Expertise"],"picked":"Dagger Throw","floor":1},{"not_picked":["Dagger Throw","Sucker Punch"],"picked":"Poisoned Stab","floor":3},{"not_picked":["All Out Attack","Flechettes"],"picked":"Blur","floor":4},{"not_picked":["PiercingWail","Distraction"],"picked":"Dagger Spray","floor":5},{"not_picked":["Outmaneuver","Flying Knee"],"picked":"Terror","floor":6},{"not_picked":["Underhanded Strike","Grand Finale","Choke"],"picked":"SKIP","floor":8},{"not_picked":["Accuracy","Underhanded Strike"],"picked":"Acrobatics","floor":10},{"not_picked":["Dagger Spray","Escape Plan"],"picked":"Flying Knee","floor":11},{"not_picked":["Quick Slash","Slice"],"picked":"Dash","floor":13},{"not_picked":["Prepared","Deflect"],"picked":"Dodge and Roll","floor":14},{"not_picked":["Wraith Form v2","A Thousand Cuts"],"picked":"Corpse Explosion","floor":16},{"not_picked":["Deflect","Backflip"],"picked":"Prepared","floor":18},{"not_picked":["Flying Knee+1","Dagger Spray"],"picked":"Blade Dance+1","floor":19},{"not_picked":["Poisoned Stab","Underhanded Strike","Riddle With Holes"],"picked":"SKIP","floor":20},{"not_picked":["Terror","Deflect"],"picked":"All Out Attack","floor":21},{"not_picked":["Finisher","Poisoned Stab"],"picked":"Deadly Poison+1","floor":22}],"player_experience":250988,"relics_obtained":[{"floor":6,"key":"Kunai"},{"floor":8,"key":"The Specimen"},{"floor":10,"key":"Whetstone"},{"floor":13,"key":"Lantern"}],"event_choices":[],"is_beta":false,"boss_relics":[{"not_picked":["Coffee Dripper","Busted Crown"],"picked":"Black Star"}],"items_purged_floors":[],"is_endless":false,"potions_floor_spawned":[4,6,10,11,14,19,21],"killed_by":"Book of Stabbing","ascension_level":1}