{"gold_per_floor":[111,129,129,149,149,149,74,149,149,149,162,174,174,193,193,265,265,280,280,205,217,233,233,243,274,274,178,178],"floor_reached":28,"playtime":712,"items_purged":["Strike_B"],"score":420,"play_id":"f0a5ee0c-ee93-4fa7-b041-b621f38a95f5","local_time":"20190428154929","is_ascension_mode":true,"campfire_choices":[{"data":"Fusion","floor":6.0,"key":"SMITH"},{"data":"Zap","floor":10.0,"key":"SMITH"},{"data":"Streamline","floor":13.0,"key":"SMITH"},{"data":"Redo","floor":15.0,"key":"SMITH"},{"floor":23.0,"key":"REST"}],"neow_cost":"NONE","seed_source_timestamp":318988087234320,"circlet_count":0,"master_deck":["AscendersBane","Strike_B","Strike_B","Defend_B","Defend_B","Defend_B","Defend_B","Zap+1","Dualcast","Fusion+1","Compile Driver","Skim","Streamline+1","Redo+1","Meteor Strike","Turbo","Hologram","Coolheaded","Thunder Strike"],"special_seed":0,"relics":["Cracked Core","NeowsBlessing","Sundial","Runic Pyramid","Red Mask","Cables"],"potions_floor_usage":[],"damage_taken":[{"damage":0.0,"enemies":"Jaw Worm","floor":1.0,"turns":1.0},{"damage":0.0,"enemies":"Cultist","floor":2.0,"turns":1.0},{"damage":0.0,"enemies":"Small Slimes","floor":4.0,"turns":1.0},{"damage":17.0,"enemies":"2 Fungi Beasts","floor":11.0,"turns":3.0},{"damage":20.0,"enemies":"Large Slime","floor":12.0,"turns":5.0},{"damage":6.0,"enemies":"Blue Slaver","floor":14.0,"turns":3.0},{"damage":27.0,"enemies":"Hexaghost","floor":16.0,"turns":9.0},{"damage":1.0,"enemies":"Spheric Guardian","floor":18.0,"turns":3.0},{"damage":26.0,"enemies":"Colosseum Slavers","floor":19.0,"turns":3.0},{"damage":10.0,"enemies":"Chosen","floor":21.0,"turns":4.0},{"damage":14.0,"enemies":"Snake Plant","floor":22.0,"turns":2.0},{"damage":8.0,"enemies":"Centurion and Healer","floor":24.0,"turns":6.0},{"damage":13.0,"enemies":"Masked Bandits","floor":25.0,"turns":4.0},{"damage":0,"enemies":"Cultist and Chosen","floor":28,"turns":3}],"seed_played":"-2975382141341130629","potions_obtained":[{"floor":1.0,"key":"Regen Potion"},{"floor":3.0,"key":"SpeedPotion"},{"floor":16.0,"key":"EssenceOfSteel"},{"floor":22.0,"key":"Block Potion"},{"floor":24.0,"key":"SkillPotion"}],"is_trial":false,"path_per_floor":["M","M","?","M","?","R","?","?","T","R","M","M","R","M","R","B",null,"M","?","$","M","M","R","M","?","T","?","M"],"character_chosen":"DEFECT","items_purchased":[],"campfire_rested":1,"item_purchase_floors":[],"current_hp_per_floor":[64,64,64,64,69,69,69,58,58,58,41,21,21,15,15,3,58,57,31,31,21,7,29,21,8,8,8,8],"gold":178,"neow_bonus":"THREE_ENEMY_KILL","is_prod":false,"is_daily":false,"chose_seed":false,"campfire_upgraded":4,"win_rate":0,"timestamp":1556437769,"path_taken":["M","M","?","?","?","R","?","?","T","R","M","M","R","M","R","BOSS","M","?","$","M","M","R","M","?","T","?","?"],"build_version":"2019-01-23","purchased_purges":1,"victory":false,"max_hp_per_floor":[71,71,71,71,76,76,76,76,76,76,76,76,76,76,76,76,76,76,76,76,76,76,76,76,76,76,76,76],"card_choices":[{"not_picked":["Double Energy","Conserve Battery"],"picked":"Fusion","floor":1.0},{"not_picked":["Gash","Rebound"],"picked":"Compile Driver","floor":2.0},{"not_picked":["Ball Lightning","Barrage"],"picked":"Skim","floor":4.0},{"not_picked":["Leap","Rebound"],"picked":"Streamline","floor":11.0},{"not_picked":["Rebound","Steam","Static Discharge"],"picked":"SKIP","floor":12.0},{"not_picked":["Lockon","Rebound"],"picked":"Redo","floor":14.0},{"not_picked":["Core Surge","Rainbow"],"picked":"Meteor Strike","floor":16.0},{"not_picked":["Gash","Lockon"],"picked":"Turbo","floor":18.0},{"not_picked":["Rebound","Stack"],"picked":"Hologram","floor":21.0},{"not_picked":["Redo","Barrage"],"picked":"Coolheaded","floor":22.0},{"not_picked":["Gash","Redo","Steam"],"picked":"SKIP","floor":24.0},{"not_picked":["Capacitor","Streamline+1"],"picked":"Thunder Strike","floor":25.0}],"player_experience":1493825,"relics_obtained":[{"floor":9.0,"key":"Sundial"},{"floor":25.0,"key":"Red Mask"}],"event_choices":[{"damage_healed":0.0,"max_hp_gain":0.0,"max_hp_loss":0.0,"gold_gain":0.0,"event_name":"Lab","player_choice":"Got Potions","floor":3.0,"gold_loss":0.0,"damage_taken":0.0},{"damage_healed":0.0,"max_hp_gain":5.0,"max_hp_loss":0.0,"gold_gain":0.0,"event_name":"Big Fish","player_choice":"Donut","floor":5.0,"gold_loss":0.0,"damage_taken":0.0},{"cards_removed":["Strike_B"],"damage_healed":0.0,"max_hp_gain":0.0,"max_hp_loss":0.0,"gold_gain":0.0,"event_name":"The Cleric","player_choice":"Card Removal","floor":7.0,"gold_loss":75.0,"damage_taken":0.0},{"damage_healed":0.0,"max_hp_gain":0.0,"max_hp_loss":0.0,"gold_gain":75.0,"event_name":"World of Goop","player_choice":"Gather Gold","floor":8.0,"gold_loss":0.0,"damage_taken":11.0},{"damage_healed":0.0,"max_hp_gain":0.0,"max_hp_loss":0.0,"gold_gain":0.0,"event_name":"Colosseum","player_choice":"Fight","floor":19.0,"gold_loss":0.0,"damage_taken":0.0},{"damage_healed":0.0,"max_hp_gain":0.0,"max_hp_loss":0.0,"gold_gain":0.0,"event_name":"Colosseum","player_choice":"Fled From Nobs","floor":19.0,"gold_loss":0.0,"damage_taken":0.0},{"damage_healed":0.0,"max_hp_gain":0.0,"max_hp_loss":0.0,"gold_gain":0.0,"event_name":"Masked Bandits","player_choice":"Fought Bandits","floor":25.0,"gold_loss":0.0,"damage_taken":0.0},{"damage_healed":0.0,"max_hp_gain":0.0,"max_hp_loss":0.0,"gold_gain":0.0,"event_name":"WeMeetAgain","player_choice":"Paid Gold","floor":27.0,"gold_loss":96.0,"damage_taken":0.0,"relics_obtained":["Cables"]}],"is_beta":false,"boss_relics":[{"not_picked":["Fusion Hammer","Calling Bell"],"picked":"Runic Pyramid"}],"items_purged_floors":[20],"is_endless":false,"potions_floor_spawned":[1,14,16,22,24],"killed_by":"Cultist and Chosen","ascension_level":20}