{"gold_per_floor":[115,115,11,61,71,103,103,129,156,184,184,204,204,215,215,287,287,307,42,42,42,42,67,67,77,127,127,141,141,173,185,185,264,264,281,281,300,300,70,70,102,102,102,128,128,53,83,83,83,83,83,83,83,4,35,35],"floor_reached":57,"playtime":2048,"items_purged":["Strike_B"],"score":3330,"play_id":"1a9097a5-bb2d-45c8-9c37-edd32ed99551","local_time":"20190417043506","is_ascension_mode":true,"campfire_choices":[{"data":"Fission","floor":7.0,"key":"SMITH"},{"data":"Coolheaded","floor":11.0,"key":"SMITH"},{"data":"Recycle","floor":13.0,"key":"SMITH"},{"data":"Hyperbeam","floor":15.0,"key":"SMITH"},{"data":"Zap","floor":24.0,"key":"SMITH"},{"data":"Sunder","floor":27.0,"key":"SMITH"},{"data":"Hologram","floor":29.0,"key":"SMITH"},{"data":"Turbo","floor":32.0,"key":"SMITH"},{"data":"Dualcast","floor":40.0,"key":"SMITH"},{"data":"Capacitor","floor":42.0,"key":"SMITH"},{"floor":49.0,"key":"RECALL"},{"data":"Undo","floor":53.0,"key":"SMITH"}],"neow_cost":"NONE","seed_source_timestamp":0,"circlet_count":0,"master_deck":["AscendersBane","Defend_B","Defend_B","Defend_B","Zap+1","Dualcast+1","Undo+1","Hyperbeam+1","Ball Lightning","Capacitor+1","Fission+1","Recycle+1","Coolheaded+1","Hologram+1","All For One","Turbo+1","Sunder+1","Go for the Eyes+1","Skim+1","Tempest","Meteor Strike"],"special_seed":0,"relics":["Coffee Dripper","Bronze Scales","FossilizedHelix","PreservedInsect","Letter Opener","Empty Cage","Kunai","Juzu Bracelet","Necronomicon","Thread and Needle","DataDisk","Frozen Egg 2","Busted Crown","ClockworkSouvenir","Bird Faced Urn","Orichalcum","Darkstone Periapt","Oddly Smooth Stone"],"potions_floor_usage":[56],"damage_taken":[{"damage":3.0,"enemies":"2 Louse","floor":1.0,"turns":4.0},{"damage":0.0,"enemies":"Cultist","floor":5.0,"turns":3.0},{"damage":21.0,"enemies":"Lagavulin","floor":6.0,"turns":8.0},{"damage":20.0,"enemies":"3 Sentries","floor":8.0,"turns":5.0},{"damage":0.0,"enemies":"Gremlin Nob","floor":10.0,"turns":3.0},{"damage":0.0,"enemies":"Small Slimes","floor":12.0,"turns":2.0},{"damage":0.0,"enemies":"Red Slaver","floor":14.0,"turns":3.0},{"damage":0.0,"enemies":"Slime Boss","floor":16.0,"turns":5.0},{"damage":0.0,"enemies":"3 Byrds","floor":18.0,"turns":2.0},{"damage":32.0,"enemies":"Gremlin Leader","floor":23.0,"turns":6.0},{"damage":0.0,"enemies":"Shell Parasite","floor":25.0,"turns":2.0},{"damage":0.0,"enemies":"Snecko","floor":28.0,"turns":3.0},{"damage":0.0,"enemies":"Book of Stabbing","floor":30.0,"turns":2.0},{"damage":0.0,"enemies":"Centurion and Healer","floor":31.0,"turns":2.0},{"damage":0.0,"enemies":"Champ","floor":33.0,"turns":10.0},{"damage":2.0,"enemies":"Orb Walker","floor":35.0,"turns":3.0},{"damage":0.0,"enemies":"3 Shapes","floor":37.0,"turns":3.0},{"damage":0.0,"enemies":"Giant Head","floor":41.0,"turns":3.0},{"damage":0.0,"enemies":"Reptomancer","floor":44.0,"turns":2.0},{"damage":0.0,"enemies":"Giant Head","floor":47.0,"turns":5.0},{"damage":11.0,"enemies":"Time Eater","floor":50.0,"turns":8.0},{"damage":38.0,"enemies":"Donu and Deca","floor":51.0,"turns":6.0},{"damage":6.0,"enemies":"Shield and Spear","floor":55.0,"turns":2.0},{"damage":36,"enemies":"The Heart","floor":56,"turns":7}],"seed_played":"-8498301729368748571","potions_obtained":[{"floor":6.0,"key":"FocusPotion"},{"floor":8.0,"key":"Poison Potion"},{"floor":10.0,"key":"Energy Potion"},{"floor":16.0,"key":"FearPotion"},{"floor":30.0,"key":"SpeedPotion"},{"floor":33.0,"key":"Strength Potion"},{"floor":44.0,"key":"PowerPotion"}],"is_trial":false,"path_per_floor":["M","?","$","?","M","E","R","E","T","E","R","M","R","M","R","B",null,"M","$","?","?","?","E","R","M","T","R","M","R","E","M","R","B",null,"M","?","M","?","$","R","E","R","T","E","?","$","E","?","R","B","B",null,"R","$","E","B",null],"character_chosen":"DEFECT","items_purchased":["Ball Lightning","Capacitor","Kunai","ClockworkSouvenir","EssenceOfSteel"],"campfire_rested":0,"item_purchase_floors":[3,3,19,39,54],"current_hp_per_floor":[61,61,61,61,61,40,40,20,20,20,20,20,20,20,20,20,58,58,58,58,58,37,5,5,5,5,5,5,5,5,5,5,5,55,53,49,49,49,49,49,49,49,49,51,51,51,53,53,53,46,10,53,53,53,47,13],"gold":35,"neow_bonus":"BOSS_RELIC","is_prod":false,"is_daily":false,"chose_seed":false,"campfire_upgraded":11,"win_rate":0,"timestamp":1555446906,"path_taken":["M","?","$","?","?","E","R","E","T","E","R","M","R","M","R","BOSS","M","$","?","?","?","E","R","M","T","R","M","R","E","M","R","BOSS","M","?","M","?","?","R","E","R","T","E","?","$","E","?","R","BOSS","BOSS","R","$","E","BOSS"],"build_version":"2019-01-23","purchased_purges":1,"victory":true,"max_hp_per_floor":[71,71,71,71,71,71,71,71,71,71,71,71,71,71,71,71,71,71,71,71,71,71,71,71,71,71,71,71,71,71,71,71,71,71,71,71,71,71,71,71,71,71,71,71,67,67,67,67,67,67,67,67,67,67,67,67],"card_choices":[{"not_picked":["Redo","Rebound"],"picked":"Undo","floor":1.0},{"not_picked":["Leap","Redo","Barrage"],"picked":"SKIP","floor":5.0},{"not_picked":["Ball Lightning","Streamline"],"picked":"Fission","floor":6.0},{"not_picked":["Redo","Barrage"],"picked":"Recycle","floor":8.0},{"not_picked":["Chill","Go for the Eyes"],"picked":"Coolheaded","floor":10.0},{"not_picked":["Rebound","Aggregate","Steam Power"],"picked":"SKIP","floor":12.0},{"not_picked":["Streamline","Stack"],"picked":"Hologram","floor":14.0},{"not_picked":["Reboot","Hyperbeam"],"picked":"All For One","floor":16.0},{"not_picked":["Hologram","Streamline"],"picked":"Turbo","floor":18.0},{"not_picked":["Force Field","Recycle","Steam Power"],"picked":"SKIP","floor":23.0},{"not_picked":["Conserve Battery+1","Cold Snap+1"],"picked":"Sunder","floor":25.0},{"not_picked":["Chill","Blizzard"],"picked":"Go for the Eyes+1","floor":28.0},{"not_picked":["Electrodynamics","Leap+1"],"picked":"Skim+1","floor":30.0},{"not_picked":["Leap","Gash"],"picked":"Tempest","floor":31.0},{"not_picked":["Rainbow","Buffer+1"],"picked":"Meteor Strike","floor":33.0},{"not_picked":["Compile Driver"],"picked":"SKIP","floor":35.0},{"not_picked":["Redo"],"picked":"SKIP","floor":37.0},{"not_picked":["Melter"],"picked":"SKIP","floor":41.0},{"not_picked":["Cold Snap"],"picked":"SKIP","floor":44.0},{"not_picked":["Rip and Tear+1"],"picked":"SKIP","floor":47.0},{"not_picked":["Rip and Tear"],"picked":"SKIP","floor":55.0}],"player_experience":1417413,"relics_obtained":[{"floor":6.0,"key":"Bronze Scales"},{"floor":8.0,"key":"FossilizedHelix"},{"floor":9.0,"key":"PreservedInsect"},{"floor":10.0,"key":"Letter Opener"},{"floor":22.0,"key":"Necronomicon"},{"floor":23.0,"key":"Thread and Needle"},{"floor":26.0,"key":"DataDisk"},{"floor":30.0,"key":"Frozen Egg 2"},{"floor":41.0,"key":"Bird Faced Urn"},{"floor":44.0,"key":"Orichalcum"},{"floor":47.0,"key":"Darkstone Periapt"},{"floor":55.0,"key":"Oddly Smooth Stone"}],"event_choices":[{"damage_healed":0.0,"max_hp_gain":0.0,"max_hp_loss":0.0,"gold_gain":0.0,"cards_transformed":["Strike_B"],"event_name":"Living Wall","player_choice":"Change","floor":2.0,"gold_loss":0.0,"damage_taken":0.0,"cards_obtained":["Hyperbeam"]},{"damage_healed":0.0,"max_hp_gain":0.0,"max_hp_loss":0.0,"gold_gain":50.0,"event_name":"Golden Shrine","player_choice":"Pray","floor":4.0,"gold_loss":0.0,"damage_taken":0.0},{"damage_healed":0.0,"max_hp_gain":0.0,"max_hp_loss":0.0,"gold_gain":0.0,"event_name":"WeMeetAgain","player_choice":"Gave Potion","floor":20.0,"gold_loss":0.0,"damage_taken":0.0,"relics_obtained":["Juzu Bracelet"]},{"damage_healed":0.0,"max_hp_gain":0.0,"max_hp_loss":0.0,"gold_gain":0.0,"event_name":"Cursed Tome","player_choice":"Obtained Book","floor":22.0,"gold_loss":0.0,"damage_taken":21.0},{"damage_healed":0.0,"max_hp_gain":0.0,"max_hp_loss":0.0,"gold_gain":0.0,"event_name":"The Woman in Blue","player_choice":"Bought 0 Potions","floor":36.0,"gold_loss":0.0,"damage_taken":0.0},{"damage_healed":0.0,"max_hp_gain":0.0,"max_hp_loss":0.0,"gold_gain":0.0,"event_name":"SecretPortal","player_choice":"Ignored","floor":38.0,"gold_loss":0.0,"damage_taken":0.0},{"damage_healed":0.0,"max_hp_gain":0.0,"max_hp_loss":4.0,"gold_gain":0.0,"event_name":"Winding Halls","player_choice":"Max HP","floor":45.0,"gold_loss":0.0,"damage_taken":0.0},{"cards_removed":["Defend_B"],"damage_healed":0.0,"max_hp_gain":0.0,"max_hp_loss":0.0,"gold_gain":0.0,"event_name":"Purifier","player_choice":"Purged","floor":48.0,"gold_loss":0.0,"damage_taken":0.0}],"is_beta":false,"boss_relics":[{"not_picked":["Philosopher\u0027s Stone","Lizard Tail"],"picked":"Empty Cage"},{"not_picked":["Tiny House","White Beast Statue"],"picked":"Busted Crown"}],"items_purged_floors":[46],"is_endless":false,"potions_floor_spawned":[6,8,10,14,16,30,33,41,44],"ascension_level":20}