{"gold_per_floor":[118,118,138,115,115,115,143,143,143,178,194,66,66,78,78,183,183,193,141,141,141,141,157,157,168,168,168,168,168,181,195,195,195],"floor_reached":33,"playtime":2112,"items_purged":[],"score":253,"play_id":"315bbb0f-9e61-418e-accf-de7f15a9fb65","local_time":"20190413144329","is_ascension_mode":false,"campfire_choices":[{"floor":6,"key":"RECALL"},{"data":"Beam Cell","floor":8,"key":"SMITH"},{"data":"White Noise","floor":15,"key":"SMITH"},{"data":"Echo Form","floor":27,"key":"SMITH"},{"data":"Amplify","floor":29,"key":"SMITH"},{"floor":32,"key":"REST"}],"neow_cost":"NONE","seed_source_timestamp":229878971407935,"circlet_count":0,"master_deck":["Defend_B","Defend_B","Defend_B","Defend_B","Zap","Dualcast","Beam Cell+1","Gash","Coolheaded","Echo Form+1","Leap","Amplify+1","White Noise+1","Cold Snap","Melter","Core Surge","Undo+1","Stack","Conserve Battery","Lockon","Conserve Battery","Conserve Battery","Streamline","Hologram+1"],"relics":["Cracked Core","Vajra","Question Card","Dead Branch","Astrolabe","Sundial"],"potions_floor_usage":[10,10,33,33],"damage_taken":[{"damage":0,"enemies":"Small Slimes","floor":1,"turns":3},{"damage":1,"enemies":"Cultist","floor":3,"turns":4},{"damage":22,"enemies":"Lagavulin","floor":7,"turns":6},{"damage":30,"enemies":"3 Sentries","floor":10,"turns":5},{"damage":0,"enemies":"2 Louse","floor":11,"turns":3},{"damage":10,"enemies":"Exordium Thugs","floor":14,"turns":2},{"damage":3,"enemies":"Hexaghost","floor":16,"turns":9},{"damage":37,"enemies":"3 Byrds","floor":18,"turns":7},{"damage":10,"enemies":"Shell Parasite","floor":23,"turns":5},{"damage":18,"enemies":"Snecko","floor":25,"turns":7},{"damage":11,"enemies":"Centurion and Healer","floor":30,"turns":7},{"damage":5,"enemies":"Chosen and Byrds","floor":31,"turns":5},{"damage":72,"enemies":"Collector","floor":33,"turns":10}],"seed_played":"5165280744580880313","potions_obtained":[{"floor":3,"key":"Explosive Potion"},{"floor":7,"key":"PowerPotion"},{"floor":14,"key":"Swift Potion"},{"floor":25,"key":"SkillPotion"},{"floor":30,"key":"Strength Potion"}],"is_trial":false,"path_per_floor":["M","?","M","$","?","R","E","R","T","E","M","$","T","M","R","B",null,"M","$","?","$","?","M","$","M","T","R","?","R","M","M","R","B"],"character_chosen":"DEFECT","items_purchased":["Coolheaded","White Noise","Cold Snap","Conserve Battery"],"campfire_rested":1,"item_purchase_floors":[4,12,12,19],"current_hp_per_floor":[82,82,81,81,81,81,59,59,59,29,29,29,29,19,19,16,82,45,45,82,82,82,72,72,54,54,54,54,54,43,38,62,0],"gold":195,"neow_bonus":"TEN_PERCENT_HP_BONUS","is_prod":false,"is_daily":false,"chose_seed":false,"campfire_upgraded":4,"win_rate":0,"timestamp":1555184609,"path_taken":["M","?","?","$","?","R","E","R","T","E","M","?","?","M","R","BOSS","M","$","?","?","?","?","$","M","T","R","?","R","M","M","R","BOSS"],"build_version":"2019-01-23","purchased_purges":0,"victory":false,"max_hp_per_floor":[82,82,82,82,82,82,82,82,82,82,82,82,82,82,82,82,82,82,82,82,82,82,82,82,82,82,82,82,82,82,82,82,82],"card_choices":[{"not_picked":["Sweeping Beam","Chaos"],"picked":"Beam Cell","floor":1},{"not_picked":["Hologram","Sunder"],"picked":"Gash","floor":3},{"not_picked":["Aggregate","FTL"],"picked":"Echo Form","floor":7},{"not_picked":["Ball Lightning","Coolheaded","Streamline"],"picked":"Leap","floor":10},{"not_picked":["Fusion","Beam Cell","Coolheaded"],"picked":"Amplify","floor":11},{"not_picked":["Hologram","Aggregate","Steam"],"picked":"Melter","floor":14},{"not_picked":["Thunder Strike","Hyperbeam","Amplify"],"picked":"Core Surge","floor":16},{"not_picked":["Rebound","Auto Shields+1","Hologram"],"picked":"Stack","floor":18},{"not_picked":["Go for the Eyes","Rip and Tear","Steam"],"picked":"Conserve Battery","floor":23},{"not_picked":["Chill","Steam","Double Energy"],"picked":"Conserve Battery","floor":25},{"not_picked":["Steam+1","Skim","Self Repair"],"picked":"Streamline","floor":30},{"not_picked":["Aggregate","Ball Lightning","Darkness"],"picked":"Hologram+1","floor":31}],"player_experience":181583,"relics_obtained":[{"floor":7,"key":"Vajra"},{"floor":9,"key":"Question Card"},{"floor":10,"key":"Dead Branch"},{"floor":26,"key":"Sundial"}],"event_choices":[{"cards_removed":["Strike_B"],"damage_healed":0,"gold_gain":0,"player_choice":"Offered Basic","damage_taken":0,"max_hp_gain":0,"max_hp_loss":0,"event_name":"Bonfire Elementals","floor":2,"gold_loss":0},{"damage_healed":0,"gold_gain":0,"player_choice":"Leave","damage_taken":0,"max_hp_gain":0,"max_hp_loss":0,"event_name":"The Cleric","floor":5,"gold_loss":0},{"damage_healed":37,"gold_gain":0,"player_choice":"Full Heal","damage_taken":0,"max_hp_gain":0,"max_hp_loss":0,"event_name":"Wheel of Change","floor":20,"gold_loss":0},{"damage_healed":0,"gold_gain":0,"cards_transformed":["Static Discharge","Glacier"],"player_choice":"Became Test Subject","damage_taken":0,"max_hp_gain":0,"max_hp_loss":0,"event_name":"Drug Dealer","floor":22,"gold_loss":0,"cards_obtained":["Lockon","Sunder"]},{"cards_removed":["Sunder"],"damage_healed":0,"gold_gain":0,"player_choice":"Elegance","damage_taken":0,"max_hp_gain":0,"max_hp_loss":0,"event_name":"Back to Basics","floor":28,"gold_loss":0}],"is_beta":false,"boss_relics":[{"not_picked":["FrozenCore","Lizard Tail"],"picked":"Astrolabe"}],"items_purged_floors":[],"is_endless":false,"potions_floor_spawned":[3,7,14,25,30],"killed_by":"Collector","ascension_level":0}