{"gold_per_floor":[109,123,140,215,215,215,215,215,215,234,234,234,269,284,284,403,403,417,417,435,180,207,228,228,252,328,347,347],"floor_reached":28,"playtime":1646,"items_purged":["Doubt"],"score":270,"play_id":"3683bedd-1948-4499-b66b-f8f8771312f6","local_time":"20190506162141","is_ascension_mode":false,"campfire_choices":[{"data":"Feed","floor":6.0,"key":"SMITH"},{"floor":8.0,"key":"RECALL"},{"floor":12.0,"key":"REST"},{"floor":15.0,"key":"REST"},{"floor":24.0,"key":"REST"}],"neow_cost":"NONE","seed_source_timestamp":0,"circlet_count":0,"master_deck":["Strike_R","Strike_R","Strike_R+1","Strike_R","Defend_R","Defend_R","Defend_R","Defend_R","Bash","Heavy Blade+1","Feed+1","Inflame","Brutality","Twin Strike","Demon Form","Parasite","Shame","True Grit+1","Shrug It Off+1","Mayhem","Infernal Blade","Body Slam","Rupture"],"special_seed":0,"relics":["Burning Blood","Golden Idol","Pantograph","Whetstone","Calling Bell","Juzu Bracelet","Dodecahedron","Gambling Chip","Ornamental Fan"],"potions_floor_usage":[27],"damage_taken":[{"damage":9.0,"enemies":"Jaw Worm","floor":1.0,"turns":4.0},{"damage":0.0,"enemies":"Small Slimes","floor":2.0,"turns":3.0},{"damage":6.0,"enemies":"2 Louse","floor":3.0,"turns":3.0},{"damage":5.0,"enemies":"Exordium Thugs","floor":10.0,"turns":4.0},{"damage":68.0,"enemies":"Lagavulin","floor":13.0,"turns":9.0},{"damage":5.0,"enemies":"Looter","floor":14.0,"turns":3.0},{"damage":82.0,"enemies":"Hexaghost","floor":16.0,"turns":9.0},{"damage":62.0,"enemies":"3 Byrds","floor":18.0,"turns":9.0},{"damage":21.0,"enemies":"Spheric Guardian","floor":20.0,"turns":4.0},{"damage":19.0,"enemies":"Snake Plant","floor":23.0,"turns":7.0},{"damage":40.0,"enemies":"Chosen and Byrds","floor":25.0,"turns":8.0},{"damage":22,"enemies":"Cultist and Chosen","floor":27,"turns":4},{"damage":20,"enemies":"Centurion and Healer","floor":28,"turns":1}],"seed_played":"6710279535804303272","potions_obtained":[{"floor":2.0,"key":"SpeedPotion"},{"floor":10.0,"key":"SkillPotion"},{"floor":13.0,"key":"SpeedPotion"},{"floor":16.0,"key":"Fruit Juice"},{"floor":23.0,"key":"Block Potion"},{"floor":25.0,"key":"SteroidPotion"}],"is_trial":false,"path_per_floor":["M","M","M","?","?","R","?","R","T","M","?","R","E","M","R","B",null,"M","?","M","$","T","M","R","M","T","M","M"],"character_chosen":"IRONCLAD","items_purchased":["Mayhem"],"campfire_rested":3,"item_purchase_floors":[21],"current_hp_per_floor":[85,88,88,77,77,77,55,55,55,60,60,87,29,34,64,13,100,53,53,42,42,42,29,62,32,32,20,0],"gold":347,"neow_bonus":"TEN_PERCENT_HP_BONUS","is_prod":false,"is_daily":false,"chose_seed":false,"campfire_upgraded":1,"win_rate":0,"timestamp":1557177701,"path_taken":["M","M","M","?","?","R","?","R","T","M","?","R","E","M","R","BOSS","M","?","M","$","?","M","R","M","T","M","M"],"build_version":"2019-01-23","purchased_purges":1,"victory":false,"max_hp_per_floor":[88,88,88,88,88,88,88,88,88,92,92,92,96,100,100,100,100,109,109,113,113,113,113,113,117,117,121,121],"card_choices":[{"not_picked":["Clash","Wild Strike"],"picked":"Heavy Blade","floor":1.0},{"not_picked":["Havoc","Seeing Red","Heavy Blade"],"picked":"SKIP","floor":2.0},{"not_picked":["Twin Strike","Sword Boomerang"],"picked":"Feed","floor":3.0},{"not_picked":["Fire Breathing","Second Wind"],"picked":"Inflame","floor":10.0},{"not_picked":["Hemokinesis","Clash"],"picked":"Twin Strike","floor":13.0},{"not_picked":["Entrench","Heavy Blade","Wild Strike"],"picked":"SKIP","floor":14.0},{"not_picked":["Offering","Impervious"],"picked":"Demon Form","floor":16.0},{"not_picked":["Flex","Bludgeon"],"picked":"True Grit+1","floor":18.0},{"not_picked":["Entrench","Cleave"],"picked":"Shrug It Off+1","floor":20.0},{"not_picked":["Heavy Blade","Pummel"],"picked":"Infernal Blade","floor":23.0},{"not_picked":["Warcry","Headbutt"],"picked":"Body Slam","floor":25.0},{"not_picked":["Body Slam","Wild Strike"],"picked":"Rupture","floor":27}],"player_experience":267522,"relics_obtained":[{"floor":9.0,"key":"Pantograph"},{"floor":13.0,"key":"Whetstone"},{"floor":17.0,"key":"Juzu Bracelet"},{"floor":17.0,"key":"Dodecahedron"},{"floor":17.0,"key":"Gambling Chip"},{"floor":26.0,"key":"Ornamental Fan"}],"event_choices":[{"damage_healed":0.0,"max_hp_gain":0.0,"max_hp_loss":0.0,"gold_gain":75.0,"event_name":"World of Goop","player_choice":"Gather Gold","floor":4.0,"gold_loss":0.0,"damage_taken":11.0},{"damage_healed":0.0,"max_hp_gain":0.0,"max_hp_loss":0.0,"gold_gain":0.0,"event_name":"The Cleric","player_choice":"Leave","floor":5.0,"gold_loss":0.0,"damage_taken":0.0},{"damage_healed":0.0,"max_hp_gain":0.0,"max_hp_loss":0.0,"gold_gain":0.0,"event_name":"Golden Idol","player_choice":"Take Damage","floor":7.0,"gold_loss":0.0,"damage_taken":22.0,"relics_obtained":["Golden Idol"]},{"damage_healed":0.0,"max_hp_gain":0.0,"max_hp_loss":0.0,"gold_gain":0.0,"cards_transformed":["Strike_R"],"event_name":"Living Wall","player_choice":"Change","floor":11.0,"gold_loss":0.0,"damage_taken":0.0,"cards_obtained":["Brutality"]},{"damage_healed":0.0,"max_hp_gain":0.0,"max_hp_loss":0.0,"gold_gain":0.0,"event_name":"NoteForYourself","player_choice":"Ignored","floor":19.0,"gold_loss":0.0,"damage_taken":0.0}],"is_beta":false,"boss_relics":[{"not_picked":["Runic Pyramid","Coffee Dripper"],"picked":"Calling Bell"}],"items_purged_floors":[21],"is_endless":false,"potions_floor_spawned":[2,10,13,16,23,25],"killed_by":"Centurion and Healer","ascension_level":0}