{"gold_per_floor":[366,416,436,456,125,125,125,125,125,125,164,89,105,130,130,223,223,246,246,269,92,110,110,110],"floor_reached":24,"playtime":660,"items_purged":["Strike_R","Strike_R"],"score":343,"play_id":"fb27dd5a-5890-4ab4-8f2a-86dbdfcb6df0","local_time":"20190302232305","is_ascension_mode":true,"campfire_choices":[{"data":"Armaments","floor":6,"key":"SMITH"},{"data":"Body Slam","floor":8,"key":"SMITH"},{"data":"Bash","floor":10,"key":"SMITH"},{"data":"True Grit","floor":15,"key":"SMITH"},{"data":"Barricade","floor":23,"key":"SMITH"}],"neow_cost":"TEN_PERCENT_HP_LOSS","seed_source_timestamp":16251259729770,"circlet_count":0,"master_deck":["AscendersBane","Strike_R","Strike_R","Defend_R","Defend_R","Defend_R","Defend_R","Bash+1","Body Slam+1","Armaments+1","True Grit+1","Pommel Strike+1","Barricade+1","Burning Pact+1","Feel No Pain"],"relics":["Burning Blood","Gremlin Horn","Golden Idol","Molten Egg 2","Shuriken","Mark of Pain","Kunai"],"potions_floor_usage":[14,16,22],"damage_taken":[{"damage":6,"enemies":"Cultist","floor":1,"turns":5},{"damage":3,"enemies":"2 Louse","floor":3,"turns":3},{"damage":7,"enemies":"Jaw Worm","floor":4,"turns":3},{"damage":14,"enemies":"Gremlin Nob","floor":11,"turns":4},{"damage":6,"enemies":"Lots of Slimes","floor":13,"turns":5},{"damage":7,"enemies":"Exordium Thugs","floor":14,"turns":3},{"damage":9,"enemies":"Hexaghost","floor":16,"turns":9},{"damage":30,"enemies":"Spheric Guardian","floor":18,"turns":8},{"damage":26,"enemies":"3 Byrds","floor":20,"turns":8},{"damage":0,"enemies":"Cultist and Chosen","floor":22,"turns":7},{"damage":23,"enemies":"Centurion and Healer","floor":24,"turns":5}],"seed_played":"5273918673995578888","potions_obtained":[{"floor":1,"key":"LiquidBronze"},{"floor":3,"key":"SneckoOil"},{"floor":11,"key":"AttackPotion"},{"floor":16,"key":"FearPotion"},{"floor":18,"key":"SteroidPotion"}],"is_trial":false,"path_per_floor":["M","?","M","M","$","R","?","R","T","R","E","?","M","M","R","B",null,"M","?","M","$","M","R","M"],"character_chosen":"IRONCLAD","items_purchased":["Gremlin Horn","Feel No Pain"],"campfire_rested":0,"item_purchase_floors":[5,21],"current_hp_per_floor":[68,62,65,64,64,64,41,41,41,41,33,33,33,32,32,29,58,34,34,14,14,20,20,0],"gold":110,"neow_bonus":"TWO_FIFTY_GOLD","is_prod":false,"is_daily":false,"chose_seed":false,"campfire_upgraded":5,"win_rate":0,"timestamp":1551540185,"path_taken":["M","?","?","M","$","R","?","R","T","R","E","?","M","M","R","BOSS","M","?","M","$","?","R","M"],"build_version":"2019-01-23","purchased_purges":2,"victory":false,"max_hp_per_floor":[68,68,68,68,68,68,68,68,68,68,68,68,68,68,68,68,68,68,68,68,68,68,68,68],"card_choices":[{"not_picked":["Reckless Charge","Warcry","Cleave"],"picked":"SKIP","floor":1},{"not_picked":["Armaments","Headbutt"],"picked":"Body Slam","floor":3},{"not_picked":["Heavy Blade","Infernal Blade"],"picked":"Armaments","floor":4},{"not_picked":["Brutality","Cleave+1"],"picked":"True Grit","floor":11},{"not_picked":["Twin Strike+1","Clash+1","Thunderclap+1"],"picked":"SKIP","floor":13},{"not_picked":["Feed+1","Disarm"],"picked":"Pommel Strike+1","floor":14},{"not_picked":["Double Tap","Bludgeon+1"],"picked":"Barricade","floor":16},{"not_picked":["Heavy Blade+1","True Grit+1"],"picked":"Burning Pact+1","floor":18},{"not_picked":["Hemokinesis+1","Cleave+1","Clash+1"],"picked":"SKIP","floor":20},{"not_picked":["Wild Strike+1","Pommel Strike+1","Iron Wave+1"],"picked":"SKIP","floor":22}],"player_experience":1076832,"relics_obtained":[{"floor":9,"key":"Molten Egg 2"},{"floor":11,"key":"Shuriken"}],"event_choices":[{"damage_healed":0,"gold_gain":50,"player_choice":"Touch","damage_taken":6,"max_hp_gain":0,"max_hp_loss":0,"event_name":"FaceTrader","floor":2,"gold_loss":0},{"damage_healed":0,"gold_gain":0,"player_choice":"Take Damage","damage_taken":23,"relics_obtained":["Golden Idol"],"max_hp_gain":0,"max_hp_loss":0,"event_name":"Golden Idol","floor":7,"gold_loss":0},{"cards_removed":["Strike_R"],"damage_healed":0,"gold_gain":0,"player_choice":"Card Removal","damage_taken":0,"max_hp_gain":0,"max_hp_loss":0,"event_name":"The Cleric","floor":12,"gold_loss":75},{"damage_healed":0,"gold_gain":0,"player_choice":"Gave Potion","damage_taken":0,"relics_obtained":["Kunai"],"max_hp_gain":0,"max_hp_loss":0,"event_name":"WeMeetAgain","floor":19,"gold_loss":0}],"is_beta":false,"boss_relics":[{"not_picked":["Sozu","Busted Crown"],"picked":"Mark of Pain"}],"items_purged_floors":[5,21],"is_endless":false,"potions_floor_spawned":[1,3,11,16,18],"killed_by":"Centurion and Healer","ascension_level":15}