{"gold_per_floor":[16,16,16,32,46,84,84,84,84,84,98,139,155,168,168,296,296,310,341,366,366],"floor_reached":21,"playtime":904,"items_purged":[],"score":246,"play_id":"0b3cfea4-918e-428e-bb95-a61afbfd9ed3","local_time":"20190322225257","is_ascension_mode":true,"campfire_choices":[{"floor":7,"key":"REST"},{"data":"Bouncing Flask","floor":10,"key":"SMITH"},{"floor":15,"key":"REST"}],"neow_cost":"NO_GOLD","seed_source_timestamp":828115683577895,"circlet_count":0,"master_deck":["Defend_G","Defend_G","Defend_G","Defend_G+1","Defend_G","Strike_G","Strike_G","Strike_G","Strike_G","Strike_G","Survivor","Neutralize","Outmaneuver","Injury","Backstab","Bouncing Flask+1","Masterful Stab","Regret","Underhanded Strike","Concentrate+1","Envenom","Quick Slash","After Image","Cloak And Dagger+1","PiercingWail"],"relics":["Ring of the Snake","Golden Idol","Mummified Hand","Dodecahedron","Juzu Bracelet","Nunchaku","Busted Crown","Red Mask","War Paint"],"potions_floor_usage":[6,12,16,16],"damage_taken":[{"damage":3,"enemies":"Jaw Worm","floor":1,"turns":6},{"damage":0,"enemies":"2 Louse","floor":4,"turns":3},{"damage":4,"enemies":"Small Slimes","floor":5,"turns":3},{"damage":21,"enemies":"Gremlin Nob","floor":6,"turns":4},{"damage":6,"enemies":"Blue Slaver","floor":11,"turns":3},{"damage":18,"enemies":"Lagavulin","floor":12,"turns":5},{"damage":3,"enemies":"2 Fungi Beasts","floor":13,"turns":2},{"damage":1,"enemies":"3 Louse","floor":14,"turns":3},{"damage":35,"enemies":"Slime Boss","floor":16,"turns":13},{"damage":19,"enemies":"Shell Parasite","floor":18,"turns":6},{"damage":49,"enemies":"Masked Bandits","floor":19,"turns":5},{"damage":7,"enemies":"Chosen","floor":21,"turns":4}],"seed_played":"-6913261172314693470","potions_obtained":[{"floor":4,"key":"GamblersBrew"},{"floor":11,"key":"GamblersBrew"},{"floor":12,"key":"Dexterity Potion"},{"floor":14,"key":"Fire Potion"}],"is_trial":false,"path_per_floor":["M","?","T","M","M","E","R","?","T","R","M","E","M","M","R","B",null,"M","?","T","M"],"character_chosen":"THE_SILENT","items_purchased":[],"campfire_rested":2,"item_purchase_floors":[],"current_hp_per_floor":[74,74,74,74,70,49,74,74,74,74,68,50,47,46,71,36,72,53,4,4,0],"gold":366,"neow_bonus":"TWENTY_PERCENT_HP_BONUS","is_prod":false,"is_daily":false,"chose_seed":false,"campfire_upgraded":1,"win_rate":0,"timestamp":1553320377,"path_taken":["M","?","?","?","M","E","R","?","T","R","M","E","M","M","R","BOSS","M","?","?","M"],"build_version":"2019-01-23","purchased_purges":0,"victory":false,"max_hp_per_floor":[84,84,84,84,84,84,84,84,84,84,84,84,84,84,84,84,84,84,84,84,84],"card_choices":[{"not_picked":["Acrobatics","Underhanded Strike"],"picked":"Outmaneuver","floor":1},{"not_picked":["Concentrate","Riddle With Holes"],"picked":"Backstab","floor":4},{"not_picked":["Acrobatics","Sucker Punch"],"picked":"Bouncing Flask","floor":5},{"not_picked":["Cloak And Dagger","Outmaneuver"],"picked":"Masterful Stab","floor":6},{"not_picked":["Acrobatics","Dagger Spray"],"picked":"Underhanded Strike","floor":11},{"not_picked":["Deflect","Dodge and Roll"],"picked":"Concentrate","floor":12},{"not_picked":["Terror","Backflip"],"picked":"Envenom","floor":13},{"not_picked":["Underhanded Strike","Accuracy"],"picked":"Quick Slash","floor":14},{"not_picked":["Grand Finale","Die Die Die"],"picked":"After Image","floor":16},{"not_picked":[],"picked":"Cloak And Dagger+1","floor":18},{"not_picked":[],"picked":"PiercingWail","floor":19}],"player_experience":385435,"relics_obtained":[{"floor":3,"key":"Mummified Hand"},{"floor":6,"key":"Dodecahedron"},{"floor":12,"key":"Nunchaku"},{"floor":19,"key":"Red Mask"},{"floor":20,"key":"War Paint"}],"event_choices":[{"damage_healed":0,"gold_gain":0,"player_choice":"Take Wound","damage_taken":0,"relics_obtained":["Golden Idol"],"max_hp_gain":0,"max_hp_loss":0,"event_name":"Golden Idol","floor":2,"gold_loss":0,"cards_obtained":["Injury"]},{"damage_healed":0,"gold_gain":0,"player_choice":"Box","damage_taken":0,"relics_obtained":["Juzu Bracelet"],"max_hp_gain":0,"max_hp_loss":0,"event_name":"Big Fish","floor":8,"gold_loss":0,"cards_obtained":["Regret"]},{"damage_healed":0,"gold_gain":0,"player_choice":"Fought Bandits","damage_taken":0,"max_hp_gain":0,"max_hp_loss":0,"event_name":"Masked Bandits","floor":19,"gold_loss":0}],"is_beta":false,"boss_relics":[{"not_picked":["Tiny House","Sozu"],"picked":"Busted Crown"}],"items_purged_floors":[],"is_endless":false,"potions_floor_spawned":[4,11,12,14],"killed_by":"Chosen","ascension_level":6}