{"gold_per_floor":[17,17,92,112,126,153,153,153,153,167,167,205,205,12,12,136,136,152,152,165,188,188,229,229,268,268,312,312,312,45,45,45,171,171,186,87,87,107,107,107,107,107],"floor_reached":42,"playtime":1740,"items_purged":["Shame"],"score":580,"play_id":"1496ddf9-d172-4074-a988-304847f01df2","local_time":"20190318214454","is_ascension_mode":true,"campfire_choices":[{"floor":8,"key":"REST"},{"data":"Catalyst","floor":15,"key":"SMITH"},{"floor":24,"key":"REST"},{"floor":29,"key":"REST"},{"data":"Bouncing Flask","floor":32,"key":"SMITH"},{"floor":40,"key":"REST"}],"neow_cost":"NO_GOLD","seed_source_timestamp":477598321390339,"circlet_count":0,"master_deck":["Defend_G","Defend_G","Defend_G","Defend_G","Strike_G","Strike_G","Strike_G","Strike_G","Survivor","Neutralize","Glass Knife+1","Catalyst+1","Deadly Poison","Bouncing Flask+1","Poisoned Stab","Backstab","Envenom","Poisoned Stab+1","Backstab","Escape Plan","Deadly Poison","Night Terror+1","Terror+1","Corpse Explosion","Venomology","Deadly Poison+1","Well Laid Plans","Prepared","Endless Agony+1","Madness","Dramatic Entrance","Sadistic Nature"],"relics":["Ring of the Snake","Pear","Snake Skull","Golden Idol","Incense Burner","Letter Opener","HandDrill","Black Star","Mercury Hourglass","Shuriken","Gambling Chip","FossilizedHelix","Pantograph","Strawberry","Mummified Hand","Matryoshka","ClockworkSouvenir","Cursed Key"],"potions_floor_usage":[12,23,27,33,35],"damage_taken":[{"damage":0,"enemies":"Small Slimes","floor":1,"turns":3},{"damage":0,"enemies":"2 Louse","floor":4,"turns":3},{"damage":1,"enemies":"Cultist","floor":5,"turns":3},{"damage":38,"enemies":"Gremlin Nob","floor":6,"turns":5},{"damage":9,"enemies":"Blue Slaver","floor":10,"turns":2},{"damage":2,"enemies":"Lagavulin","floor":12,"turns":3},{"damage":20,"enemies":"The Guardian","floor":16,"turns":5},{"damage":12,"enemies":"Shell Parasite","floor":18,"turns":3},{"damage":18,"enemies":"3 Byrds","floor":20,"turns":4},{"damage":0,"enemies":"Snake Plant","floor":21,"turns":2},{"damage":18,"enemies":"Gremlin Leader","floor":23,"turns":6},{"damage":35,"enemies":"Book of Stabbing","floor":25,"turns":4},{"damage":7,"enemies":"Slavers","floor":27,"turns":4},{"damage":16,"enemies":"Collector","floor":33,"turns":4},{"damage":37,"enemies":"3 Darklings","floor":35,"turns":3},{"damage":0,"enemies":"Orb Walker","floor":38,"turns":2},{"damage":72,"enemies":"Nemesis","floor":42,"turns":4}],"seed_played":"7408640641286824209","potions_obtained":[{"floor":4,"key":"Energy Potion"},{"floor":16,"key":"Ancient Potion"},{"floor":21,"key":"GhostInAJar"},{"floor":23,"key":"Explosive Potion"},{"floor":27,"key":"AttackPotion"},{"floor":38,"key":"Energy Potion"}],"is_trial":false,"path_per_floor":["M","?","?","M","M","E","?","R","T","M","?","E","?","$","R","B",null,"M","?","M","M","?","E","R","E","T","E","?","R","$","?","R","B",null,"M","$","?","M","?","R","?","E"],"character_chosen":"THE_SILENT","items_purchased":["HandDrill","ClockworkSouvenir","Well Laid Plans","Prepared"],"campfire_rested":4,"item_purchase_floors":[14,30,36,36],"current_hp_per_floor":[70,55,44,44,43,5,5,27,27,18,18,16,84,84,84,64,84,72,72,54,54,54,36,61,26,26,26,26,53,53,53,53,62,91,54,54,54,54,44,71,71,0],"gold":107,"neow_bonus":"THREE_RARE_CARDS","is_prod":false,"is_daily":false,"chose_seed":false,"campfire_upgraded":2,"win_rate":0,"timestamp":1552970694,"path_taken":["M","?","?","M","M","E","?","R","T","M","?","E","?","$","R","BOSS","M","?","M","M","?","E","R","E","T","E","?","R","$","?","R","BOSS","M","$","?","M","?","R","?","E"],"build_version":"2019-01-23","purchased_purges":1,"victory":false,"max_hp_per_floor":[70,80,80,80,80,80,74,74,74,74,74,74,84,84,84,84,84,84,84,84,84,84,84,84,84,84,91,91,91,91,91,91,91,91,91,91,91,91,91,91,91,91],"card_choices":[{"not_picked":["After Image","Night Terror"],"picked":"Glass Knife","floor":0},{"not_picked":["Sucker Punch","Dagger Throw"],"picked":"Catalyst","floor":1},{"not_picked":["Quick Slash","Deflect"],"picked":"Deadly Poison","floor":4},{"not_picked":["Blur","Sucker Punch"],"picked":"Bouncing Flask","floor":5},{"not_picked":["Dodge and Roll","PiercingWail"],"picked":"Poisoned Stab","floor":6},{"not_picked":["Venomology","Riddle With Holes"],"picked":"Backstab","floor":10},{"not_picked":["Backflip","Dodge and Roll"],"picked":"A Thousand Cuts","floor":12},{"not_picked":["Wraith Form v2","Night Terror"],"picked":"Envenom","floor":16},{"not_picked":["Slice+1","Quick Slash"],"picked":"Poisoned Stab+1","floor":18},{"not_picked":["Dagger Spray","Backflip"],"picked":"Escape Plan","floor":20},{"not_picked":["Acrobatics+1","Blade Dance"],"picked":"Deadly Poison","floor":21},{"not_picked":["Dagger Throw+1","Deadly Poison"],"picked":"Night Terror","floor":23},{"not_picked":["Concentrate","Crippling Poison"],"picked":"Terror+1","floor":25},{"not_picked":["Blade Dance","Skewer"],"picked":"Corpse Explosion","floor":27},{"not_picked":["Malaise","Doppelganger"],"picked":"Venomology","floor":33},{"not_picked":["Outmaneuver","Slice"],"picked":"Deadly Poison+1","floor":35},{"not_picked":["Prepared","Reflex+1"],"picked":"Endless Agony+1","floor":38},{"not_picked":["HandOfGreed","Dark Shackles"],"picked":"Madness","floor":39},{"not_picked":["Dark Shackles","Transmutation"],"picked":"Dramatic Entrance","floor":39},{"not_picked":["Jack Of All Trades","Enlightenment"],"picked":"Sadistic Nature","floor":39}],"player_experience":298603,"relics_obtained":[{"floor":6,"key":"Snake Skull"},{"floor":9,"key":"Incense Burner"},{"floor":12,"key":"Letter Opener"},{"floor":23,"key":"Mercury Hourglass"},{"floor":23,"key":"Shuriken"},{"floor":25,"key":"Gambling Chip"},{"floor":25,"key":"FossilizedHelix"},{"floor":26,"key":"Pantograph"},{"floor":27,"key":"Strawberry"},{"floor":27,"key":"Mummified Hand"}],"event_choices":[{"damage_healed":0,"gold_gain":0,"player_choice":"Success","damage_taken":25,"relics_obtained":["Pear"],"max_hp_gain":0,"max_hp_loss":0,"event_name":"Scrap Ooze","floor":2,"gold_loss":0},{"damage_healed":0,"gold_gain":75,"player_choice":"Gather Gold","damage_taken":11,"max_hp_gain":0,"max_hp_loss":0,"event_name":"World of Goop","floor":3,"gold_loss":0},{"damage_healed":0,"gold_gain":0,"player_choice":"Lose Max HP","damage_taken":0,"relics_obtained":["Golden Idol"],"max_hp_gain":0,"max_hp_loss":6,"event_name":"Golden Idol","floor":7,"gold_loss":0},{"damage_healed":0,"gold_gain":0,"player_choice":"Grow","damage_taken":0,"max_hp_gain":0,"max_hp_loss":0,"event_name":"Living Wall","floor":11,"gold_loss":0,"cards_upgraded":["Glass Knife"]},{"cards_removed":["A Thousand Cuts"],"damage_healed":58,"gold_gain":0,"player_choice":"Offered Rare","damage_taken":0,"max_hp_gain":10,"max_hp_loss":0,"event_name":"Bonfire Elementals","floor":13,"gold_loss":0},{"damage_healed":0,"gold_gain":0,"player_choice":"Read","damage_taken":0,"max_hp_gain":0,"max_hp_loss":0,"event_name":"The Library","floor":19,"gold_loss":0,"cards_obtained":["Backstab"]},{"damage_healed":0,"gold_gain":0,"player_choice":"Ignored","damage_taken":0,"max_hp_gain":0,"max_hp_loss":0,"event_name":"Beggar","floor":22,"gold_loss":0},{"damage_healed":0,"gold_gain":0,"player_choice":"Stole Relic","damage_taken":0,"relics_obtained":["Matryoshka"],"max_hp_gain":0,"max_hp_loss":0,"event_name":"Addict","floor":28,"gold_loss":0,"cards_obtained":["Shame"]},{"damage_healed":0,"gold_gain":0,"player_choice":"Upgraded","damage_taken":0,"max_hp_gain":0,"max_hp_loss":0,"event_name":"Upgrade Shrine","floor":31,"gold_loss":0,"cards_upgraded":["Night Terror"]},{"cards_removed":["Defend_G"],"damage_healed":0,"gold_gain":0,"player_choice":"Removed Skill","damage_taken":0,"max_hp_gain":0,"max_hp_loss":0,"event_name":"Falling","floor":37,"gold_loss":0},{"damage_healed":0,"gold_gain":0,"player_choice":"Memory 3","damage_taken":10,"max_hp_gain":0,"max_hp_loss":0,"event_name":"SensoryStone","floor":39,"gold_loss":0},{"cards_removed":["Strike_G"],"damage_healed":0,"gold_gain":0,"player_choice":"Purged","damage_taken":0,"max_hp_gain":0,"max_hp_loss":0,"event_name":"Purifier","floor":41,"gold_loss":0}],"is_beta":false,"boss_relics":[{"not_picked":["Snecko Eye","Ring of the Serpent"],"picked":"Black Star"},{"not_picked":["White Beast Statue","Sozu"],"picked":"Cursed Key"}],"items_purged_floors":[30],"is_endless":false,"potions_floor_spawned":[4,16,21,23,27,38],"killed_by":"Nemesis","ascension_level":3}