{"gold_per_floor":[17,31,131,56,56,87,87,104,150,162,162,17,37,57,57,153,153,167,167,184,204,79,79,111,111,111,126,144,144,160,179,179,281,281,291,143,155,155,155,180,180,208,235,85,85,105,105,122,122,122],"floor_reached":50,"playtime":2842,"items_purged":["Strike_R","Defend_R","Defend_R","Reckless Charge+1"],"score":686,"play_id":"f467eb58-a811-4514-a522-3ace4117361d","local_time":"20180722203930","is_ascension_mode":true,"campfire_choices":[{"floor":11,"key":"REST"},{"data":"Flex","floor":15,"key":"SMITH"},{"data":"Flex","floor":23,"key":"SMITH"},{"floor":32,"key":"REST"},{"data":"Inflame","floor":41,"key":"SMITH"},{"floor":47,"key":"REST"},{"data":"Sword Boomerang","floor":49,"key":"SMITH"}],"neow_cost":"NO_GOLD","seed_source_timestamp":254319774465323,"circlet_count":0,"master_deck":["Bash","True Grit+1","Burning Pact+1","Pommel Strike+1","Clash","Clash","Sword Boomerang+1","Flex+1","Flex+1","Sword Boomerang+1","Shrug It Off","Pummel+1","Inflame+1","Warcry","Pummel+1","Seeing Red","Spot Weakness+1","Offering","Battle Trance+1","Searing Blow+2","Thunderclap+1","Flex+1","Inflame","Pommel Strike+1","Spot Weakness+1"],"relics":["Burning Blood","Bag of Preparation","Dream Catcher","Mark of Pain","Ice Cream","GremlinMask","Pear","Astrolabe","Bag of Marbles","Matryoshka","Centennial Puzzle","Red Skull","Whetstone"],"potions_floor_usage":[6,16,16,16,24,30,31,33,33,42],"damage_taken":[{"damage":9,"enemies":"Jaw Worm","floor":1,"turns":4},{"damage":11,"enemies":"Cultist","floor":2,"turns":4},{"damage":45,"enemies":"Lagavulin","floor":6,"turns":8},{"damage":0,"enemies":"Small Slimes","floor":8,"turns":2},{"damage":0,"enemies":"Blue Slaver","floor":10,"turns":3},{"damage":6,"enemies":"Lots of Slimes","floor":13,"turns":3},{"damage":12,"enemies":"Exordium Thugs","floor":14,"turns":4},{"damage":26,"enemies":"The Guardian","floor":16,"turns":4},{"damage":0,"enemies":"Spheric Guardian","floor":18,"turns":3},{"damage":13,"enemies":"2 Thieves","floor":20,"turns":3},{"damage":25,"enemies":"Slaver and Parasite","floor":21,"turns":6},{"damage":0,"enemies":"Book of Stabbing","floor":24,"turns":1},{"damage":0,"enemies":"Centurion and Healer","floor":27,"turns":3},{"damage":38,"enemies":"Sentry and Sphere","floor":28,"turns":5},{"damage":16,"enemies":"Snake Plant","floor":30,"turns":2},{"damage":12,"enemies":"3 Cultists","floor":31,"turns":4},{"damage":40,"enemies":"Automaton","floor":33,"turns":6},{"damage":5,"enemies":"Flame Bruiser 1 Orb","floor":35,"turns":3},{"damage":19,"enemies":"3 Shapes","floor":37,"turns":2},{"damage":18,"enemies":"Giant Head","floor":40,"turns":5},{"damage":28,"enemies":"Nemesis","floor":42,"turns":3},{"damage":5,"enemies":"Spire Growth","floor":46,"turns":1},{"damage":2,"enemies":"3 Darklings","floor":48,"turns":2},{"damage":58,"enemies":"Time Eater","floor":50,"turns":3}],"seed_played":"4325809373478668330","potions_obtained":[{"floor":2,"key":"Block Potion"},{"floor":6,"key":"Strength Potion"},{"floor":10,"key":"Fire Potion"},{"floor":13,"key":"PowerPotion"},{"floor":14,"key":"AttackPotion"},{"floor":18,"key":"FearPotion"},{"floor":24,"key":"FearPotion"},{"floor":28,"key":"Weak Potion"},{"floor":30,"key":"Swift Potion"},{"floor":31,"key":"AttackPotion"},{"floor":40,"key":"Block Potion"},{"floor":48,"key":"Fire Potion"}],"is_trial":false,"path_per_floor":["M","M","?","$","?","E","$","M","T","M","R","$","M","M","R","B",null,"M","?","M","M","$","R","E","?","T","M","M","$","M","M","R","B",null,"M","$","M","?","?","E","R","E","T","$","?","M","R","M","R"],"character_chosen":"IRONCLAD","items_purchased":["Flex","Bag of Marbles"],"campfire_rested":3,"item_purchase_floors":[12,36],"current_hp_per_floor":[77,72,72,72,56,17,17,23,23,29,53,53,53,47,47,27,67,73,73,66,47,47,47,53,53,63,69,37,37,27,21,48,14,71,72,72,59,59,59,47,47,25,25,25,25,26,53,57,57,0],"gold":122,"neow_bonus":"TRANSFORM_TWO_CARDS","is_prod":false,"is_daily":false,"chose_seed":false,"campfire_upgraded":4,"win_rate":0,"timestamp":1532263170,"path_taken":["M","M","?","?","?","E","?","M","T","M","R","$","M","?","R","BOSS","M","?","M","M","$","R","E","?","T","M","M","$","M","?","R","BOSS","M","$","M","?","?","E","R","E","T","$","?","M","R","M","R","BOSS"],"build_version":"2018-07-19v2","purchased_purges":4,"victory":false,"max_hp_per_floor":[80,80,80,80,80,80,80,80,80,80,80,80,80,80,80,80,80,80,80,80,80,80,80,80,80,90,90,90,90,90,90,90,90,90,90,90,90,90,90,90,90,90,90,90,90,90,90,90,90,90],"card_choices":[{"not_picked":["Flame Barrier","Carnage","Combust"],"picked":"SKIP","floor":1},{"not_picked":["Clash","Cleave"],"picked":"Pommel Strike","floor":2},{"not_picked":["Wild Strike","Shrug It Off"],"picked":"Clash","floor":6},{"not_picked":["Rupture","Ghostly Armor","Corruption"],"picked":"SKIP","floor":8},{"not_picked":["Cleave","Dropkick"],"picked":"Clash","floor":10},{"not_picked":["Body Slam","Entrench"],"picked":"Sword Boomerang","floor":11},{"not_picked":["Havoc","Heavy Blade","Searing Blow"],"picked":"SKIP","floor":13},{"not_picked":["Iron Wave","Headbutt"],"picked":"Flex","floor":14},{"not_picked":["Thunderclap","Infernal Blade"],"picked":"Sword Boomerang+1","floor":18},{"not_picked":["Sentinel+1","Headbutt+1"],"picked":"Shrug It Off","floor":20},{"not_picked":["Seeing Red","Twin Strike"],"picked":"Pummel+1","floor":21},{"not_picked":["Barricade","Body Slam","Uppercut+1"],"picked":"SKIP","floor":24},{"not_picked":["Uppercut","Perfected Strike"],"picked":"Inflame","floor":27},{"not_picked":["Intimidate+1","Rupture+1"],"picked":"Warcry","floor":28},{"not_picked":["Anger","Rampage+1"],"picked":"Pummel+1","floor":30},{"not_picked":["Headbutt+1","Heavy Blade+1"],"picked":"Seeing Red","floor":31},{"not_picked":["Wild Strike","Havoc+1"],"picked":"Spot Weakness+1","floor":32},{"not_picked":["Brutality","Impervious"],"picked":"Offering","floor":33},{"not_picked":["Uppercut+1","Evolve+1"],"picked":"Thunderclap+1","floor":35},{"not_picked":["Corruption","Battle Trance"],"picked":"Flex+1","floor":37},{"not_picked":["Battle Trance","True Grit"],"picked":"Inflame","floor":40},{"not_picked":["Headbutt","Ghostly Armor+1","Shrug It Off+1"],"picked":"SKIP","floor":42},{"not_picked":["Bludgeon","Clothesline+1"],"picked":"Pommel Strike+1","floor":46},{"not_picked":["Inflame","Body Slam"],"picked":"Spot Weakness+1","floor":47},{"not_picked":["Burning Pact+1","True Grit+1","Heavy Blade"],"picked":"SKIP","floor":48}],"player_experience":314357,"relics_obtained":[{"floor":6,"key":"Bag of Preparation"},{"floor":9,"key":"Dream Catcher"},{"floor":24,"key":"Ice Cream"},{"floor":26,"key":"Pear"},{"floor":40,"key":"Matryoshka"},{"floor":42,"key":"Centennial Puzzle"},{"floor":43,"key":"Red Skull"},{"floor":43,"key":"Whetstone"}],"event_choices":[{"event_name":"Golden Shrine","player_choice":"Pray","floor":3,"damage_taken":0},{"event_name":"Shining Light","player_choice":"Entered Light","floor":5,"damage_taken":0},{"event_name":"Purifier","player_choice":"One Purge","floor":19,"damage_taken":0},{"event_name":"FaceTrader","player_choice":"Trade","floor":25,"damage_taken":0},{"event_name":"Mysterious Sphere","player_choice":"Ignore","floor":38,"damage_taken":0},{"event_name":"Match and Keep!","player_choice":"0 cards matched","floor":39,"damage_taken":0},{"event_name":"SensoryStone","player_choice":"Memory 1","floor":45,"damage_taken":0}],"is_beta":false,"boss_relics":[{"not_picked":["White Beast Statue","Runic Pyramid"],"picked":"Mark of Pain"},{"not_picked":["Cursed Key","Sozu"],"picked":"Astrolabe"}],"items_purged_floors":[4,12,22,44],"is_endless":false,"potions_floor_spawned":[2,6,10,13,14,18,24,28,30,31,40,48],"killed_by":"Time Eater","ascension_level":5}