{"gold_per_floor":[109,109,184,459,475,514,514,514,514,26,51,64,64],"floor_reached":13,"playtime":379,"items_purged":["Regret"],"score":135,"play_id":"d5b0c24e-05f9-46f7-911a-f075f2248791","local_time":"20190321152757","is_ascension_mode":true,"campfire_choices":[{"floor":8,"key":"REST"}],"neow_cost":"NONE","seed_source_timestamp":715544280796747,"circlet_count":0,"master_deck":["Defend_G","Defend_G","Defend_G","Defend_G","Defend_G","Strike_G","Strike_G","Strike_G","Strike_G","Strike_G","Survivor","Neutralize","Dagger Spray","Injury","Acrobatics","Crippling Poison","After Image","Cloak And Dagger","Tactician","Burst","Deflect"],"relics":["Ring of the Snake","NeowsBlessing","Golden Idol","The Courier","Bag of Preparation","Ninja Scroll"],"potions_floor_usage":[13],"damage_taken":[{"damage":0,"enemies":"2 Louse","floor":1,"turns":1},{"damage":0,"enemies":"Cultist","floor":5,"turns":1},{"damage":0,"enemies":"3 Sentries","floor":6,"turns":1},{"damage":3,"enemies":"Jaw Worm","floor":11,"turns":4},{"damage":0,"enemies":"Red Slaver","floor":12,"turns":4},{"damage":58,"enemies":"Gremlin Nob","floor":13,"turns":5}],"seed_played":"485230899391221450","potions_obtained":[{"floor":11,"key":"Swift Potion"}],"is_trial":false,"path_per_floor":["M","?","?","?","M","E","?","R","T","$","M","M","E"],"character_chosen":"THE_SILENT","items_purchased":["Ninja Scroll","After Image","Cloak And Dagger","Tactician"],"campfire_rested":1,"item_purchase_floors":[10,10,10,10],"current_hp_per_floor":[70,70,59,59,59,59,17,38,38,38,35,35,0],"gold":64,"neow_bonus":"THREE_ENEMY_KILL","is_prod":false,"is_daily":false,"chose_seed":false,"campfire_upgraded":0,"win_rate":0,"timestamp":1553207277,"path_taken":["M","?","?","?","?","E","?","R","T","$","M","M","E"],"build_version":"2019-01-23","purchased_purges":1,"victory":false,"max_hp_per_floor":[70,70,70,70,70,70,70,70,70,70,70,70,70],"card_choices":[{"not_picked":["Poisoned Stab","PiercingWail"],"picked":"Dagger Spray","floor":1},{"not_picked":["Eviscerate","Prepared"],"picked":"Acrobatics","floor":5},{"not_picked":["PiercingWail","Slice"],"picked":"Crippling Poison","floor":6},{"not_picked":["Dagger Throw","Dodge and Roll"],"picked":"Burst","floor":11},{"not_picked":["Expertise","Calculated Gamble"],"picked":"Deflect","floor":12}],"player_experience":366188,"relics_obtained":[{"floor":6,"key":"The Courier"}],"event_choices":[{"damage_healed":0,"gold_gain":0,"player_choice":"Take Wound","damage_taken":0,"relics_obtained":["Golden Idol"],"max_hp_gain":0,"max_hp_loss":0,"event_name":"Golden Idol","floor":2,"gold_loss":0,"cards_obtained":["Injury"]},{"damage_healed":0,"gold_gain":75,"player_choice":"Gather Gold","damage_taken":11,"max_hp_gain":0,"max_hp_loss":0,"event_name":"World of Goop","floor":3,"gold_loss":0},{"damage_healed":0,"gold_gain":275,"player_choice":"Desecrate","damage_taken":0,"max_hp_gain":0,"max_hp_loss":0,"event_name":"Golden Shrine","floor":4,"gold_loss":0,"cards_obtained":["Regret"]},{"damage_healed":0,"gold_gain":0,"player_choice":"Success","damage_taken":42,"relics_obtained":["Bag of Preparation"],"max_hp_gain":0,"max_hp_loss":0,"event_name":"Scrap Ooze","floor":7,"gold_loss":0}],"is_beta":false,"boss_relics":[],"items_purged_floors":[10],"is_endless":false,"potions_floor_spawned":[11],"killed_by":"Gremlin Nob","ascension_level":5}