{"gold_per_floor":[113,113,113,113,113,113,147,172,172,203,226,240,86,86,86,184,184,202,216,216,216,235,235,279,279,279,220,244,3,39,62,62,158,158,173,196,321,75,96,96,110,110,110,131,131,151,8,0,0,0],"floor_reached":50,"playtime":4008,"items_purged":["Pain"],"score":1305,"play_id":"088060b6-9dea-4893-93ea-42fd443ffabf","local_time":"20190316230732","is_ascension_mode":true,"campfire_choices":[{"floor":6.0,"key":"REST"},{"data":"True Grit","floor":15.0,"key":"SMITH"},{"floor":23.0,"key":"REST"},{"floor":25.0,"key":"REST"},{"floor":32.0,"key":"REST"},{"floor":45,"key":"REST"},{"floor":49,"key":"REST"}],"neow_cost":"NONE","seed_source_timestamp":0,"circlet_count":0,"master_deck":["Strike_R","Strike_R","Strike_R","Strike_R","Strike_R","Defend_R","Defend_R","Defend_R","Defend_R","Bash+1","AscendersBane","Cleave","Inflame","Feed","True Grit+1","Metallicize","Intimidate","Demon Form","Sentinel","Sentinel","RitualDagger","Flame Barrier","Sentinel+1","True Grit","Mayhem","Dark Embrace","Juggernaut","Havoc","Seeing Red","Decay","Flame Barrier+1"],"special_seed":0,"relics":["Burning Blood","NeowsBlessing","Golden Idol","Shuriken","Charon\u0027s Ashes","Peace Pipe","Dead Branch","Oddly Smooth Stone","Snecko Eye","Nilry\u0027s Codex","Unceasing Top","Singing Bowl","Question Card","Cursed Key","Mango","Membership Card","Ancient Tea Set","Darkstone Periapt","Strange Spoon","Red Mask"],"potions_floor_usage":[37,39,41,50,50],"damage_taken":[{"damage":0.0,"enemies":"2 Louse","floor":1.0,"turns":1.0},{"damage":0.0,"enemies":"3 Sentries","floor":7.0,"turns":1.0},{"damage":0.0,"enemies":"Small Slimes","floor":8.0,"turns":1.0},{"damage":56.0,"enemies":"Gremlin Nob","floor":10.0,"turns":5.0},{"damage":1.0,"enemies":"Jaw Worm","floor":11.0,"turns":5.0},{"damage":13.0,"enemies":"3 Louse","floor":12.0,"turns":3.0},{"damage":46.0,"enemies":"Hexaghost","floor":16.0,"turns":9.0},{"damage":23.0,"enemies":"Shell Parasite","floor":18.0,"turns":4.0},{"damage":7.0,"enemies":"Spheric Guardian","floor":19.0,"turns":5.0},{"damage":3.0,"enemies":"Centurion and Healer","floor":22.0,"turns":6.0},{"damage":39.0,"enemies":"Slavers","floor":24.0,"turns":4.0},{"damage":24.0,"enemies":"Shelled Parasite and Fungi","floor":28.0,"turns":7.0},{"damage":29.0,"enemies":"Book of Stabbing","floor":30.0,"turns":5.0},{"damage":17.0,"enemies":"Snake Plant","floor":31.0,"turns":3.0},{"damage":2.0,"enemies":"Champ","floor":33.0,"turns":5.0},{"damage":8,"enemies":"Orb Walker","floor":35,"turns":4},{"damage":52,"enemies":"3 Darklings","floor":36,"turns":5},{"damage":0,"enemies":"Mind Bloom Boss Battle","floor":37,"turns":4},{"damage":31,"enemies":"Spire Growth","floor":39,"turns":5},{"damage":12,"enemies":"4 Shapes","floor":41,"turns":4},{"damage":8,"enemies":"Transient","floor":44,"turns":4},{"damage":46,"enemies":"Spire Growth","floor":46,"turns":4},{"damage":62,"enemies":"Donu and Deca","floor":50,"turns":7}],"seed_played":"-1187454252006802112","potions_obtained":[{"floor":12.0,"key":"LiquidBronze"},{"floor":22.0,"key":"SpeedPotion"},{"floor":24.0,"key":"SkillPotion"},{"floor":31.0,"key":"FearPotion"},{"floor":35,"key":"FearPotion"},{"floor":36,"key":"Block Potion"},{"floor":44,"key":"SpeedPotion"},{"floor":46,"key":"SkillPotion"}],"is_trial":false,"path_per_floor":["M","?","?","?","T","R","E","M","T","E","M","M","$","?","R","B",null,"M","M","?","?","M","R","E","R","T","$","M","$","E","M","R","B",null,"M","M","?","$","M","?","M","T","T","M","R","M","$","?","R","B"],"character_chosen":"IRONCLAD","items_purchased":["Metallicize","Intimidate","True Grit","Mayhem","Strength Potion","Membership Card","Block Potion","Strange Spoon"],"campfire_rested":6,"item_purchase_floors":[13,13,27,29,29,38,38,47],"current_hp_per_floor":[74,48,48,48,48,70,75,75,75,25,33,29,29,81,81,41,71,57,59,53,32,38,65,32,59,59,59,43,43,22,11,39,43,81,79,35,55,55,32,32,31,31,31,29,64,26,26,26,61,0],"gold":0,"neow_bonus":"THREE_ENEMY_KILL","is_prod":false,"is_daily":false,"chose_seed":false,"campfire_upgraded":1,"win_rate":0,"timestamp":1552802852,"path_taken":["M","?","?","?","?","R","E","?","T","E","M","M","?","?","R","BOSS","M","M","?","?","?","R","E","R","T","$","M","$","E","M","R","BOSS","M","M","?","$","M","?","?","?","T","?","R","M","$","?","R","BOSS"],"build_version":"2019-01-23","purchased_purges":1,"victory":false,"max_hp_per_floor":[75,75,75,75,75,75,75,75,75,75,78,81,81,81,81,81,81,84,87,87,87,90,90,90,90,90,90,92,92,94,94,94,94,94,94,96,110,110,112,112,117,117,117,117,117,119,119,119,119,119],"card_choices":[{"not_picked":["Body Slam","Anger"],"picked":"Havoc","floor":1.0},{"not_picked":["Headbutt","Warcry"],"picked":"Cleave","floor":7.0},{"not_picked":["Anger","True Grit"],"picked":"Inflame","floor":8.0},{"not_picked":["Thunderclap","Barricade"],"picked":"Feed","floor":10.0},{"not_picked":["Anger","Cleave"],"picked":"Rupture","floor":11.0},{"not_picked":["Perfected Strike","Thunderclap"],"picked":"True Grit","floor":12.0},{"not_picked":["Bludgeon","Double Tap"],"picked":"Demon Form","floor":16.0},{"not_picked":["Pommel Strike","Ghostly Armor"],"picked":"Sentinel","floor":18.0},{"not_picked":["Headbutt","Clothesline"],"picked":"Sentinel","floor":19.0},{"not_picked":["Headbutt+1","Rupture"],"picked":"Flame Barrier","floor":22.0},{"not_picked":["Wild Strike","True Grit"],"picked":"Sentinel+1","floor":24.0},{"not_picked":["Wild Strike","Warcry","Pommel Strike"],"picked":"Singing Bowl","floor":28.0},{"not_picked":["Shrug It Off","Clothesline","Armaments"],"picked":"Singing Bowl","floor":30.0},{"not_picked":["Headbutt","Burning Pact","Warcry"],"picked":"Dark Embrace","floor":31.0},{"not_picked":["Demon Form","Double Tap","Bludgeon"],"picked":"Juggernaut","floor":33.0},{"not_picked":["Cleave","Iron Wave+1","Shrug It Off"],"picked":"Havoc","floor":35},{"not_picked":["Intimidate","Headbutt+1","Sword Boomerang","True Grit"],"picked":"Singing Bowl","floor":36},{"not_picked":["Heavy Blade","Flame Barrier","Flex"],"picked":"Seeing Red","floor":37},{"not_picked":["Wild Strike","Iron Wave","Body Slam+1","Headbutt+1"],"picked":"Singing Bowl","floor":39},{"not_picked":["Pommel Strike","Wild Strike","Clash+1","Rampage"],"picked":"Singing Bowl","floor":41},{"not_picked":["Shrug It Off+1","Rupture","Sword Boomerang"],"picked":"Flame Barrier+1","floor":44},{"not_picked":["Clothesline+1","Whirlwind+1","Havoc+1","Immolate"],"picked":"Singing Bowl","floor":46}],"player_experience":244004,"relics_obtained":[{"floor":5.0,"key":"Charon\u0027s Ashes"},{"floor":7.0,"key":"Peace Pipe"},{"floor":9.0,"key":"Dead Branch"},{"floor":10.0,"key":"Oddly Smooth Stone"},{"floor":21.0,"key":"Nilry\u0027s Codex"},{"floor":24.0,"key":"Unceasing Top"},{"floor":26.0,"key":"Singing Bowl"},{"floor":30.0,"key":"Question Card"},{"floor":37,"key":"Mango"},{"floor":42,"key":"Ancient Tea Set"},{"floor":43,"key":"Darkstone Periapt"}],"event_choices":[{"damage_healed":0.0,"max_hp_gain":0.0,"max_hp_loss":0.0,"gold_gain":0.0,"event_name":"Golden Idol","player_choice":"Take Damage","floor":2.0,"gold_loss":0.0,"damage_taken":26.0,"relics_obtained":["Golden Idol"]},{"cards_removed":["Havoc"],"damage_healed":0.0,"max_hp_gain":0.0,"max_hp_loss":0.0,"gold_gain":0.0,"event_name":"WeMeetAgain","player_choice":"Gave Card","floor":3.0,"gold_loss":0.0,"damage_taken":0.0,"relics_obtained":["Shuriken"]},{"damage_healed":0.0,"max_hp_gain":0.0,"max_hp_loss":0.0,"gold_gain":0.0,"event_name":"Living Wall","player_choice":"Grow","floor":4.0,"gold_loss":0.0,"damage_taken":0.0,"cards_upgraded":["Bash"]},{"cards_removed":["Rupture"],"damage_healed":52.0,"max_hp_gain":0.0,"max_hp_loss":0.0,"gold_gain":0.0,"event_name":"Bonfire Elementals","player_choice":"Offered Uncommon","floor":14.0,"gold_loss":0.0,"damage_taken":0.0},{"damage_healed":0.0,"max_hp_gain":0.0,"max_hp_loss":0.0,"gold_gain":0.0,"event_name":"Nest","player_choice":"Joined the Cult","floor":20.0,"gold_loss":0.0,"damage_taken":6.0,"cards_obtained":["RitualDagger"]},{"damage_healed":0.0,"max_hp_gain":0.0,"max_hp_loss":0.0,"gold_gain":0.0,"event_name":"Cursed Tome","player_choice":"Obtained Book","floor":21.0,"gold_loss":0.0,"damage_taken":21.0},{"damage_healed":0,"gold_gain":0,"player_choice":"Fight","damage_taken":0,"max_hp_gain":0,"max_hp_loss":0,"event_name":"MindBloom","floor":37,"gold_loss":0},{"damage_healed":0,"gold_gain":0,"player_choice":"Ignored","damage_taken":0,"max_hp_gain":0,"max_hp_loss":0,"event_name":"Mysterious Sphere","floor":40,"gold_loss":0},{"damage_healed":0,"gold_gain":0,"player_choice":"Paid","damage_taken":0,"relics_obtained":["Red Mask"],"max_hp_gain":0,"max_hp_loss":0,"event_name":"Tomb of Lord Red Mask","floor":48,"gold_loss":8}],"is_beta":false,"boss_relics":[{"not_picked":["Lizard Tail","Coffee Dripper"],"picked":"Snecko Eye"},{"not_picked":["Black Blood","Mark of Pain"],"picked":"Cursed Key"}],"items_purged_floors":[47],"is_endless":false,"potions_floor_spawned":[12,22,24,31,35,36,44,46],"killed_by":"Donu and Deca","ascension_level":20}