{"gold_per_floor":[18,31,31,31,49,81,81,100,126,144,31,44,59,59],"floor_reached":14,"playtime":836,"items_purged":[],"score":94,"play_id":"7bb39b66-0adc-4b6c-bcae-7b446a11bff6","local_time":"20190217201354","is_ascension_mode":false,"campfire_choices":[{"floor":7,"key":"REST"}],"neow_cost":"NO_GOLD","seed_source_timestamp":93496473370363,"circlet_count":0,"master_deck":["Defend_G","Defend_G","Defend_G","Strike_G","Strike_G","Strike_G","Strike_G","Survivor","Neutralize","Distraction","A Thousand Cuts","Dagger Throw","PiercingWail","Iron Wave","Poisoned Stab","Terror","Crippling Poison","Slice","Enlightenment","Underhanded Strike","Infinite Blades","Flying Knee"],"relics":["Ring of the Snake","Orichalcum","Bag of Marbles"],"potions_floor_usage":[12],"damage_taken":[{"damage":6,"enemies":"Cultist","floor":1,"turns":6},{"damage":6,"enemies":"Small Slimes","floor":2,"turns":3},{"damage":1,"enemies":"2 Louse","floor":5,"turns":3},{"damage":48,"enemies":"Gremlin Nob","floor":6,"turns":6},{"damage":5,"enemies":"Exordium Wildlife","floor":8,"turns":4},{"damage":1,"enemies":"Looter","floor":10,"turns":3},{"damage":0,"enemies":"3 Louse","floor":12,"turns":1},{"damage":7,"enemies":"2 Fungi Beasts","floor":13,"turns":3},{"damage":24,"enemies":"Lagavulin Event","floor":14,"turns":3}],"seed_played":"2184841995213708170","potions_obtained":[{"floor":2,"key":"Explosive Potion"},{"floor":5,"key":"Dexterity Potion"},{"floor":13,"key":"SpeedPotion"}],"is_trial":false,"path_per_floor":["M","M","?","?","M","E","R","M","T","M","$","M","M","?"],"character_chosen":"THE_SILENT","items_purchased":["Enlightenment","Underhanded Strike"],"campfire_rested":1,"item_purchase_floors":[11,11],"current_hp_per_floor":[64,58,58,58,57,9,30,25,25,24,24,24,17,0],"gold":59,"neow_bonus":"TRANSFORM_TWO_CARDS","is_prod":false,"is_daily":false,"chose_seed":false,"campfire_upgraded":0,"win_rate":0.0,"timestamp":1550456034,"path_taken":["M","M","?","?","M","E","R","M","T","?","$","M","M","?"],"build_version":"2019-01-23","purchased_purges":0,"victory":false,"max_hp_per_floor":[70,70,70,70,70,70,70,70,70,70,70,70,70,70],"card_choices":[{"not_picked":["Blade Dance","Caltrops"],"picked":"Dagger Throw","floor":1},{"not_picked":["Acrobatics","Dagger Throw"],"picked":"PiercingWail","floor":2},{"not_picked":["Deadly Poison","Riddle With Holes"],"picked":"Poisoned Stab","floor":5},{"not_picked":["Quick Slash","Flying Knee"],"picked":"Terror","floor":6},{"not_picked":["Dodge and Roll","Eviscerate"],"picked":"Crippling Poison","floor":8},{"not_picked":["Prepared","Dodge and Roll"],"picked":"Slice","floor":10},{"not_picked":["PiercingWail","Dagger Throw"],"picked":"Infinite Blades","floor":12},{"not_picked":["Acrobatics","Caltrops"],"picked":"Flying Knee","floor":13}],"player_experience":23774,"relics_obtained":[{"floor":6,"key":"Orichalcum"},{"floor":9,"key":"Bag of Marbles"}],"event_choices":[{"damage_healed":0,"gold_gain":0,"player_choice":"Leave","damage_taken":0,"max_hp_gain":0,"max_hp_loss":0,"event_name":"The Cleric","floor":3,"gold_loss":0},{"cards_removed":["Defend_G"],"damage_healed":0,"gold_gain":0,"player_choice":"Took Card","damage_taken":0,"max_hp_gain":0,"max_hp_loss":0,"event_name":"NoteForYourself","floor":4,"gold_loss":0,"cards_obtained":["Iron Wave"]},{"damage_healed":0,"gold_gain":0,"player_choice":"Searched \u00271\u0027 times","damage_taken":0,"max_hp_gain":0,"max_hp_loss":0,"event_name":"Dead Adventurer","floor":14,"gold_loss":0}],"is_beta":false,"boss_relics":[],"items_purged_floors":[],"is_endless":false,"potions_floor_spawned":[2,5,13],"killed_by":"Lagavulin Event","ascension_level":0}