{"gold_per_floor":[125,137,149,179,214,226,261,273,341,353],"floor_reached":10,"playtime":252,"items_purged":[],"score":84,"play_id":"57266828-6ff0-4dc2-ad07-cf82356e088f","local_time":"20190402134659","is_ascension_mode":true,"campfire_choices":[{"data":"Die Die Die","floor":6,"key":"SMITH"},{"floor":8,"key":"REST"}],"neow_cost":"NONE","seed_source_timestamp":1746402713671409,"circlet_count":0,"master_deck":["Defend_G+1","Defend_G","Defend_G","Defend_G","Defend_G","Strike_G","Strike_G","Strike_G+1","Strike_G","Strike_G","Survivor","Neutralize","Underhanded Strike","Injury","Dagger Spray","Die Die Die+1","Sucker Punch"],"relics":["Ring of the Snake","MawBank","Golden Idol","Tiny Chest"],"potions_floor_usage":[5],"damage_taken":[{"damage":6,"enemies":"Cultist","floor":1,"turns":5},{"damage":0,"enemies":"2 Louse","floor":4,"turns":2},{"damage":0,"enemies":"Small Slimes","floor":5,"turns":3},{"damage":18,"enemies":"Exordium Wildlife","floor":7,"turns":4},{"damage":56,"enemies":"Lagavulin","floor":10,"turns":8}],"seed_played":"-2223645336479327034","potions_obtained":[{"floor":4,"key":"Explosive Potion"}],"is_trial":false,"path_per_floor":["M","?","?","M","M","R","M","R","T","E"],"character_chosen":"THE_SILENT","items_purchased":[],"campfire_rested":1,"item_purchase_floors":[],"current_hp_per_floor":[57,57,43,43,43,43,25,46,46,0],"gold":353,"neow_bonus":"RANDOM_COMMON_RELIC","is_prod":false,"is_daily":false,"chose_seed":false,"campfire_upgraded":1,"win_rate":0,"timestamp":1554238019,"path_taken":["M","?","?","M","M","R","M","R","T","E"],"build_version":"2019-01-23","purchased_purges":0,"victory":false,"max_hp_per_floor":[70,70,70,70,70,70,70,70,70,70],"card_choices":[{"not_picked":["Distraction","Well Laid Plans"],"picked":"Underhanded Strike","floor":1},{"not_picked":["Cloak And Dagger","Reflex"],"picked":"Dagger Spray","floor":4},{"not_picked":["Dodge and Roll","Deadly Poison"],"picked":"Die Die Die","floor":5},{"not_picked":["Bane","Slice"],"picked":"Sucker Punch","floor":7}],"player_experience":471953,"relics_obtained":[{"floor":9,"key":"Tiny Chest"}],"event_choices":[{"damage_healed":0,"gold_gain":0,"player_choice":"Take Wound","damage_taken":0,"relics_obtained":["Golden Idol"],"max_hp_gain":0,"max_hp_loss":0,"event_name":"Golden Idol","floor":2,"gold_loss":0,"cards_obtained":["Injury"]},{"damage_healed":0,"gold_gain":0,"player_choice":"Entered Light","damage_taken":14,"max_hp_gain":0,"max_hp_loss":0,"event_name":"Shining Light","floor":3,"gold_loss":0,"cards_upgraded":["Strike_G","Defend_G"]}],"is_beta":false,"boss_relics":[],"items_purged_floors":[],"is_endless":false,"potions_floor_spawned":[4],"killed_by":"Lagavulin","ascension_level":9}