{"gold_per_floor":[111,131,56,70,70,96,96,108,108,120,139,149,149,169,169,267,267],"floor_reached":17,"playtime":854,"items_purged":["Strike_R"],"score":161,"play_id":"2107bda6-5db2-4563-a926-1e54ccfe0fcd","local_time":"20190504204558","is_ascension_mode":false,"campfire_choices":[{"floor":7,"key":"REST"},{"data":"Bash","floor":13,"key":"SMITH"},{"floor":15,"key":"REST"}],"neow_cost":"NONE","seed_source_timestamp":946547047312300,"circlet_count":0,"master_deck":["Strike_R","Strike_R","Defend_R","Defend_R","Defend_R","Bash+1","Thunderclap","Anger","True Grit+1","Whirlwind+1","Armaments+1"],"relics":["Burning Blood","NeowsBlessing","Mango","Sundial","Astrolabe"],"potions_floor_usage":[16],"damage_taken":[{"damage":0,"enemies":"Small Slimes","floor":1,"turns":1},{"damage":0,"enemies":"Cultist","floor":2,"turns":1},{"damage":0,"enemies":"Jaw Worm","floor":4,"turns":1},{"damage":43,"enemies":"3 Sentries","floor":6,"turns":11},{"damage":13,"enemies":"Lots of Slimes","floor":8,"turns":3},{"damage":8,"enemies":"Large Slime","floor":10,"turns":8},{"damage":16,"enemies":"Exordium Wildlife","floor":11,"turns":7},{"damage":8,"enemies":"3 Louse","floor":12,"turns":4},{"damage":9,"enemies":"Gremlin Gang","floor":14,"turns":3},{"damage":76,"enemies":"Hexaghost","floor":16,"turns":11}],"seed_played":"-7800731552939613858","potions_obtained":[{"floor":6,"key":"FearPotion"},{"floor":8,"key":"EssenceOfSteel"},{"floor":10,"key":"GamblersBrew"}],"is_trial":false,"path_per_floor":["M","M","$","M","$","E","R","M","T","M","M","M","R","M","R","B",null],"character_chosen":"IRONCLAD","items_purchased":[],"campfire_rested":2,"item_purchase_floors":[],"current_hp_per_floor":[80,80,80,80,80,57,85,78,78,76,66,64,64,61,89,19,94],"gold":267,"neow_bonus":"THREE_ENEMY_KILL","is_prod":false,"is_daily":false,"chose_seed":false,"campfire_upgraded":1,"win_rate":0,"timestamp":1557017158,"path_taken":["M","M","$","M","$","E","R","M","T","M","M","M","R","M","R","BOSS"],"build_version":"2019-01-23","purchased_purges":1,"victory":false,"max_hp_per_floor":[80,80,80,80,80,94,94,94,94,94,94,94,94,94,94,94,94],"card_choices":[{"not_picked":["Armaments","Headbutt"],"picked":"Thunderclap","floor":1},{"not_picked":["Bludgeon","Thunderclap","Infernal Blade"],"picked":"SKIP","floor":2},{"not_picked":["Anger","Cleave","Perfected Strike"],"picked":"SKIP","floor":4},{"not_picked":["True Grit","Havoc","Infernal Blade"],"picked":"SKIP","floor":6},{"not_picked":["Headbutt","Spot Weakness","Body Slam"],"picked":"SKIP","floor":8},{"not_picked":["Impervious","Reckless Charge","Sword Boomerang"],"picked":"SKIP","floor":10},{"not_picked":["Headbutt","Clothesline","Twin Strike"],"picked":"SKIP","floor":11},{"not_picked":["Headbutt","Rampage"],"picked":"Anger","floor":12},{"not_picked":["Heavy Blade","Clothesline","Blood for Blood"],"picked":"SKIP","floor":14}],"player_experience":418180,"relics_obtained":[{"floor":6,"key":"Mango"},{"floor":9,"key":"Sundial"}],"event_choices":[],"is_beta":false,"boss_relics":[{"not_picked":["Runic Cube","Runic Dome"],"picked":"Astrolabe"}],"items_purged_floors":[3],"is_endless":false,"potions_floor_spawned":[6,8,10,11],"ascension_level":0}