{"gold_per_floor":[119,134,152,168,182,182,196,43,94,94,112,126,141,157,157,255,255,271,271,271,196,296,311,331,331,383,383,399,399,325,325,325,428,428,446,466,317,317,334,334,334,352,352,352,65,85,85,95,95,95],"floor_reached":51,"playtime":2722,"items_purged":["Strike_R","Strike_R","Parasite"],"score":645,"play_id":"30bde0ea-0946-41d7-976b-6fbb897a60c9","local_time":"20190504153442","is_ascension_mode":false,"campfire_choices":[{"data":"Flame Barrier","floor":6,"key":"SMITH"},{"data":"Spot Weakness","floor":10,"key":"SMITH"},{"data":"Heavy Blade","floor":15,"key":"SMITH"},{"data":"Flame Barrier","floor":25,"key":"SMITH"},{"data":"Flame Barrier","floor":27,"key":"SMITH"},{"data":"Flame Barrier","floor":29,"key":"SMITH"},{"data":"Perfected Strike","floor":32,"key":"SMITH"},{"floor":40,"key":"REST"},{"floor":49,"key":"REST"}],"neow_cost":"NONE","seed_source_timestamp":925983541644200,"circlet_count":0,"master_deck":["Strike_R","Strike_R","Strike_R","Defend_R","Defend_R","Defend_R","Bash","Flame Barrier+1","Twin Strike","Flame Barrier+1","Pommel Strike","Flame Barrier+1","Clothesline","Spot Weakness+1","Perfected Strike+1","Cleave","Shrug It Off","Heavy Blade+1","Immolate","Shrug It Off","Flame Barrier+1","Inflame","Heavy Blade","Inflame","Barricade","Body Slam+1","Ghostly Armor+1","Shrug It Off","Armaments+1","Bludgeon"],"relics":["Snecko Eye"],"potions_floor_usage":[33,36,39,50,50,50],"damage_taken":[{"damage":0,"enemies":"Cultist","floor":1,"turns":2},{"damage":0,"enemies":"Small Slimes","floor":2,"turns":2},{"damage":0,"enemies":"Jaw Worm","floor":3,"turns":2},{"damage":0,"enemies":"3 Louse","floor":4,"turns":3},{"damage":1,"enemies":"Exordium Thugs","floor":5,"turns":3},{"damage":0,"enemies":"Blue Slaver","floor":7,"turns":2},{"damage":0,"enemies":"Large Slime","floor":11,"turns":6},{"damage":0,"enemies":"Lots of Slimes","floor":12,"turns":3},{"damage":4,"enemies":"Blue Slaver","floor":13,"turns":2},{"damage":0,"enemies":"Large Slime","floor":14,"turns":3},{"damage":8,"enemies":"The Guardian","floor":16,"turns":7},{"damage":0,"enemies":"3 Byrds","floor":18,"turns":2},{"damage":0,"enemies":"2 Thieves","floor":23,"turns":2},{"damage":0,"enemies":"Cultist and Chosen","floor":24,"turns":4},{"damage":0,"enemies":"Snecko","floor":28,"turns":4},{"damage":38,"enemies":"Collector","floor":33,"turns":9},{"damage":7,"enemies":"3 Darklings","floor":35,"turns":3},{"damage":0,"enemies":"Orb Walker","floor":36,"turns":2},{"damage":38,"enemies":"4 Shapes","floor":39,"turns":4},{"damage":0,"enemies":"Writhing Mass","floor":42,"turns":6},{"damage":31,"enemies":"3 Darklings","floor":46,"turns":7},{"damage":3,"enemies":"4 Shapes","floor":48,"turns":6},{"damage":40,"enemies":"Awakened One","floor":50,"turns":16}],"seed_played":"-6378154882006035419","potions_obtained":[{"floor":3,"key":"BloodPotion"},{"floor":5,"key":"Ancient Potion"},{"floor":7,"key":"Ancient Potion"},{"floor":11,"key":"Fire Potion"},{"floor":16,"key":"Energy Potion"},{"floor":35,"key":"Regen Potion"},{"floor":38,"key":"Weak Potion"},{"floor":42,"key":"PowerPotion"},{"floor":48,"key":"Weak Potion"}],"is_trial":false,"path_per_floor":["M","M","M","M","M","R","M","$","T","R","M","M","M","M","R","B",null,"M","T","?","$","?","M","M","R","T","R","M","R","$","?","R","B",null,"M","M","$","?","M","R","?","M","T","?","$","M","T","M","R","B",null],"character_chosen":"IRONCLAD","items_purchased":["Spot Weakness","Inflame","Inflame","Shrug It Off","Bludgeon"],"campfire_rested":2,"item_purchase_floors":[8,21,30,37,45],"current_hp_per_floor":[80,80,80,80,79,79,79,79,79,79,79,79,75,75,75,67,80,80,80,80,80,80,80,80,80,80,80,80,80,80,80,80,42,80,73,73,73,73,47,71,71,71,71,71,71,40,40,37,60,20],"gold":95,"neow_bonus":"BOSS_RELIC","is_prod":false,"is_daily":false,"chose_seed":false,"campfire_upgraded":7,"win_rate":0,"timestamp":1556998482,"path_taken":["M","M","M","M","M","R","M","?","T","R","?","M","M","M","R","BOSS","M","?","?","?","?","?","M","R","T","R","M","R","$","?","R","BOSS","M","M","$","?","?","R","?","M","T","?","$","M","?","M","R","BOSS"],"build_version":"2019-01-23","purchased_purges":3,"victory":true,"max_hp_per_floor":[80,80,80,80,80,80,80,80,80,80,80,80,80,80,80,80,80,80,80,80,80,80,80,80,80,80,80,80,80,80,80,80,80,80,80,80,80,80,80,80,80,80,80,80,77,77,77,77,77,77],"card_choices":[{"not_picked":["Headbutt","Entrench"],"picked":"Flame Barrier","floor":1},{"not_picked":["Havoc","Sword Boomerang"],"picked":"Twin Strike","floor":2},{"not_picked":["Combust","Armaments"],"picked":"Flame Barrier","floor":3},{"not_picked":["Armaments","Offering"],"picked":"Pommel Strike","floor":4},{"not_picked":["Headbutt","Pommel Strike"],"picked":"Flame Barrier","floor":5},{"not_picked":["Rampage","Corruption"],"picked":"Clothesline","floor":7},{"not_picked":["Cleave","Searing Blow"],"picked":"Perfected Strike","floor":11},{"not_picked":["Spot Weakness","Armaments"],"picked":"Cleave","floor":12},{"not_picked":["Cleave","Iron Wave"],"picked":"Shrug It Off","floor":13},{"not_picked":["Armaments","Anger"],"picked":"Heavy Blade","floor":14},{"not_picked":["Offering","Barricade"],"picked":"Immolate","floor":16},{"not_picked":["Wild Strike+1","Anger"],"picked":"Shrug It Off","floor":18},{"not_picked":["True Grit","Iron Wave","Burning Pact"],"picked":"SKIP","floor":23},{"not_picked":["Body Slam","Sever Soul"],"picked":"Heavy Blade","floor":24},{"not_picked":["Power Through+1","Sever Soul+1","Infernal Blade"],"picked":"SKIP","floor":28},{"not_picked":["Feed","Brutality"],"picked":"Barricade","floor":33},{"not_picked":["Seeing Red","Burning Pact"],"picked":"Body Slam+1","floor":35},{"not_picked":["Twin Strike+1","Sword Boomerang+1"],"picked":"Ghostly Armor+1","floor":36},{"not_picked":["Second Wind","True Grit+1","Infernal Blade+1"],"picked":"SKIP","floor":39},{"not_picked":["Iron Wave","Sword Boomerang"],"picked":"Armaments+1","floor":42},{"not_picked":["Iron Wave+1","Thunderclap","Wild Strike"],"picked":"SKIP","floor":46},{"not_picked":["Flex","Wild Strike+1","Combust"],"picked":"SKIP","floor":48}],"player_experience":412771,"relics_obtained":[],"event_choices":[{"damage_healed":0,"gold_gain":0,"player_choice":"Read","damage_taken":0,"max_hp_gain":0,"max_hp_loss":0,"event_name":"The Library","floor":20,"gold_loss":0,"cards_obtained":["Flame Barrier"]},{"damage_healed":0,"gold_gain":100,"player_choice":"Pray","damage_taken":0,"max_hp_gain":0,"max_hp_loss":0,"event_name":"Golden Shrine","floor":22,"gold_loss":0},{"damage_healed":0,"gold_gain":0,"player_choice":"Ignored","damage_taken":0,"max_hp_gain":0,"max_hp_loss":0,"event_name":"Vampires","floor":31,"gold_loss":0},{"damage_healed":0,"gold_gain":0,"player_choice":"Got Potions","damage_taken":0,"max_hp_gain":0,"max_hp_loss":0,"event_name":"Lab","floor":38,"gold_loss":0},{"cards_removed":["Defend_R"],"damage_healed":0,"gold_gain":0,"player_choice":"Removed Skill","damage_taken":0,"max_hp_gain":0,"max_hp_loss":0,"event_name":"Falling","floor":41,"gold_loss":0},{"damage_healed":0,"gold_gain":0,"player_choice":"Ignored","damage_taken":0,"max_hp_gain":0,"max_hp_loss":0,"event_name":"Tomb of Lord Red Mask","floor":44,"gold_loss":0}],"is_beta":false,"boss_relics":[{"not_picked":["Runic Dome","Cursed Key","Busted Crown"]},{"not_picked":["Astrolabe","Velvet Choker","Tiny House"]}],"items_purged_floors":[8,37,45],"is_endless":false,"potions_floor_spawned":[3,5,7,11,14,16,18,35,42,48],"ascension_level":0}