{"path_per_floor":["M","?","?","$","M","R","E","?","T","M","$","T","M","M","R","B",null,"M","$","M","?","M","R"],"character_chosen":"DEFECT","items_purchased":["Hello World"],"gold_per_floor":[111,61,136,61,74,74,104,104,104,122,22,46,63,81,81,183,183,202,7,20,20,35,35,35],"floor_reached":24,"campfire_rested":0,"playtime":1202,"item_purchase_floors":[19],"current_hp_per_floor":[68,68,57,57,57,57,27,27,27,29,29,29,27,22,22,14,77,49,49,37,37,25,25,0],"items_purged":["Strike_B","Defend_B","Strike_B"],"gold":35,"score":196,"play_id":"b7fb20b2-e974-4bdf-976f-101a2cd065ce","local_time":"20180603005530","is_prod":false,"is_daily":false,"chose_seed":false,"is_ascension_mode":false,"campfire_upgraded":3,"win_rate":0.0,"timestamp":1527958530,"campfire_choices":[{"data":"Loop","floor":6,"key":"SMITH"},{"data":"Coolheaded","floor":15,"key":"SMITH"},{"data":"Hologram","floor":23,"key":"SMITH"}],"path_taken":["M","?","?","$","M","R","E","?","T","M","$","?","M","M","R","BOSS","M","$","M","?","M","R","M"],"build_version":"2018-05-31","seed_source_timestamp":491244479440000,"purchased_purges":3,"victory":false,"master_deck":["Strike_B","Defend_B","Defend_B","Defend_B","Zap","Dualcast","Redo","Loop+1","FTL","Ball Lightning","Coolheaded+1","Seek","Hologram+1","Hello World","Fusion+1"],"max_hp_per_floor":[75,75,75,75,75,75,75,75,75,77,77,77,77,77,77,77,77,77,77,77,77,79,79,79],"relics":["Philosopher\u0027s Stone","Art of War","Singing Bowl","Dodecahedron","Blood Vial","Runic Pyramid"],"card_choices":[{"not_picked":["Ball Lightning","Self Repair"],"picked":"Redo","floor":1},{"not_picked":["Beam Cell","Cold Snap"],"picked":"Loop","floor":5},{"not_picked":["Tempest","Leap"],"picked":"FTL","floor":7},{"not_picked":["Double Energy","Steam","Cold Snap"],"picked":"Singing Bowl","floor":10},{"not_picked":["Beam Cell","Conserve Battery"],"picked":"Ball Lightning","floor":13},{"not_picked":["Melter","BootSequence"],"picked":"Coolheaded","floor":14},{"not_picked":["Biased Cognition","Fission"],"picked":"Seek","floor":16},{"not_picked":["Steam+1","Melter"],"picked":"Hologram","floor":18},{"not_picked":["Steam+1","Doom and Gloom"],"picked":"Fusion+1","floor":20},{"not_picked":["Barrage","Gash+1","Sweeping Beam"],"picked":"Singing Bowl","floor":22}],"player_experience":209679,"potions_floor_usage":[7,16,18,18],"damage_taken":[{"damage":7,"enemies":"Jaw Worm","floor":1,"turns":4},{"damage":0,"enemies":"2 Louse","floor":5,"turns":2},{"damage":30,"enemies":"Gremlin Nob","floor":7,"turns":4},{"damage":0,"enemies":"Small Slimes","floor":10,"turns":3},{"damage":4,"enemies":"Blue Slaver","floor":13,"turns":3},{"damage":7,"enemies":"3 Louse","floor":14,"turns":3},{"damage":10,"enemies":"Slime Boss","floor":16,"turns":8},{"damage":28,"enemies":"3 Byrds","floor":18,"turns":4},{"damage":14,"enemies":"Shell Parasite","floor":20,"turns":6},{"damage":16,"enemies":"Snecko","floor":22,"turns":6},{"damage":29,"enemies":"Centurion and Healer","floor":24,"turns":4}],"relics_obtained":[{"floor":7,"key":"Art of War"},{"floor":9,"key":"Dodecahedron"},{"floor":12,"key":"Blood Vial"}],"event_choices":[{"event_name":"The Cleric","player_choice":"Card Removal","floor":2,"damage_taken":0},{"event_name":"World of Goop","player_choice":"Gather Gold","floor":3,"damage_taken":0},{"event_name":"Dead Adventurer","player_choice":"Searched \u00271\u0027 times","floor":8,"damage_taken":0},{"event_name":"Ghosts","player_choice":"Ignored","floor":21,"damage_taken":0}],"boss_relics":[{"not_picked":["Pandora\u0027s Box","Tiny House"],"picked":"Runic Pyramid"}],"items_purged_floors":[4,11,19],"potions_floor_spawned":[5,10,14,16],"seed_played":"-8652256323922574511","killed_by":"Centurion and Healer","ascension_level":0,"potions_obtained":[{"floor":5,"key":"GamblersBrew"},{"floor":10,"key":"Poison Potion"},{"floor":14,"key":"Explosive Potion"},{"floor":16,"key":"Poison Potion"}],"is_trial":false}