{"gold_per_floor":[118,118,138,158,158,158,169,185,185,200,160,160,85,100,100,100],"floor_reached":16,"playtime":418,"items_purged":["Strike_B"],"score":94,"play_id":"6e490194-f2cb-4efd-8cd7-627b8b4d43d2","local_time":"20180818135807","is_ascension_mode":false,"campfire_choices":[{"data":"Hologram","floor":6,"key":"SMITH"},{"floor":12,"key":"REST"},{"floor":15,"key":"REST"}],"neow_cost":"","seed_source_timestamp":142426733750153,"circlet_count":0,"master_deck":["Strike_B","Strike_B","Strike_B","Defend_B","Defend_B","Defend_B","Zap","Dualcast","Hologram+1","Loop","Fusion","Compile Driver"],"relics":["Cracked Core","Matryoshka"],"potions_floor_usage":[16],"damage_taken":[{"damage":7,"enemies":"2 Louse","floor":1,"turns":3},{"damage":11,"enemies":"Small Slimes","floor":3,"turns":3},{"damage":8,"enemies":"Jaw Worm","floor":4,"turns":3},{"damage":17,"enemies":"Exordium Wildlife","floor":7,"turns":3},{"damage":18,"enemies":"2 Fungi Beasts","floor":8,"turns":4},{"damage":8,"enemies":"Red Slaver","floor":10,"turns":4},{"damage":12,"enemies":"Blue Slaver","floor":14,"turns":4},{"damage":61,"enemies":"The Guardian","floor":16,"turns":10}],"seed_played":"2329200934744477764","potions_obtained":[{"floor":3,"key":"Energy Potion"},{"floor":7,"key":"Weak Potion"},{"floor":10,"key":"Energy Potion"},{"floor":11,"key":"FairyPotion"}],"is_trial":false,"path_per_floor":["M","?","M","M","?","R","M","M","T","M","?","R","$","M","R"],"character_chosen":"DEFECT","items_purchased":[],"campfire_rested":2,"item_purchase_floors":[],"current_hp_per_floor":[68,68,57,49,54,54,37,19,19,11,11,35,35,23,47,0],"gold":100,"neow_bonus":"","is_prod":false,"is_daily":false,"chose_seed":false,"campfire_upgraded":1,"win_rate":0,"timestamp":1534571887,"path_taken":["M","?","M","M","?","R","M","M","T","M","?","R","$","?","R","BOSS"],"build_version":"2018-08-16","purchased_purges":1,"victory":false,"max_hp_per_floor":[75,75,75,75,80,80,80,80,80,80,80,80,80,80,80,80],"card_choices":[{"not_picked":["Beam Cell","Conserve Battery"],"picked":"Hologram","floor":1},{"not_picked":["Static Discharge","Consume"],"picked":"Loop","floor":3},{"not_picked":["Reinforced Body","Scrape","Barrage"],"picked":"SKIP","floor":4},{"not_picked":["Sweeping Beam","Consume"],"picked":"Fusion","floor":7},{"not_picked":["Gash","Stack","Streamline"],"picked":"SKIP","floor":8},{"not_picked":["Go for the Eyes","Lockon","Fission"],"picked":"SKIP","floor":10},{"not_picked":["Chaos","Sweeping Beam"],"picked":"Compile Driver","floor":14}],"player_experience":344770,"relics_obtained":[{"floor":9,"key":"Matryoshka"}],"event_choices":[{"event_name":"Living Wall","player_choice":"Forget","floor":2,"damage_taken":0},{"event_name":"Big Fish","player_choice":"Donut","floor":5,"damage_taken":0},{"event_name":"The Woman in Blue","player_choice":"Bought 3 Potions","floor":11,"damage_taken":0}],"is_beta":false,"boss_relics":[],"items_purged_floors":[13],"is_endless":false,"potions_floor_spawned":[3,7,10],"killed_by":"The Guardian","ascension_level":0}