{"gold_per_floor":[117,192,192,208,218,251,251,180,180,208,218,236,236,249,249,348,348,336,351,351],"floor_reached":20,"playtime":1178,"items_purged":[],"score":186,"play_id":"73699e69-19be-4d16-ae84-ae887e5f1aaa","local_time":"20190424170119","is_ascension_mode":false,"campfire_choices":[{"floor":7,"key":"REST"},{"floor":15,"key":"REST"}],"neow_cost":"NONE","seed_source_timestamp":1189471566371778,"circlet_count":0,"master_deck":["Strike_B","Strike_B","Strike_B","Strike_B","Defend_B","Defend_B","Defend_B","Defend_B","Zap","Dualcast","Gash","Stack+1","Cold Snap","Stack+1","Consume+1","Capacitor","Hologram+1","Strike_B","Auto Shields+1","Buffer","Capacitor","Leap+1"],"relics":["Cracked Core","Oddly Smooth Stone","Toxic Egg 2","PreservedInsect","Regal Pillow","Blue Candle","White Beast Statue"],"potions_floor_usage":[10,18,20,20,20],"damage_taken":[{"damage":6,"enemies":"Jaw Worm","floor":1,"turns":3},{"damage":1,"enemies":"Small Slimes","floor":4,"turns":3},{"damage":0,"enemies":"2 Louse","floor":5,"turns":2},{"damage":30,"enemies":"Gremlin Nob","floor":6,"turns":5},{"damage":7,"enemies":"Lagavulin","floor":10,"turns":5},{"damage":13,"enemies":"Gremlin Gang","floor":11,"turns":5},{"damage":0,"enemies":"Blue Slaver","floor":12,"turns":4},{"damage":6,"enemies":"3 Louse","floor":14,"turns":3},{"damage":27,"enemies":"Hexaghost","floor":16,"turns":10},{"damage":15,"enemies":"2 Thieves","floor":18,"turns":4},{"damage":35,"enemies":"Spheric Guardian","floor":19,"turns":8},{"damage":20,"enemies":"Colosseum Slavers","floor":20,"turns":5},{"damage":13,"enemies":"Colosseum Nobs","floor":20,"turns":2}],"seed_played":"104947606355606813","potions_obtained":[{"floor":1,"key":"FocusPotion"},{"floor":6,"key":"AttackPotion"},{"floor":12,"key":"Strength Potion"},{"floor":16,"key":"Block Potion"},{"floor":18,"key":"PowerPotion"}],"is_trial":false,"path_per_floor":["M","?","?","M","M","E","R","$","T","E","M","M","?","M","R","B",null,"M","M","?"],"character_chosen":"DEFECT","items_purchased":["Melter"],"campfire_rested":2,"item_purchase_floors":[8],"current_hp_per_floor":[69,58,46,45,45,15,37,37,37,30,17,17,17,11,48,21,75,60,25,0],"gold":351,"neow_bonus":"RANDOM_COMMON_RELIC","is_prod":false,"is_daily":false,"chose_seed":false,"campfire_upgraded":0,"win_rate":0,"timestamp":1556143279,"path_taken":["M","?","?","M","M","E","R","$","T","E","M","M","?","M","R","BOSS","M","?","?"],"build_version":"2019-01-23","purchased_purges":0,"victory":false,"max_hp_per_floor":[75,75,75,75,75,75,75,75,75,75,75,75,75,75,75,75,75,75,75,75],"card_choices":[{"not_picked":["Steam","Turbo"],"picked":"Gash","floor":1},{"not_picked":["Tempest+1","Ball Lightning"],"picked":"Stack+1","floor":4},{"not_picked":["Recycle+1","Barrage"],"picked":"Cold Snap","floor":5},{"not_picked":["Chill+1","Compile Driver"],"picked":"Stack+1","floor":6},{"not_picked":["Turbo+1","Double Energy+1"],"picked":"Consume+1","floor":10},{"not_picked":["Hologram+1","Rebound"],"picked":"Capacitor","floor":11},{"not_picked":["Compile Driver","Buffer"],"picked":"Hologram+1","floor":12},{"not_picked":["Compile Driver","Sweeping Beam"],"picked":"Auto Shields+1","floor":14},{"not_picked":["Core Surge","Reboot+1"],"picked":"Buffer","floor":16},{"not_picked":["Coolheaded+1","Redo+1"],"picked":"Capacitor","floor":18},{"not_picked":["Double Energy+1","Scrape+1"],"picked":"Leap+1","floor":19}],"player_experience":230728,"relics_obtained":[{"floor":6,"key":"PreservedInsect"},{"floor":9,"key":"Regal Pillow"},{"floor":10,"key":"Blue Candle"}],"event_choices":[{"damage_healed":0,"gold_gain":75,"player_choice":"Gather Gold","damage_taken":11,"max_hp_gain":0,"max_hp_loss":0,"event_name":"World of Goop","floor":2,"gold_loss":0},{"damage_healed":0,"gold_gain":0,"player_choice":"Success","damage_taken":12,"relics_obtained":["Toxic Egg 2"],"max_hp_gain":0,"max_hp_loss":0,"event_name":"Scrap Ooze","floor":3,"gold_loss":0},{"cards_removed":["Melter"],"damage_healed":0,"gold_gain":0,"player_choice":"Took Card","damage_taken":0,"max_hp_gain":0,"max_hp_loss":0,"event_name":"NoteForYourself","floor":13,"gold_loss":0,"cards_obtained":["Strike_B"]},{"damage_healed":0,"gold_gain":0,"player_choice":"Fight","damage_taken":0,"max_hp_gain":0,"max_hp_loss":0,"event_name":"Colosseum","floor":20,"gold_loss":0},{"damage_healed":0,"gold_gain":0,"player_choice":"Fought Nobs","damage_taken":0,"max_hp_gain":0,"max_hp_loss":0,"event_name":"Colosseum","floor":20,"gold_loss":0}],"is_beta":false,"boss_relics":[{"not_picked":["Coffee Dripper","Snecko Eye"],"picked":"White Beast Statue"}],"items_purged_floors":[],"is_endless":false,"potions_floor_spawned":[1,6,12,16,18,19,20],"killed_by":"Colosseum Nobs","ascension_level":0}