{"path_per_floor":["M","$","M","?","M","E","R","M","T","R","?"],"character_chosen":"THE_SILENT","items_purchased":[],"gold_per_floor":[113,38,50,50,70,95,95,113,113,113,73,73],"floor_reached":12,"campfire_rested":1,"playtime":469,"current_hp_per_floor":[66,66,66,59,57,21,21,21,21,42,42,0],"items_purged":["Injury"],"gold":73,"score":90,"play_id":"8e476590-4aa3-4ea2-aa32-f794276ab7f5","local_time":"20180524200858","is_prod":false,"is_daily":false,"chose_seed":false,"is_ascension_mode":true,"campfire_upgraded":1,"timestamp":1527163738,"campfire_choices":[{"data":"Envenom","floor":7,"key":"SMITH"},{"floor":10,"key":"REST"}],"path_taken":["M","$","M","?","M","E","R","?","T","R","?","E"],"build_version":"2018-05-17","seed_source_timestamp":815887465653552,"purchased_purges":1,"victory":false,"master_deck":["Defend_G","Defend_G","Defend_G","Defend_G","Defend_G","Strike_G","Strike_G","Strike_G","Strike_G","Survivor","Neutralize","Envenom+1","Dagger Throw","Backstab","Poisoned Stab","Prepared","Dagger Spray"],"max_hp_per_floor":[70,70,70,70,70,70,70,70,70,70,70,70],"relics":["Ring of the Snake","Ancient Tea Set","Omamori"],"card_choices":[{"not_picked":["Wraith Form v2","After Image"],"picked":"Envenom","floor":0},{"not_picked":["Malaise","Sucker Punch"],"picked":"Dagger Throw","floor":1},{"not_picked":["Distraction","Sucker Punch"],"picked":"Backstab","floor":3},{"not_picked":["Phantasmal Killer","Well Laid Plans"],"picked":"Poisoned Stab","floor":5},{"not_picked":["Outmaneuver","Setup"],"picked":"Prepared","floor":6},{"not_picked":["Outmaneuver","PiercingWail"],"picked":"Dagger Spray","floor":8}],"player_experience":185009,"potions_floor_usage":[6,6],"damage_taken":[{"damage":4,"enemies":"2 Louse","floor":1,"turns":3},{"damage":0,"enemies":"Small Slimes","floor":3,"turns":4},{"damage":2,"enemies":"Jaw Worm","floor":5,"turns":4},{"damage":36,"enemies":"3 Sentries","floor":6,"turns":5},{"damage":0,"enemies":"Looter","floor":8,"turns":2},{"damage":50,"enemies":"Lagavulin","floor":12,"turns":5}],"relics_obtained":[{"floor":6,"key":"Ancient Tea Set"},{"floor":9,"key":"Omamori"}],"event_choices":[{"event_name":"Golden Wing","player_choice":"Card Removal","floor":4,"damage_taken":0},{"event_name":"The Woman in Blue","player_choice":"Bought 3 Potions","floor":11,"damage_taken":0}],"boss_relics":[],"potions_floor_spawned":[3,5],"seed_played":"-3906900381934928828","killed_by":"Lagavulin","ascension_level":3,"potions_obtained":[{"floor":3,"key":"AttackPotion"},{"floor":5,"key":"SkillPotion"}],"is_trial":false}