{"gold_per_floor":[114,125,125,125,125,125,52,96,123,137,137,155,76,101,101,101],"floor_reached":16,"playtime":388,"items_purged":[],"score":135,"play_id":"b2774905-b8b1-4243-be8c-84a5a74a096c","local_time":"20180914083131","is_ascension_mode":true,"campfire_choices":[{"data":"Sunder","floor":6,"key":"SMITH"},{"floor":11,"key":"REST"},{"data":"Creative AI","floor":15,"key":"SMITH"}],"neow_cost":"TEN_PERCENT_HP_LOSS","seed_source_timestamp":123096320591129,"circlet_count":0,"master_deck":["Strike_B","Strike_B","Defend_B","Defend_B","Defend_B","Zap","Dualcast","Hyperbeam","Sunder+1","Turbo","White Noise","Hologram","Coolheaded","Auto Shields","Rip and Tear","Creative AI+1"],"relics":["Cracked Core","Strawberry","Golden Idol","Peace Pipe","Centennial Puzzle"],"potions_floor_usage":[8,12],"damage_taken":[{"damage":0,"enemies":"Cultist","floor":1,"turns":2},{"damage":0,"enemies":"2 Louse","floor":2,"turns":1},{"damage":36,"enemies":"Lagavulin","floor":8,"turns":6},{"damage":12,"enemies":"Jaw Worm","floor":10,"turns":2},{"damage":0,"enemies":"2 Fungi Beasts","floor":12,"turns":2},{"damage":0,"enemies":"3 Louse","floor":14,"turns":2},{"damage":36,"enemies":"Hexaghost","floor":16,"turns":7}],"seed_played":"2069410113133764431","potions_obtained":[{"floor":1,"key":"FocusPotion"},{"floor":10,"key":"SkillPotion"}],"is_trial":false,"path_per_floor":["M","M","?","?","?","R","$","E","T","M","R","M","$","M","R"],"character_chosen":"DEFECT","items_purchased":["Regen Potion","Rip and Tear"],"campfire_rested":1,"item_purchase_floors":[7,13],"current_hp_per_floor":[68,68,72,54,47,47,47,26,26,14,36,36,36,36,36,0],"gold":101,"neow_bonus":"TRANSFORM_TWO_CARDS","is_prod":false,"is_daily":false,"chose_seed":false,"campfire_upgraded":2,"win_rate":0,"timestamp":1536928291,"path_taken":["M","M","?","?","?","R","$","E","T","M","R","M","?","M","R","BOSS"],"build_version":"2018-09-06","purchased_purges":0,"victory":false,"max_hp_per_floor":[68,68,75,75,75,75,75,75,75,75,75,75,75,75,75,75],"card_choices":[{"not_picked":["Recycle","Heatsinks"],"picked":"Turbo","floor":1},{"not_picked":["Go for the Eyes","Conserve Battery"],"picked":"White Noise","floor":2},{"not_picked":["Loop","Ball Lightning"],"picked":"Hologram","floor":8},{"not_picked":["Ball Lightning","Turbo"],"picked":"Coolheaded","floor":10},{"not_picked":["Rebound","Redo"],"picked":"Auto Shields","floor":12},{"not_picked":["Ball Lightning","Go for the Eyes"],"picked":"Creative AI","floor":14}],"player_experience":524427,"relics_obtained":[{"floor":8,"key":"Peace Pipe"},{"floor":9,"key":"Centennial Puzzle"}],"event_choices":[{"event_name":"Scrap Ooze","player_choice":"success","floor":3,"damage_taken":3},{"event_name":"Golden Idol","player_choice":"Take Damage","floor":4,"damage_taken":0},{"event_name":"Golden Wing","player_choice":"Card Removal","floor":5,"damage_taken":0}],"is_beta":false,"boss_relics":[],"items_purged_floors":[],"is_endless":false,"potions_floor_spawned":[1,10],"killed_by":"Hexaghost","ascension_level":7}