{"gold_per_floor":[115,67,142,162,162,187,187,206,277,277,288,38,38,54,54,150,150,165,16,29,29,29,29,229,229,253,272,272,272,195,38,38,137,137,150,4,4,104,29,29,39,39,39,39,39,39,58,58,58,58,58,58,5,5],"floor_reached":54,"playtime":2641,"items_purged":[],"score":627,"play_id":"26bbf5fe-d658-4748-88e6-0da4f1160995","local_time":"20190504120135","is_ascension_mode":false,"campfire_choices":[{"data":"Noxious Fumes","floor":7.0,"key":"SMITH"},{"floor":10.0,"key":"RECALL"},{"data":"Apotheosis","floor":13.0,"key":"SMITH"},{"floor":15.0,"key":"REST"},{"data":"Accuracy","floor":23.0,"key":"SMITH"},{"data":"Crippling Poison","floor":25.0,"key":"SMITH"},{"floor":28.0,"key":"REST"},{"data":"Accuracy","floor":32.0,"key":"SMITH"},{"floor":40.0,"key":"REST"},{"floor":42.0,"key":"REST"},{"floor":44.0,"key":"REST"},{"data":"Malaise","floor":49.0,"key":"SMITH"},{"data":"Envenom","floor":52.0,"key":"SMITH"}],"neow_cost":"NONE","seed_source_timestamp":2033902002415952,"circlet_count":0,"master_deck":["Defend_G","Defend_G","Defend_G","Defend_G","Defend_G","Strike_G","Strike_G","Strike_G","Strike_G","Survivor","Neutralize","Blade Dance","Leg Sweep","Noxious Fumes+1","Crippling Poison+1","Cloak And Dagger","Accuracy+1","Apotheosis+1","Cloak And Dagger","Corpse Explosion","Bouncing Flask","Heel Hook","Accuracy+1","Envenom+1","Malaise+1","Noxious Fumes+1","Deflect+1","Footwork","Crippling Poison","Cloak And Dagger+1","Deflect"],"special_seed":0,"relics":["Ring of the Snake","Bronze Scales","Question Card","Lizard Tail","Lantern","Nilry\u0027s Codex","Juzu Bracelet","WristBlade","Anchor","Nunchaku","Vajra"],"potions_floor_usage":[],"damage_taken":[{"damage":0.0,"enemies":"Jaw Worm","floor":1.0,"turns":3.0},{"damage":1.0,"enemies":"Small Slimes","floor":4.0,"turns":3.0},{"damage":45.0,"enemies":"3 Sentries","floor":6.0,"turns":13.0},{"damage":1.0,"enemies":"Cultist","floor":8.0,"turns":4.0},{"damage":5.0,"enemies":"3 Louse","floor":11.0,"turns":2.0},{"damage":2.0,"enemies":"Large Slime","floor":14.0,"turns":5.0},{"damage":4.0,"enemies":"Hexaghost","floor":16.0,"turns":9.0},{"damage":0.0,"enemies":"Spheric Guardian","floor":18.0,"turns":5.0},{"damage":2.0,"enemies":"3 Byrds","floor":20.0,"turns":3.0},{"damage":23.0,"enemies":"Centurion and Healer","floor":27.0,"turns":5.0},{"damage":60.0,"enemies":"Automaton","floor":33.0,"turns":11.0},{"damage":10.0,"enemies":"3 Darklings","floor":35.0,"turns":3.0},{"damage":35.0,"enemies":"Mind Bloom Boss Battle","floor":38.0,"turns":6.0},{"damage":14.0,"enemies":"Orb Walker","floor":41.0,"turns":4.0},{"damage":6.0,"enemies":"Maw","floor":47.0,"turns":6.0},{"damage":61.0,"enemies":"Awakened One","floor":50.0,"turns":13.0},{"damage":94,"enemies":"Shield and Spear","floor":54,"turns":5}],"seed_played":"-1345331050382898465","potions_obtained":[{"floor":6.0,"key":"Poison Potion"},{"floor":11.0,"key":"Block Potion"},{"floor":14.0,"key":"Block Potion"},{"floor":20.0,"key":"GhostInAJar"},{"floor":35.0,"key":"Poison Potion"},{"floor":41.0,"key":"GhostInAJar"}],"is_trial":false,"path_per_floor":["M","$","?","M","?","E","R","M","T","R","M","$","R","M","R","B",null,"M","$","M","?","?","R","?","R","T","M","R","?","$","$","R","B",null,"M","$","?","?","$","R","M","R","T","R","T","?","M","?","R","B",null,"R","$","E"],"character_chosen":"THE_SILENT","items_purchased":["Dagger Spray","Accuracy","Apotheosis","Lantern","Accuracy","Envenom","Anchor","Footwork","Deflect"],"campfire_rested":5,"item_purchase_floors":[2,12,12,19,30,31,36,39,53],"current_hp_per_floor":[77,77,66,65,65,20,20,19,19,19,14,14,14,12,35,31,77,77,77,75,75,59,59,59,59,59,36,59,59,59,59,59,38,77,67,67,67,32,32,55,41,64,64,77,77,77,71,71,71,10,77,77,77,0],"gold":5,"neow_bonus":"TEN_PERCENT_HP_BONUS","is_prod":false,"is_daily":false,"chose_seed":false,"campfire_upgraded":7,"win_rate":0,"timestamp":1556989295,"path_taken":["M","$","?","M","?","E","R","?","T","R","M","$","R","M","R","BOSS","M","$","M","?","?","R","?","R","T","M","R","?","?","$","R","BOSS","M","?","?","?","?","R","M","R","T","R","?","?","M","?","R","BOSS","R","$","E"],"build_version":"2019-01-23","purchased_purges":0,"victory":false,"max_hp_per_floor":[77,77,77,77,77,77,77,77,77,77,77,77,77,77,77,77,77,77,77,77,77,77,77,77,77,77,77,77,77,77,77,77,77,77,77,77,77,77,77,77,77,77,77,77,77,77,77,77,77,77,77,77,77,77],"card_choices":[{"not_picked":["Deflect","Deadly Poison"],"picked":"Blade Dance","floor":1.0},{"not_picked":["Backflip","Prepared"],"picked":"Leg Sweep","floor":4.0},{"not_picked":["Unload","Dagger Spray"],"picked":"Noxious Fumes","floor":6.0},{"not_picked":["Acrobatics","Flying Knee"],"picked":"Crippling Poison","floor":8.0},{"not_picked":["Slice","Deadly Poison","Predator"],"picked":"Cloak And Dagger","floor":11.0},{"not_picked":["Prepared","Sucker Punch","Wraith Form v2"],"picked":"Cloak And Dagger","floor":14.0},{"not_picked":["Die Die Die","Tools of the Trade","Grand Finale"],"picked":"Corpse Explosion","floor":16.0},{"not_picked":["Deflect","Dodge and Roll","Flying Knee"],"picked":"Bouncing Flask","floor":18.0},{"not_picked":["Bane","Slice+1","Dagger Spray"],"picked":"Heel Hook","floor":20.0},{"not_picked":["Outmaneuver","Night Terror","Calculated Gamble","PiercingWail"],"picked":"SKIP","floor":27.0},{"not_picked":["Bullet Time","Night Terror","Tools of the Trade"],"picked":"Malaise","floor":33.0},{"not_picked":["Dodge and Roll","Deadly Poison+1","Flying Knee"],"picked":"Noxious Fumes+1","floor":35.0},{"not_picked":["PiercingWail+1","Masterful Stab","Expertise+1"],"picked":"Deflect+1","floor":38.0},{"not_picked":["Eviscerate","Quick Slash+1","PiercingWail"],"picked":"Crippling Poison","floor":41.0},{"not_picked":["Dagger Spray+1","Blade Dance","Night Terror"],"picked":"Cloak And Dagger+1","floor":47.0}],"player_experience":260923,"relics_obtained":[{"floor":6.0,"key":"Bronze Scales"},{"floor":9.0,"key":"Question Card"},{"floor":22.0,"key":"Nilry\u0027s Codex"},{"floor":26.0,"key":"Juzu Bracelet"},{"floor":38.0,"key":"Nunchaku"},{"floor":45.0,"key":"Vajra"}],"event_choices":[{"damage_healed":0.0,"max_hp_gain":0.0,"max_hp_loss":0.0,"gold_gain":75.0,"event_name":"World of Goop","player_choice":"Gather Gold","floor":3.0,"gold_loss":0.0,"damage_taken":11.0},{"damage_healed":0.0,"max_hp_gain":0.0,"max_hp_loss":0.0,"gold_gain":0.0,"event_name":"NoteForYourself","player_choice":"Ignored","floor":5.0,"gold_loss":0.0,"damage_taken":0.0},{"damage_healed":0.0,"max_hp_gain":0.0,"max_hp_loss":0.0,"gold_gain":0.0,"event_name":"Beggar","player_choice":"Ignored","floor":21.0,"gold_loss":0.0,"damage_taken":0.0},{"damage_healed":0.0,"max_hp_gain":0.0,"max_hp_loss":0.0,"gold_gain":0.0,"event_name":"Cursed Tome","player_choice":"Obtained Book","floor":22.0,"gold_loss":0.0,"damage_taken":16.0},{"damage_healed":0.0,"max_hp_gain":0.0,"max_hp_loss":0.0,"gold_gain":200.0,"event_name":"Wheel of Change","player_choice":"Gold","floor":24.0,"gold_loss":0.0,"damage_taken":0.0},{"damage_healed":0.0,"max_hp_gain":0.0,"max_hp_loss":0.0,"gold_gain":0.0,"event_name":"N\u0027loth","player_choice":"Ignored","floor":29.0,"gold_loss":0.0,"damage_taken":0.0},{"damage_healed":0.0,"max_hp_gain":0.0,"max_hp_loss":0.0,"gold_gain":0.0,"event_name":"Mysterious Sphere","player_choice":"Ignored","floor":37.0,"gold_loss":0.0,"damage_taken":0.0},{"damage_healed":0.0,"max_hp_gain":0.0,"max_hp_loss":0.0,"gold_gain":0.0,"event_name":"MindBloom","player_choice":"Fight","floor":38.0,"gold_loss":0.0,"damage_taken":0.0},{"cards_removed":["Dagger Spray"],"damage_healed":0.0,"max_hp_gain":0.0,"max_hp_loss":0.0,"gold_gain":0.0,"event_name":"Falling","player_choice":"Removed Attack","floor":46.0,"gold_loss":0.0,"damage_taken":0.0},{"cards_removed":["Strike_G"],"damage_healed":0.0,"max_hp_gain":0.0,"max_hp_loss":0.0,"gold_gain":0.0,"event_name":"Purifier","player_choice":"Purged","floor":48.0,"gold_loss":0.0,"damage_taken":0.0}],"is_beta":false,"boss_relics":[{"not_picked":["Snecko Eye","Velvet Choker"],"picked":"Lizard Tail"},{"not_picked":["Orrery","White Beast Statue"],"picked":"WristBlade"}],"items_purged_floors":[],"is_endless":false,"potions_floor_spawned":[6,11,14,16,20,35,41],"killed_by":"Shield and Spear","ascension_level":0}