{"gold_per_floor":[119,131,131,131,148,182,201,217,217,217,142,142,155,76,76,76],"floor_reached":16,"playtime":339,"items_purged":["Strike_R"],"score":184,"play_id":"11ad4558-2d82-45ef-9e91-dcf0359a5a03","local_time":"20190507173820","is_ascension_mode":true,"campfire_choices":[{"floor":12,"key":"REST"},{"data":"Flame Barrier","floor":15,"key":"SMITH"}],"neow_cost":"NONE","seed_source_timestamp":203495748816900,"circlet_count":0,"master_deck":["AscendersBane","Strike_R","Strike_R+1","Strike_R","Strike_R","Defend_R","Defend_R","Defend_R","Defend_R","Bash","Rampage+1","Shrug It Off","Uppercut","Impervious","Shrug It Off","Flame Barrier+1"],"relics":["Burning Blood","NeowsBlessing","Bag of Preparation","Bottled Flame","Prayer Wheel"],"potions_floor_usage":[16,16],"damage_taken":[{"damage":0,"enemies":"2 Louse","floor":1,"turns":1},{"damage":0,"enemies":"Jaw Worm","floor":2,"turns":1},{"damage":0,"enemies":"Small Slimes","floor":5,"turns":1},{"damage":20,"enemies":"Gremlin Nob","floor":6,"turns":4},{"damage":14,"enemies":"Exordium Wildlife","floor":7,"turns":5},{"damage":25,"enemies":"Exordium Thugs","floor":8,"turns":4},{"damage":7,"enemies":"Looter","floor":13,"turns":4},{"damage":42,"enemies":"The Guardian","floor":16,"turns":14}],"seed_played":"3798662324711767177","potions_obtained":[{"floor":1,"key":"Dexterity Potion"},{"floor":8,"key":"SteroidPotion"},{"floor":13,"key":"BloodPotion"}],"is_trial":false,"path_per_floor":["M","M","?","?","M","E","M","M","T","?","$","R","M","$","R","B"],"character_chosen":"IRONCLAD","items_purchased":["Flame Barrier"],"campfire_rested":1,"item_purchase_floors":[14],"current_hp_per_floor":[74,75,80,69,75,61,53,34,34,10,10,34,33,33,33,0],"gold":76,"neow_bonus":"THREE_ENEMY_KILL","is_prod":false,"is_daily":false,"chose_seed":false,"campfire_upgraded":1,"win_rate":0,"timestamp":1557221900,"path_taken":["M","M","?","?","M","E","M","M","T","?","?","R","M","$","R","BOSS"],"build_version":"2019-01-23","purchased_purges":1,"victory":false,"max_hp_per_floor":[75,75,80,80,80,80,80,80,80,80,80,80,80,80,80,80],"card_choices":[{"not_picked":["Pommel Strike","Thunderclap"],"picked":"Rampage","floor":1},{"not_picked":["Havoc","Power Through","Cleave"],"picked":"SKIP","floor":2},{"not_picked":["Rampage","Cleave","Carnage"],"picked":"SKIP","floor":5},{"not_picked":["Perfected Strike","Twin Strike"],"picked":"Shrug It Off","floor":6},{"not_picked":["Spot Weakness","Body Slam"],"picked":"Uppercut","floor":7},{"not_picked":["Intimidate","Clash"],"picked":"Impervious","floor":8},{"not_picked":["Dual Wield","Clothesline"],"picked":"Shrug It Off","floor":13},{"not_picked":["Clash","Uppercut","Heavy Blade"],"picked":"SKIP","floor":13}],"player_experience":578973,"relics_obtained":[{"floor":6,"key":"Bottled Flame"},{"floor":9,"key":"Prayer Wheel"}],"event_choices":[{"damage_healed":0,"gold_gain":0,"player_choice":"Donut","damage_taken":0,"max_hp_gain":5,"max_hp_loss":0,"event_name":"Big Fish","floor":3,"gold_loss":0},{"damage_healed":0,"gold_gain":0,"player_choice":"Success","damage_taken":11,"relics_obtained":["Bag of Preparation"],"max_hp_gain":0,"max_hp_loss":0,"event_name":"Scrap Ooze","floor":4,"gold_loss":0},{"damage_healed":0,"gold_gain":0,"player_choice":"Entered Light","damage_taken":24,"max_hp_gain":0,"max_hp_loss":0,"event_name":"Shining Light","floor":10,"gold_loss":0,"cards_upgraded":["Rampage","Strike_R"]}],"is_beta":false,"boss_relics":[],"items_purged_floors":[11],"is_endless":false,"potions_floor_spawned":[1,8,13],"killed_by":"The Guardian","ascension_level":16}