{"gold_per_floor":[113,113,288,300,300,300,327,327,351,361,393,393,428,14,14,119,119,133,160,160,435,13,13,44,56,135,150,179,198,198,228,228,324,324,341,341,341,24,24,57,74,104,130,147,147,247,247,1,1,1,1,1,1,33,33],"floor_reached":55,"playtime":3297,"items_purged":["Doubt","Regret"],"score":1109,"play_id":"a5db7209-66b7-41ee-b4b4-5b627e5326d2","local_time":"20190319171536","is_ascension_mode":true,"campfire_choices":[{"data":"Neutralize","floor":6,"key":"SMITH"},{"data":"Adrenaline","floor":8,"key":"SMITH"},{"data":"Cloak And Dagger","floor":15,"key":"SMITH"},{"data":"Envenom","floor":23,"key":"SMITH"},{"floor":32,"key":"REST"},{"floor":45,"key":"REST"},{"floor":47,"key":"RECALL"},{"data":"Apotheosis","floor":49,"key":"SMITH"},{"data":"Accuracy","floor":52,"key":"SMITH"}],"neow_cost":"NONE","seed_source_timestamp":546284321791201,"circlet_count":0,"master_deck":["Survivor+1","Neutralize+1","Escape Plan","Flying Knee","Adrenaline+1","Cloak And Dagger+1","Eviscerate","Finisher+1","Corpse Explosion","Tools of the Trade","Accuracy+1","Dagger Spray+1","Envenom+1","Flechettes","Crippling Poison","Storm of Steel","Terror","Tactician","Night Terror","Outmaneuver","Noxious Fumes","Flechettes","Quick Slash+1","Prepared+1","Phantasmal Killer","Well Laid Plans","Unload","Cloak And Dagger+1","Apotheosis+1","PiercingWail","Dagger Throw","Prepared+1","Tactician+1","Catalyst","Dodge and Roll","Well Laid Plans","Blade Dance"],"relics":["Ring of the Snake","NeowsBlessing","Art of War","Boot","Ninja Scroll","Snake Skull","TwistedFunnel","Pandora\u0027s Box","Potion Belt","Membership Card","Whetstone","Orichalcum","Happy Flower","Mummified Hand","Smiling Mask","Ancient Tea Set","Eternal Feather","PreservedInsect","Mango","Bottled Flame","Incense Burner","Blood Vial","Thread and Needle","Pen Nib","Omamori","Letter Opener"],"potions_floor_usage":[11,13,25,31,31,33,41,50,50,54,55],"damage_taken":[{"damage":0,"enemies":"Jaw Worm","floor":1,"turns":1},{"damage":0,"enemies":"Small Slimes","floor":4,"turns":1},{"damage":0,"enemies":"Gremlin Nob","floor":7,"turns":1},{"damage":0,"enemies":"Cultist","floor":10,"turns":3},{"damage":24,"enemies":"3 Sentries","floor":11,"turns":14},{"damage":4,"enemies":"Lagavulin","floor":13,"turns":4},{"damage":18,"enemies":"Hexaghost","floor":16,"turns":11},{"damage":2,"enemies":"Chosen","floor":18,"turns":3},{"damage":14,"enemies":"Slavers","floor":24,"turns":2},{"damage":5,"enemies":"2 Thieves","floor":25,"turns":2},{"damage":0,"enemies":"3 Cultists","floor":27,"turns":1},{"damage":0,"enemies":"Gremlin Leader","floor":28,"turns":2},{"damage":0,"enemies":"Sentry and Sphere","floor":29,"turns":2},{"damage":10,"enemies":"Slavers","floor":31,"turns":2},{"damage":42,"enemies":"Collector","floor":33,"turns":5},{"damage":3,"enemies":"3 Shapes","floor":35,"turns":4},{"damage":3,"enemies":"Giant Head","floor":40,"turns":4},{"damage":6,"enemies":"Orb Walker","floor":41,"turns":2},{"damage":27,"enemies":"Nemesis","floor":42,"turns":5},{"damage":22,"enemies":"Writhing Mass","floor":44,"turns":3},{"damage":18,"enemies":"Mind Bloom Boss Battle","floor":46,"turns":4},{"damage":71,"enemies":"Awakened One","floor":50,"turns":6},{"damage":19,"enemies":"Shield and Spear","floor":54,"turns":2},{"damage":67,"enemies":"The Heart","floor":55,"turns":4}],"seed_played":"909165027887412997","potions_obtained":[{"floor":1,"key":"SteroidPotion"},{"floor":10,"key":"Fire Potion"},{"floor":16,"key":"Strength Potion"},{"floor":18,"key":"FearPotion"},{"floor":28,"key":"Swift Potion"},{"floor":31,"key":"Strength Potion"},{"floor":40,"key":"AttackPotion"},{"floor":46,"key":"SkillPotion"},{"floor":54,"key":"Weak Potion"}],"is_trial":false,"path_per_floor":["M","?","?","M","?","R","E","R","T","M","E","?","E","$","R","B",null,"M","T","$","?","$","R","E","M","T","M","E","M","?","E","R","B",null,"M","?","?","$","?","E","M","E","T","M","R","?","R","$","R","B",null,"R","$","E","B"],"character_chosen":"THE_SILENT","items_purchased":["TwistedFunnel","Corpse Explosion","Membership Card","Whetstone","Orichalcum","Noxious Fumes","Apotheosis","PreservedInsect","Mango","Pen Nib","Well Laid Plans","Omamori","AttackPotion","Energy Potion"],"campfire_rested":2,"item_purchase_floors":[14,14,22,22,22,22,38,38,38,48,48,48,48,48],"current_hp_per_floor":[70,70,70,70,56,56,56,56,56,56,32,32,28,28,28,10,70,68,68,68,68,68,68,54,49,49,49,49,49,49,39,60,18,70,67,67,67,81,81,78,72,45,45,25,68,52,73,73,84,13,84,84,84,65,0],"gold":33,"neow_bonus":"THREE_ENEMY_KILL","is_prod":false,"is_daily":false,"chose_seed":false,"campfire_upgraded":6,"win_rate":0,"timestamp":1553040936,"path_taken":["M","?","?","?","?","R","E","R","T","M","E","?","E","?","R","BOSS","M","?","?","?","$","R","E","?","T","M","E","M","?","E","R","BOSS","M","?","?","$","?","E","?","E","T","M","R","?","R","?","R","BOSS","R","$","E","BOSS"],"build_version":"2019-01-23","purchased_purges":2,"victory":false,"max_hp_per_floor":[70,70,70,70,70,70,70,70,70,70,70,70,70,70,70,70,70,70,70,70,70,70,70,70,70,70,70,70,70,70,70,70,70,70,70,70,70,84,84,84,84,84,84,84,84,84,84,84,84,84,84,84,84,84,84],"card_choices":[{"not_picked":["Calculated Gamble","Slice"],"picked":"Escape Plan","floor":1},{"not_picked":["Expertise","Accuracy"],"picked":"Flying Knee","floor":4},{"not_picked":["Flying Knee","Distraction"],"picked":"Adrenaline","floor":7},{"not_picked":["Endless Agony","Deflect"],"picked":"Cloak And Dagger","floor":10},{"not_picked":["Acrobatics","Dodge and Roll"],"picked":"Eviscerate","floor":11},{"not_picked":["Cloak And Dagger","Reflex"],"picked":"Finisher","floor":13},{"not_picked":["Adrenaline","Burst"],"picked":"Tools of the Trade","floor":16},{"not_picked":["Caltrops","Calculated Gamble"],"picked":"Outmaneuver","floor":18},{"not_picked":["Caltrops","Poisoned Stab"],"picked":"Flechettes","floor":24},{"not_picked":["Backflip","Dagger Throw"],"picked":"Quick Slash+1","floor":25},{"not_picked":["Tactician","Acrobatics"],"picked":"Prepared+1","floor":27},{"not_picked":["Slice","Underhanded Strike"],"picked":"Phantasmal Killer","floor":28},{"not_picked":["Poisoned Stab+1","Flechettes"],"picked":"Well Laid Plans","floor":29},{"not_picked":["Riddle With Holes","Quick Slash"],"picked":"Masterful Stab+1","floor":31},{"not_picked":["Phantasmal Killer","Doppelganger"],"picked":"Unload","floor":33},{"not_picked":["Slice","Crippling Poison+1"],"picked":"Cloak And Dagger+1","floor":35},{"not_picked":["Sucker Punch+1","Leg Sweep"],"picked":"Dagger Throw","floor":40},{"not_picked":["Outmaneuver+1","Finisher"],"picked":"Prepared+1","floor":41},{"not_picked":["Expertise+1","Skewer+1"],"picked":"Tactician+1","floor":42},{"not_picked":["Blade Dance","Glass Knife"],"picked":"Catalyst","floor":44},{"not_picked":["Calculated Gamble","Quick Slash"],"picked":"Dodge and Roll","floor":46},{"not_picked":["Calculated Gamble+1","Predator"],"picked":"Blade Dance","floor":54}],"player_experience":330205,"relics_obtained":[{"floor":7,"key":"Art of War"},{"floor":11,"key":"Boot"},{"floor":13,"key":"Snake Skull"},{"floor":19,"key":"Potion Belt"},{"floor":24,"key":"Happy Flower"},{"floor":26,"key":"Mummified Hand"},{"floor":28,"key":"Smiling Mask"},{"floor":31,"key":"Ancient Tea Set"},{"floor":40,"key":"Bottled Flame"},{"floor":42,"key":"Incense Burner"},{"floor":43,"key":"Blood Vial"},{"floor":46,"key":"Thread and Needle"},{"floor":54,"key":"Letter Opener"}],"event_choices":[{"damage_healed":0,"gold_gain":0,"player_choice":"Leave","damage_taken":0,"max_hp_gain":0,"max_hp_loss":0,"event_name":"The Cleric","floor":2,"gold_loss":0},{"damage_healed":0,"gold_gain":175,"player_choice":"AGREE","damage_taken":0,"max_hp_gain":0,"max_hp_loss":0,"event_name":"Liars Game","floor":3,"gold_loss":0,"cards_obtained":["Doubt"]},{"damage_healed":0,"gold_gain":0,"player_choice":"Entered Light","damage_taken":14,"max_hp_gain":0,"max_hp_loss":0,"event_name":"Shining Light","floor":5,"gold_loss":0,"cards_upgraded":["Survivor","Defend_G"]},{"damage_healed":0,"gold_gain":0,"player_choice":"Searched \u00271\u0027 times","damage_taken":0,"relics_obtained":["Ninja Scroll"],"max_hp_gain":0,"max_hp_loss":0,"event_name":"Dead Adventurer","floor":12,"gold_loss":0},{"damage_healed":0,"gold_gain":275,"player_choice":"Desecrate","damage_taken":0,"max_hp_gain":0,"max_hp_loss":0,"event_name":"Golden Shrine","floor":21,"gold_loss":0,"cards_obtained":["Regret"]},{"damage_healed":0,"gold_gain":0,"player_choice":"Ignored","damage_taken":0,"max_hp_gain":0,"max_hp_loss":0,"event_name":"Beggar","floor":30,"gold_loss":0},{"damage_healed":0,"gold_gain":0,"player_choice":"Ignored","damage_taken":0,"max_hp_gain":0,"max_hp_loss":0,"event_name":"Tomb of Lord Red Mask","floor":36,"gold_loss":0},{"cards_removed":["Masterful Stab"],"damage_healed":0,"gold_gain":0,"player_choice":"Removed Attack","damage_taken":0,"max_hp_gain":0,"max_hp_loss":0,"event_name":"Falling","floor":37,"gold_loss":0},{"damage_healed":0,"gold_gain":0,"cards_transformed":["Leg Sweep"],"player_choice":"Transformed","damage_taken":0,"max_hp_gain":0,"max_hp_loss":0,"event_name":"Transmorgrifier","floor":39,"gold_loss":0,"cards_obtained":["PiercingWail"]},{"damage_healed":0,"gold_gain":0,"player_choice":"Fight","damage_taken":0,"max_hp_gain":0,"max_hp_loss":0,"event_name":"MindBloom","floor":46,"gold_loss":0}],"is_beta":false,"boss_relics":[{"not_picked":["Runic Dome","Busted Crown"],"picked":"Pandora\u0027s Box"},{"not_picked":["Astrolabe","Calling Bell"],"picked":"Eternal Feather"}],"items_purged_floors":[14,22],"is_endless":false,"potions_floor_spawned":[1,10,16,18,28,31,40,46,54],"killed_by":"The Heart","ascension_level":4}