{"path_per_floor":["M","?","?","$","M","E","R","M","T","E","T","$","E","M","R","B",null,"M","$","?","M","M","R","M","E","T","E","?","M","?","E","R","B",null,"M","$","?","M","?","R","E","M","T","M","M","R","E","$","R","B"],"character_chosen":"THE_SILENT","items_purchased":["Wraith Form v2","Dexterity Potion","Ice Cream","GamblersBrew"],"gold_per_floor":[112,62,62,62,81,106,106,120,120,149,201,46,77,93,93,189,189,176,28,28,43,57,57,75,104,158,189,289,302,302,331,331,435,435,451,20,20,34,34,34,60,73,97,107,123,123,148,71,71,71],"floor_reached":51,"campfire_rested":1,"playtime":2627,"item_purchase_floors":[12,19,36,48],"current_hp_per_floor":[61,61,66,66,65,48,48,43,43,35,35,35,16,28,48,39,93,88,88,88,88,85,85,76,60,60,52,52,56,56,58,58,58,93,93,93,81,79,79,79,79,79,79,79,79,79,69,69,69,84],"items_purged":["Strike_G","Doubt","Injury"],"gold":71,"score":1033,"play_id":"2fcad029-7f67-472b-bd79-a95263db16e1","local_time":"20180529004516","is_prod":false,"is_daily":false,"chose_seed":false,"is_ascension_mode":true,"campfire_upgraded":6,"win_rate":0,"timestamp":1527525916,"campfire_choices":[{"data":"Bouncing Flask","floor":7,"key":"SMITH"},{"floor":15,"key":"REST"},{"data":"Wraith Form v2","floor":23,"key":"SMITH"},{"data":"Deadly Poison","floor":32,"key":"SMITH"},{"data":"Burst","floor":40,"key":"SMITH"},{"data":"Prepared","floor":46,"key":"SMITH"},{"data":"Well Laid Plans","floor":49,"key":"SMITH"}],"path_taken":["M","?","?","?","M","E","R","M","T","E","?","$","E","?","R","BOSS","M","$","?","?","M","R","M","E","T","E","?","M","?","E","R","BOSS","M","$","?","M","?","R","E","M","T","M","?","R","E","?","R","BOSS"],"build_version":"2018-05-24","seed_source_timestamp":57174339727179,"purchased_purges":3,"victory":true,"master_deck":["Defend_G","Defend_G","Defend_G","Defend_G","Strike_G+1","Strike_G+1","Survivor+1","Neutralize","Crippling Poison","Tools of the Trade","Bouncing Flask+1","Poisoned Stab","Prepared+1","Blur","Wraith Form v2+1","Escape Plan+1","Clumsy","Escape Plan+1","Backstab","Deadly Poison+1","Deadly Poison","Backflip","Noxious Fumes","Burst+1","Backflip+1","Madness","Madness","Malaise+1","Wraith Form v2+1","Corpse Explosion","Catalyst","Catalyst+1","Well Laid Plans+1"],"max_hp_per_floor":[63,63,68,68,68,68,68,68,68,68,68,68,68,68,68,68,93,93,93,93,93,93,93,93,93,93,93,93,93,93,93,93,93,93,93,93,93,93,93,93,93,93,93,93,93,93,93,93,93,93],"relics":["Ring of the Snake","Meat on the Bone","Vajra","Ornamental Fan","Whetstone","Darkstone Periapt","Calling Bell","Strawberry","Paper Crane","Sundial","War Paint","Pen Nib","Orichalcum","Bag of Preparation","Runic Dome","Ice Cream","Oddly Smooth Stone","Snake Skull","Dream Catcher"],"card_choices":[{"not_picked":["Dodge and Roll","Calculated Gamble"],"picked":"Bouncing Flask","floor":1},{"not_picked":["Dagger Throw","Leg Sweep","Deflect"],"picked":"SKIP","floor":5},{"not_picked":["Expertise","Outmaneuver"],"picked":"Poisoned Stab","floor":6},{"not_picked":["Endless Agony","Flying Knee"],"picked":"Prepared","floor":8},{"not_picked":["Flying Knee","Dash"],"picked":"Blur","floor":10},{"not_picked":["Dagger Spray","Deflect","Flying Knee"],"picked":"SKIP","floor":13},{"not_picked":["Deflect","Concentrate"],"picked":"Escape Plan","floor":14},{"not_picked":["Deflect","Calculated Gamble"],"picked":"Escape Plan+1","floor":18},{"not_picked":["PiercingWail","Masterful Stab","Flying Knee"],"picked":"SKIP","floor":21},{"not_picked":["Poisoned Stab","Sucker Punch","Caltrops+1"],"picked":"SKIP","floor":22},{"not_picked":["Deflect+1","Sucker Punch"],"picked":"Backstab","floor":24},{"not_picked":["Backflip","Grand Finale"],"picked":"Deadly Poison","floor":25},{"not_picked":["Bouncing Flask","Quick Slash"],"picked":"Deadly Poison","floor":27},{"not_picked":["All Out Attack","Flying Knee+1"],"picked":"Backflip","floor":29},{"not_picked":["Heel Hook+1","Envenom"],"picked":"Noxious Fumes","floor":31},{"not_picked":["A Thousand Cuts","Envenom"],"picked":"Burst","floor":33},{"not_picked":["Concentrate","Backstab"],"picked":"Backflip+1","floor":35},{"not_picked":["Underhanded Strike","Poisoned Stab"],"picked":"Malaise+1","floor":38},{"not_picked":["Predator+1","Dodge and Roll+1","Poisoned Stab"],"picked":"SKIP","floor":41},{"not_picked":["Poisoned Stab+1","Outmaneuver+1"],"picked":"Corpse Explosion","floor":42},{"not_picked":["Slice+1","Cloak And Dagger+1"],"picked":"Catalyst","floor":44},{"not_picked":["Infinite Blades+1","Outmaneuver+1"],"picked":"Catalyst+1","floor":45},{"not_picked":["Terror","Reflex+1"],"picked":"Well Laid Plans","floor":47}],"player_experience":193017,"potions_floor_usage":[6,10,16,24,25,27,27,27,35,50,50,50],"damage_taken":[{"damage":2,"enemies":"Small Slimes","floor":1,"turns":4},{"damage":1,"enemies":"Jaw Worm","floor":5,"turns":3},{"damage":17,"enemies":"Lagavulin","floor":6,"turns":5},{"damage":5,"enemies":"2 Louse","floor":8,"turns":4},{"damage":35,"enemies":"3 Sentries","floor":10,"turns":7},{"damage":31,"enemies":"Gremlin Nob","floor":13,"turns":4},{"damage":0,"enemies":"Large Slime","floor":14,"turns":3},{"damage":21,"enemies":"Hexaghost","floor":16,"turns":7},{"damage":5,"enemies":"2 Thieves","floor":18,"turns":5},{"damage":0,"enemies":"Spheric Guardian","floor":21,"turns":5},{"damage":3,"enemies":"Snake Plant","floor":22,"turns":4},{"damage":9,"enemies":"Cultist and Chosen","floor":24,"turns":7},{"damage":16,"enemies":"Gremlin Leader","floor":25,"turns":8},{"damage":20,"enemies":"Slavers","floor":27,"turns":7},{"damage":8,"enemies":"3 Cultists","floor":29,"turns":6},{"damage":10,"enemies":"Book of Stabbing","floor":31,"turns":6},{"damage":12,"enemies":"Champ","floor":33,"turns":13},{"damage":0,"enemies":"Orb Walker","floor":35,"turns":4},{"damage":2,"enemies":"3 Shapes","floor":38,"turns":5},{"damage":0,"enemies":"Giant Head","floor":41,"turns":9},{"damage":0,"enemies":"3 Darklings","floor":42,"turns":5},{"damage":0,"enemies":"Maw","floor":44,"turns":7},{"damage":0,"enemies":"Sphere and 2 Shapes","floor":45,"turns":5},{"damage":10,"enemies":"Nemesis","floor":47,"turns":5},{"damage":0,"enemies":"Donu and Deca","floor":50,"turns":6}],"relics_obtained":[{"floor":6,"key":"Meat on the Bone"},{"floor":9,"key":"Vajra"},{"floor":10,"key":"Ornamental Fan"},{"floor":11,"key":"Whetstone"},{"floor":13,"key":"Darkstone Periapt"},{"floor":17,"key":"Strawberry"},{"floor":17,"key":"Paper Crane"},{"floor":17,"key":"Sundial"},{"floor":25,"key":"War Paint"},{"floor":26,"key":"Pen Nib"},{"floor":27,"key":"Orichalcum"},{"floor":31,"key":"Bag of Preparation"},{"floor":41,"key":"Oddly Smooth Stone"},{"floor":43,"key":"Snake Skull"},{"floor":47,"key":"Dream Catcher"}],"event_choices":[{"event_name":"The Cleric","player_choice":"Card Removal","floor":2,"damage_taken":0},{"event_name":"Big Fish","player_choice":"Donut","floor":3,"damage_taken":0},{"event_name":"Vampires","player_choice":"Ignored","floor":20,"damage_taken":0},{"event_name":"Golden Shrine","player_choice":"Pray","floor":28,"damage_taken":0},{"event_name":"Ghosts","player_choice":"Ignored","floor":30,"damage_taken":0},{"event_name":"Winding Halls","player_choice":"Embrace Madness","floor":37,"damage_taken":0},{"event_name":"Duplicator","player_choice":"One dupe","floor":39,"damage_taken":0}],"boss_relics":[{"not_picked":["Philosopher\u0027s Stone","Runic Pyramid"],"picked":"Calling Bell"},{"not_picked":["White Beast Statue","Velvet Choker"],"picked":"Runic Dome"}],"items_purged_floors":[12,19,36],"potions_floor_spawned":[1,8,13,18,21,25,27,33,38,41,42],"seed_played":"-929556523412328856","ascension_level":3,"potions_obtained":[{"floor":1,"key":"SteroidPotion"},{"floor":8,"key":"Regen Potion"},{"floor":13,"key":"Poison Potion"},{"floor":18,"key":"EntropicBrew"},{"floor":21,"key":"Explosive Potion"},{"floor":25,"key":"Weak Potion"},{"floor":27,"key":"Ancient Potion"},{"floor":33,"key":"Regen Potion"},{"floor":38,"key":"Explosive Potion"},{"floor":42,"key":"Poison Potion"}],"is_trial":false}