{"gold_per_floor":[169,169,101,101,113,113,213,242,266,281,312,45,45,101,101,201,201,221,235,249,249,259,259,286,286,286,286,321,236,256,267,267,367,367,386,397,397,407,407,407,181,195,195,212,16,16],"floor_reached":46,"playtime":4270,"items_purged":[],"score":516,"play_id":"a0370977-e330-4eb4-b7be-e37151da0650","local_time":"20181231002316","is_ascension_mode":true,"campfire_choices":[{"floor":6,"key":"RECALL"},{"data":"Sucker Punch","floor":13,"key":"SMITH"},{"floor":15,"key":"REST"},{"floor":23,"key":"REST"},{"floor":25,"key":"REST"},{"floor":27,"key":"REST"},{"floor":32,"key":"REST"},{"data":"A Thousand Cuts","floor":40,"key":"SMITH"}],"neow_cost":"NONE","seed_source_timestamp":97387653081296,"circlet_count":0,"master_deck":["Defend_G","Defend_G","Defend_G+1","Defend_G","Defend_G","Strike_G","Strike_G","Strike_G+1","Strike_G","Survivor","Neutralize","Sucker Punch+1","Predator","Escape Plan","Dagger Throw","After Image","Deflect+1","All Out Attack","Quick Slash","Die Die Die","Outmaneuver+1","Flechettes","Cloak And Dagger","Slice","PiercingWail+1","Dagger Throw+1","Skewer+1","Deflect+1","A Thousand Cuts+1","Riddle With Holes+1","Cloak And Dagger","Distraction+1","Flash of Steel","Slice+1"],"relics":["Tiny House","Gremlin Horn","Thread and Needle","Sundial","Tiny Chest","Philosopher\u0027s Stone","Blood Vial","Torii","Pen Nib","Centennial Puzzle","Eternal Feather","Oddly Smooth Stone","Meat on the Bone","War Paint"],"potions_floor_usage":[8,8,16,16,38,42,42,46,46],"damage_taken":[{"damage":0,"enemies":"2 Louse","floor":1,"turns":3},{"damage":3,"enemies":"Jaw Worm","floor":5,"turns":3},{"damage":4,"enemies":"Lagavulin","floor":8,"turns":8},{"damage":1,"enemies":"Cultist","floor":10,"turns":3},{"damage":16,"enemies":"Gremlin Nob","floor":11,"turns":5},{"damage":49,"enemies":"Hexaghost","floor":16,"turns":15},{"damage":7,"enemies":"Spheric Guardian","floor":18,"turns":5},{"damage":0,"enemies":"Chosen","floor":19,"turns":5},{"damage":4,"enemies":"Snecko","floor":20,"turns":6},{"damage":13,"enemies":"Shelled Parasite and Fungi","floor":22,"turns":7},{"damage":55,"enemies":"Slavers","floor":24,"turns":6},{"damage":5,"enemies":"Book of Stabbing","floor":28,"turns":8},{"damage":8,"enemies":"Snake Plant","floor":30,"turns":5},{"damage":1,"enemies":"3 Cultists","floor":31,"turns":4},{"damage":48,"enemies":"Collector","floor":33,"turns":12},{"damage":0,"enemies":"3 Darklings","floor":35,"turns":5},{"damage":7,"enemies":"Orb Walker","floor":36,"turns":3},{"damage":32,"enemies":"Transient","floor":38,"turns":5},{"damage":1,"enemies":"Maw","floor":42,"turns":7},{"damage":37,"enemies":"Spire Growth","floor":44,"turns":6},{"damage":78,"enemies":"Giant Head","floor":46,"turns":10}],"seed_played":"-6138793227277891301","potions_obtained":[{"floor":0,"key":"Block Potion"},{"floor":4,"key":"Block Potion"},{"floor":4,"key":"SteroidPotion"},{"floor":11,"key":"Strength Potion"},{"floor":19,"key":"SmokeBomb"},{"floor":28,"key":"Energy Potion"},{"floor":31,"key":"Fire Potion"},{"floor":35,"key":"SteroidPotion"},{"floor":38,"key":"PowerPotion"}],"is_trial":false,"path_per_floor":["M","?","$","?","M","R","?","E","T","M","E","$","R","T","R","B",null,"M","M","M","$","M","R","E","R","T","R","E","?","M","M","R","B",null,"M","M","?","M","?","R","$","M","T","M","$","E"],"character_chosen":"THE_SILENT","items_purchased":["Escape Plan","Sundial","Quick Slash","Oddly Smooth Stone","Flash of Steel","War Paint","Dexterity Potion"],"campfire_rested":5,"item_purchase_floors":[3,12,12,41,41,45,45],"current_hp_per_floor":[75,75,75,75,72,72,72,68,68,67,51,51,51,51,73,24,75,68,68,64,64,51,73,18,40,40,62,59,59,53,54,75,27,75,75,68,68,38,85,85,85,84,84,48,48,0],"gold":16,"neow_bonus":"BOSS_RELIC","is_prod":false,"is_daily":false,"chose_seed":false,"campfire_upgraded":2,"win_rate":0,"timestamp":1546233796,"path_taken":["M","?","$","?","?","R","?","E","T","M","E","?","R","?","R","BOSS","M","M","M","$","?","R","E","R","T","R","E","?","M","M","R","BOSS","M","M","?","?","?","R","$","?","T","M","$","E"],"build_version":"2018-12-20","purchased_purges":0,"victory":false,"max_hp_per_floor":[75,75,75,75,75,75,75,75,75,75,75,75,75,75,75,75,75,75,75,75,75,75,75,75,75,75,75,75,75,75,75,75,75,75,75,75,75,75,85,85,85,85,85,85,85,85],"card_choices":[{"not_picked":["Underhanded Strike","Deflect"],"picked":"Sucker Punch","floor":0},{"not_picked":["Reflex","Underhanded Strike"],"picked":"Predator","floor":1},{"not_picked":["Underhanded Strike","Slice"],"picked":"Dagger Throw","floor":5},{"not_picked":["Terror","Choke"],"picked":"After Image","floor":8},{"not_picked":["Deadly Poison","Blade Dance"],"picked":"Deflect","floor":10},{"not_picked":["Noxious Fumes","Eviscerate"],"picked":"All Out Attack","floor":11},{"not_picked":["After Image","Bullet Time"],"picked":"Die Die Die","floor":16},{"not_picked":["Blade Dance","Acrobatics"],"picked":"Outmaneuver+1","floor":18},{"not_picked":["Eviscerate","Dagger Spray"],"picked":"Flechettes","floor":19},{"not_picked":["Dagger Spray+1","Caltrops"],"picked":"Cloak And Dagger","floor":20},{"not_picked":["Dagger Throw","Acrobatics"],"picked":"Slice","floor":22},{"not_picked":["After Image","Eviscerate"],"picked":"PiercingWail+1","floor":24},{"not_picked":["Endless Agony+1","Outmaneuver"],"picked":"Dagger Throw+1","floor":28},{"not_picked":["Masterful Stab+1","Blur"],"picked":"Skewer+1","floor":30},{"not_picked":["Prepared","Backstab"],"picked":"Deflect+1","floor":31},{"not_picked":["Adrenaline","After Image"],"picked":"A Thousand Cuts","floor":33},{"not_picked":["Dodge and Roll+1","Poisoned Stab"],"picked":"Riddle With Holes+1","floor":35},{"not_picked":["Infinite Blades+1","Bouncing Flask+1"],"picked":"Cloak And Dagger","floor":36},{"not_picked":["Tactician+1","Acrobatics"],"picked":"Distraction+1","floor":38},{"not_picked":["Dodge and Roll+1","Deadly Poison+1","Outmaneuver"],"picked":"SKIP","floor":42},{"not_picked":["Dagger Spray","Poisoned Stab+1"],"picked":"Slice+1","floor":44}],"player_experience":83408,"relics_obtained":[{"floor":8,"key":"Gremlin Horn"},{"floor":11,"key":"Thread and Needle"},{"floor":14,"key":"Tiny Chest"},{"floor":24,"key":"Blood Vial"},{"floor":26,"key":"Torii"},{"floor":28,"key":"Pen Nib"},{"floor":43,"key":"Meat on the Bone"}],"event_choices":[{"damage_healed":0,"gold_gain":0,"player_choice":"Ignored","damage_taken":0,"max_hp_gain":0,"max_hp_loss":0,"event_name":"Liars Game","floor":2,"gold_loss":0},{"damage_healed":0,"gold_gain":0,"player_choice":"Got Potions","damage_taken":0,"max_hp_gain":0,"max_hp_loss":0,"event_name":"Lab","floor":4,"gold_loss":0},{"damage_healed":0,"gold_gain":100,"player_choice":"Pray","damage_taken":0,"max_hp_gain":0,"max_hp_loss":0,"event_name":"Golden Shrine","floor":7,"gold_loss":0},{"damage_healed":0,"gold_gain":0,"player_choice":"Obtained Relic","damage_taken":0,"relics_obtained":["Centennial Puzzle"],"max_hp_gain":0,"max_hp_loss":0,"event_name":"Addict","floor":29,"gold_loss":85},{"damage_healed":0,"gold_gain":0,"cards_transformed":["Strike_G"],"player_choice":"Transformed","damage_taken":0,"max_hp_gain":0,"max_hp_loss":0,"event_name":"Transmorgrifier","floor":37,"gold_loss":0,"cards_obtained":["Night Terror"]},{"cards_removed":["Night Terror"],"damage_healed":37,"gold_gain":0,"player_choice":"Offered Rare","damage_taken":0,"max_hp_gain":10,"max_hp_loss":0,"event_name":"Bonfire Elementals","floor":39,"gold_loss":0}],"is_beta":false,"boss_relics":[{"not_picked":["Empty Cage","WristBlade"],"picked":"Philosopher\u0027s Stone"},{"not_picked":["Pandora\u0027s Box","Snecko Eye"],"picked":"Eternal Feather"}],"items_purged_floors":[],"is_endless":false,"potions_floor_spawned":[11,19,28,31,33,35,38],"killed_by":"Giant Head","ascension_level":1}