{"path_per_floor":["M","?","M","M","?","R","?","E","T","$","M","T","E","M","R","B",null,"M","?","M","$","M","R","M","M","T","R","M","?","T","$","R","B",null,"M","$","M","?","M","E","$","M","T","R","M","M","R","?","R","B"],"character_chosen":"THE_SILENT","items_purchased":["Acrobatics","PiercingWail","Blur","Prepared","Poison Potion","Fire Potion"],"gold_per_floor":[115,65,78,90,90,90,90,116,116,41,56,56,88,106,106,202,202,221,221,201,52,64,64,82,92,139,139,159,159,205,26,26,128,128,144,42,62,62,79,134,33,43,70,70,87,102,102,102,102,102],"floor_reached":51,"campfire_rested":4,"playtime":3892,"current_hp_per_floor":[68,68,68,68,68,68,73,65,65,65,60,60,40,40,40,40,75,68,68,62,62,45,45,15,14,14,51,28,28,35,35,74,52,82,78,78,62,62,50,38,38,37,37,37,22,19,58,58,82,27],"items_purged":["Strike_G","Strike_G","Strike_G"],"gold":102,"play_id":"0b0075f0-91dd-4ef4-a275-7bf2d7ca7d05","is_prod":false,"is_daily":false,"campfire_rituals":0,"campfire_upgraded":4,"is_hardmode":false,"path_taken":["M","?","M","?","?","R","?","E","T","?","M","?","E","M","R","BOSS","M","?","M","?","M","R","?","M","T","R","M","?","?","?","R","BOSS","M","$","M","?","?","E","?","M","T","R","M","M","R","?","R","BOSS"],"build_version":"2018-01-18-PROD4","purchased_purges":3,"victory":true,"master_deck":["Defend_G","Defend_G","Defend_G","Defend_G","Defend_G","Survivor","Neutralize","Deadly Poison","Dagger Throw","Noxious Fumes","Deadly Poison","Blur","PiercingWail","Burst","Catalyst","Neutralize","Acrobatics","PiercingWail","Corpse Explosion","Backflip","Noxious Fumes","Blur","Prepared","Blur","Catalyst","Escape Plan"],"max_hp_per_floor":[70,70,70,70,70,70,75,75,75,75,75,75,75,75,75,75,75,75,75,75,75,75,75,75,75,75,75,75,75,82,82,82,82,82,82,82,82,82,82,82,82,82,82,82,82,82,82,82,82,82],"relics":["Ring of the Snake","Anchor","Snake Skull","Regal Pillow","Shuriken","Mercury Hourglass","Lizard Tail","Molten Egg","Strawberry","Orrery","Tiny Chest","Bag of Preparation"],"campfire_meditates":0,"card_choices":[{"not_picked":["Well Laid Plans","PiercingWail"],"picked":"Deadly Poison"},{"not_picked":["Leg Sweep","Slice"],"picked":"Dagger Throw"},{"not_picked":["Escape Plan","Dagger Throw"],"picked":"Noxious Fumes"},{"not_picked":["Terror","Dagger Spray"],"picked":"Deadly Poison"},{"not_picked":["Backstab","Skewer"],"picked":"Blur"},{"not_picked":["Masterful Stab","Unload"],"picked":"PiercingWail"},{"not_picked":["Night Terror","Adrenaline"],"picked":"Burst"},{"not_picked":["Dagger Spray","Sucker Punch"],"picked":"Catalyst"},{"not_picked":["After Image","Phantasmal Killer"],"picked":"Corpse Explosion"},{"not_picked":["Dagger Throw","Sucker Punch"],"picked":"Backflip"},{"not_picked":["Dagger Throw","Burst"],"picked":"Noxious Fumes"},{"not_picked":["Backflip","Outmaneuver"],"picked":"Blur"},{"not_picked":["Bane","Footwork"],"picked":"Escape Plan"}],"player_experience":82997,"potions_floor_usage":[8,8,13,35,39,40,50,50,50],"damage_taken":[{"damage":2,"enemies":"Small Slimes","floor":1,"turns":3},{"damage":0,"enemies":"Jaw Worm","floor":3,"turns":4},{"damage":0,"enemies":"2 Louse","floor":4,"turns":3},{"damage":8,"enemies":"3 Sentries","floor":8,"turns":6},{"damage":5,"enemies":"Gremlin Gang","floor":11,"turns":3},{"damage":20,"enemies":"Gremlin Nob","floor":13,"turns":4},{"damage":0,"enemies":"2 Fungi Beasts","floor":14,"turns":2},{"damage":0,"enemies":"Hexaghost","floor":16,"turns":8},{"damage":7,"enemies":"Shell Parasite","floor":18,"turns":6},{"damage":6,"enemies":"2 Thieves","floor":20,"turns":4},{"damage":17,"enemies":"3 Cultists","floor":22,"turns":6},{"damage":30,"enemies":"Chosen and Byrds","floor":24,"turns":6},{"damage":1,"enemies":"Snake Plant","floor":25,"turns":3},{"damage":23,"enemies":"Sentry and Sphere","floor":28,"turns":6},{"damage":22,"enemies":"Collector","floor":33,"turns":7},{"damage":4,"enemies":"Orb Walker","floor":35,"turns":4},{"damage":16,"enemies":"3 Darklings","floor":37,"turns":6},{"damage":12,"enemies":"Sphere and 2 Shapes","floor":39,"turns":5},{"damage":12,"enemies":"Nemesis","floor":40,"turns":7},{"damage":1,"enemies":"Maw","floor":42,"turns":6},{"damage":15,"enemies":"4 Shapes","floor":45,"turns":5},{"damage":3,"enemies":"Sphere and 2 Shapes","floor":46,"turns":5},{"damage":55,"enemies":"Time Eater","floor":50,"turns":11}],"event_choices":[{"event_name":"The Cleric","player_choice":"Card Removal","floor":2,"damage_taken":0},{"event_name":"Liars Game","player_choice":"disagreed","floor":5,"damage_taken":0},{"event_name":"Big Fish","player_choice":"Donut","floor":7,"damage_taken":0},{"event_name":"Match and Keep!","player_choice":"1 cards matched","floor":19,"damage_taken":0},{"event_name":"Bonfire Elementals","player_choice":"BASIC","floor":29,"damage_taken":0},{"event_name":"Duplicator","player_choice":"One dupe","floor":38,"damage_taken":0},{"event_name":"Mysterious Sphere","player_choice":"Ignore","floor":48,"damage_taken":0}],"boss_relics":[{"not_picked":["Tiny House","Philosopher\u0027s Stone"],"picked":"Lizard Tail"},{"not_picked":["Calling Bell","Eternal Feather"],"picked":"Orrery"}],"potions_floor_spawned":[1,4,8,22,33,35,37,46],"seed_played":"2769515139458070104","is_trial":false}