{"path_per_floor":["M","?","M","M","$","E","M","R","T","M","R","M","?","M","R","B",null,"M","?","?","$","M","R","E","?","T","R","M","M","?","M","R","B",null,"M","$","M","?","M","R","?","R","T","?","$","M","M","M","R","B"],"character_chosen":"DEFECT","items_purchased":["Coolheaded","FTL","Bottled Flame"],"gold_per_floor":[110,110,123,140,18,47,65,65,65,80,80,94,151,166,166,264,264,276,276,276,201,220,220,255,170,170,170,183,194,194,211,211,306,306,319,219,239,239,257,257,257,257,283,283,25,40,56,74,74,74],"floor_reached":51,"campfire_rested":0,"playtime":3530,"current_hp_per_floor":[71,71,62,56,56,46,54,54,64,58,58,58,67,65,65,48,85,85,42,42,42,42,42,38,38,38,38,38,40,24,38,38,39,42,42,42,42,42,42,42,37,37,37,37,37,30,42,42,42,34],"items_purged":["Regret","Coolheaded"],"gold":74,"score":671,"play_id":"48b7a884-db97-4f7d-89c8-67582ee93335","local_time":"20180501155514","is_prod":false,"is_daily":false,"chose_seed":false,"is_ascension_mode":false,"campfire_upgraded":9,"timestamp":1525204514,"path_taken":["M","?","M","M","$","E","M","R","T","M","R","M","?","M","R","BOSS","M","?","?","$","M","R","E","?","T","R","M","?","?","?","R","BOSS","M","$","M","?","M","R","?","R","T","?","$","M","M","M","R","BOSS"],"build_version":"2018-04-30","seed_source_timestamp":718550613014984,"purchased_purges":2,"victory":true,"master_deck":["Strike_B","Strike_B","Defend_B","Defend_B","Defend_B","Zap+1","Dualcast+1","Darkness","Cold Snap","FTL+1","Lockon","Genetic Algorithm+1","Skim","Go for the Eyes","Defragment+1","All For One","Reboot+1","Scrape+1","Cold Snap+1","Ghostly","Ghostly+1","Ghostly","Ghostly+1","Ghostly+1","FTL","Beam Cell","Defragment+1","Self Repair+1","Chaos+1","Madness","Madness","Mind Blast+1","Beam Cell+1"],"max_hp_per_floor":[75,75,75,75,75,75,75,75,85,85,85,85,85,85,85,85,85,85,42,42,42,42,42,42,42,42,42,42,42,42,42,42,42,42,42,42,42,42,42,42,42,42,42,42,42,42,42,42,42,42],"relics":["Runic Pyramid","Pen Nib","Bird Faced Urn","Pear","Meat on the Bone","Astrolabe","Kunai","Dodecahedron","Turnip","Nilry\u0027s Codex","Lizard Tail","Happy Flower","Bottled Flame"],"card_choices":[{"not_picked":["Rebound","Ball Lightning"],"picked":"Darkness","floor":1},{"not_picked":["Axe Kick","Stack"],"picked":"Cold Snap","floor":3},{"not_picked":["Capacitor","Glacier"],"picked":"FTL","floor":4},{"not_picked":["Stack","Scrape"],"picked":"Lockon","floor":6},{"not_picked":["Hologram","Rebound"],"picked":"Genetic Algorithm","floor":7},{"not_picked":["Fusion","Impulse"],"picked":"Skim","floor":10},{"not_picked":["Skim","Stack"],"picked":"Go for the Eyes","floor":12},{"not_picked":["Leap","Go for the Eyes"],"picked":"Defragment","floor":13},{"not_picked":["Biased Cognition","Redo"],"picked":"All For One","floor":16},{"not_picked":["Rip and Tear","Axe Kick"],"picked":"Beam Cell","floor":22},{"not_picked":["Loop","Go for the Eyes"],"picked":"Defragment","floor":28},{"not_picked":["Axe Kick","Prime"],"picked":"Self Repair","floor":29},{"not_picked":["Sunder","Doom and Gloom"],"picked":"Chaos","floor":37},{"not_picked":["Jack Of All Trades","Dark Shackles"],"picked":"Mind Blast","floor":44},{"not_picked":["Coolheaded","Rebound"],"picked":"Beam Cell","floor":47}],"player_experience":28178,"potions_floor_usage":[7,13,13,18,22,24,31,50,50],"damage_taken":[{"damage":4,"enemies":"Jaw Worm","floor":1,"turns":5},{"damage":9,"enemies":"2 Louse","floor":3,"turns":4},{"damage":6,"enemies":"Small Slimes","floor":4,"turns":4},{"damage":10,"enemies":"3 Sentries","floor":6,"turns":8},{"damage":1,"enemies":"2 Fungi Beasts","floor":7,"turns":4},{"damage":6,"enemies":"3 Louse","floor":10,"turns":4},{"damage":0,"enemies":"Large Slime","floor":12,"turns":5},{"damage":6,"enemies":"3 Sentries","floor":13,"turns":7},{"damage":2,"enemies":"2 Fungi Beasts","floor":14,"turns":3},{"damage":19,"enemies":"Slime Boss","floor":16,"turns":11},{"damage":0,"enemies":"Chosen","floor":18,"turns":4},{"damage":0,"enemies":"Shell Parasite","floor":22,"turns":6},{"damage":6,"enemies":"Gremlin Leader","floor":24,"turns":8},{"damage":2,"enemies":"Chosen and Byrds","floor":28,"turns":8},{"damage":0,"enemies":"Sentry and Sphere","floor":29,"turns":5},{"damage":0,"enemies":"Snake Plant","floor":31,"turns":4},{"damage":27,"enemies":"Collector","floor":33,"turns":17},{"damage":0,"enemies":"Flame Bruiser 1 Orb","floor":35,"turns":7},{"damage":5,"enemies":"3 Darklings","floor":37,"turns":7},{"damage":0,"enemies":"Sphere and 2 Shapes","floor":39,"turns":6},{"damage":33,"enemies":"4 Shapes","floor":46,"turns":4},{"damage":3,"enemies":"3 Darklings","floor":47,"turns":6},{"damage":0,"enemies":"Sphere and 2 Shapes","floor":48,"turns":6},{"damage":34,"enemies":"Donu and Deca","floor":50,"turns":9}],"event_choices":[{"event_name":"Big Fish","player_choice":"Box","floor":2,"damage_taken":0},{"event_name":"Dead Adventurer","player_choice":"Searched \u00273\u0027 times","floor":13,"damage_taken":0},{"event_name":"Ghosts","player_choice":"Became a Ghost","floor":19,"damage_taken":0},{"event_name":"Vampires","player_choice":"Ignored","floor":20,"damage_taken":0},{"event_name":"Addict","player_choice":"Obtained Relic","floor":25,"damage_taken":0},{"event_name":"Cursed Tome","player_choice":"Obtained Book","floor":30,"damage_taken":0},{"event_name":"Upgrade Shrine","player_choice":"Upgraded","floor":38,"damage_taken":0},{"event_name":"Winding Halls","player_choice":"Embrace Madness","floor":41,"damage_taken":0},{"event_name":"SensoryStone","player_choice":"Memory 1","floor":44,"damage_taken":0}],"boss_relics":[{"not_picked":["Orrery","Velvet Choker"],"picked":"Astrolabe"},{"not_picked":["Calling Bell","Philosopher\u0027s Stone"],"picked":"Lizard Tail"}],"potions_floor_spawned":[3,7,10,12,14,18,28,47,48],"seed_played":"-8251841224408123321","ascension_level":0,"is_trial":false}