{"gold_per_floor":[112,112,122,139,139,139,37,71,71,71,85,85,111,122,122,196,196,214,55,55,55,26,26],"floor_reached":23,"playtime":637,"items_purged":["Regret"],"score":469,"play_id":"27c63b44-f8ad-46d0-91a2-634a69da77eb","local_time":"20181121085047","is_ascension_mode":true,"campfire_choices":[{"data":"Perfected Strike","floor":6.0,"key":"SMITH"},{"floor":10.0,"key":"REST"},{"floor":15.0,"key":"REST"}],"neow_cost":"NONE","seed_source_timestamp":0,"circlet_count":0,"master_deck":["AscendersBane","Strike_R+1","Strike_R+1","Strike_R+1","Strike_R+1","Strike_R+1","Defend_R+1","Defend_R+1","Defend_R+1","Defend_R+1","Bash+1","Corruption","Twin Strike+1","Perfected Strike+1","Havoc","Impervious","Spot Weakness","Body Slam","Spot Weakness","Barricade","Headbutt","Feel No Pain","Entrench","Seeing Red","Corruption"],"special_seed":0,"relics":["Burning Blood","The Courier","Shuriken","Happy Flower","Oddly Smooth Stone","Runic Cube","Enchiridion"],"potions_floor_usage":[],"damage_taken":[{"damage":21.0,"enemies":"Jaw Worm","floor":1.0,"turns":4.0},{"damage":21.0,"enemies":"Small Slimes","floor":3.0,"turns":5.0},{"damage":10.0,"enemies":"2 Louse","floor":4.0,"turns":3.0},{"damage":30.0,"enemies":"3 Sentries","floor":8.0,"turns":8.0},{"damage":28.0,"enemies":"Exordium Thugs","floor":11.0,"turns":6.0},{"damage":8.0,"enemies":"Gremlin Nob","floor":13.0,"turns":4.0},{"damage":0.0,"enemies":"3 Louse","floor":14.0,"turns":4.0},{"damage":0.0,"enemies":"Slime Boss","floor":16.0,"turns":6.0},{"damage":6.0,"enemies":"3 Byrds","floor":18.0,"turns":2.0},{"damage":48,"enemies":"Book of Stabbing","floor":23,"turns":3}],"seed_played":"-559320899198283582","potions_obtained":[{"floor":1.0,"key":"SpeedPotion"},{"floor":3.0,"key":"SteroidPotion"},{"floor":8.0,"key":"LiquidBronze"},{"floor":13.0,"key":"SneckoOil"},{"floor":14.0,"key":"PowerPotion"}],"is_trial":false,"path_per_floor":["M","?","M","M","?","R","$","E","T","R","M","?","E","M","R","B",null,"M","$","?","?","$","E"],"character_chosen":"IRONCLAD","items_purchased":["Havoc","Feel No Pain","Entrench","Seeing Red","Corruption"],"campfire_rested":2,"item_purchase_floors":[7,19,19,19,22],"current_hp_per_floor":[53,53,38,34,34,34,34,10,10,32,10,10,8,14,36,42,67,67,67,67,46,46,0],"gold":26,"neow_bonus":"UPGRADE_CARD","is_prod":false,"is_daily":false,"chose_seed":false,"campfire_upgraded":1,"win_rate":0,"timestamp":1542808247,"path_taken":["M","?","M","M","?","R","$","E","T","R","M","?","E","M","R","BOSS","M","$","?","?","$","E"],"build_version":"2018-11-15","purchased_purges":1,"victory":false,"max_hp_per_floor":[75,75,75,75,75,75,75,75,75,75,75,75,75,75,75,75,75,75,75,75,75,75,75],"card_choices":[{"not_picked":["Shrug It Off","Clothesline"],"picked":"Corruption","floor":1.0},{"not_picked":["Armaments","Wild Strike"],"picked":"Twin Strike","floor":3.0},{"not_picked":["Armaments","Anger"],"picked":"Perfected Strike","floor":4.0},{"not_picked":["Body Slam","Flex"],"picked":"Impervious","floor":8.0},{"not_picked":["Warcry","Armaments"],"picked":"Spot Weakness","floor":11.0},{"not_picked":["Shrug It Off","True Grit"],"picked":"Body Slam","floor":13.0},{"not_picked":["Pommel Strike","Shrug It Off"],"picked":"Spot Weakness","floor":14.0},{"not_picked":["Immolate","Bludgeon"],"picked":"Barricade","floor":16.0},{"not_picked":["Sword Boomerang","Reckless Charge"],"picked":"Headbutt","floor":18.0}],"player_experience":757485,"relics_obtained":[{"floor":8.0,"key":"Shuriken"},{"floor":9.0,"key":"Happy Flower"},{"floor":13.0,"key":"Oddly Smooth Stone"},{"floor":21.0,"key":"Enchiridion"}],"event_choices":[{"damage_healed":0.0,"max_hp_gain":0.0,"max_hp_loss":0.0,"gold_gain":0.0,"event_name":"Big Fish","player_choice":"Box","floor":2.0,"gold_loss":0.0,"damage_taken":0.0,"relics_obtained":["The Courier"],"cards_obtained":["Regret"]},{"damage_healed":0.0,"max_hp_gain":0.0,"max_hp_loss":0.0,"gold_gain":0.0,"event_name":"Shining Light","player_choice":"Ignored","floor":5.0,"gold_loss":0.0,"damage_taken":0.0},{"damage_healed":0.0,"max_hp_gain":0.0,"max_hp_loss":0.0,"gold_gain":0.0,"event_name":"Accursed Blacksmith","player_choice":"Forge","floor":12.0,"gold_loss":0.0,"damage_taken":0.0,"cards_upgraded":["Twin Strike"]},{"damage_healed":0.0,"max_hp_gain":0.0,"max_hp_loss":0.0,"gold_gain":0.0,"event_name":"Back to Basics","player_choice":"Simplicity","floor":20.0,"gold_loss":0.0,"damage_taken":0.0,"cards_upgraded":["Strike_R","Strike_R","Strike_R","Strike_R","Strike_R","Defend_R","Defend_R","Defend_R","Defend_R"]},{"damage_healed":0.0,"max_hp_gain":0.0,"max_hp_loss":0.0,"gold_gain":0.0,"event_name":"Cursed Tome","player_choice":"Obtained Book","floor":21.0,"gold_loss":0.0,"damage_taken":21.0}],"is_beta":false,"boss_relics":[{"not_picked":["Ectoplasm","Orrery"],"picked":"Runic Cube"}],"items_purged_floors":[7],"is_endless":false,"potions_floor_spawned":[1,3,8,13,14],"killed_by":"Book of Stabbing","ascension_level":18}