{"gold_per_floor":[116,126,136,153,153,178,198,226,226,40,73,83,83,83,83,180,180,193,211,211,261,110,110,144,144,192,219,219,269,319,339,339,440,440,454,504,519,569,240,240,240,260,260,260,270,281,331,351,351,351],"floor_reached":50,"playtime":2840,"items_purged":[],"score":681,"play_id":"42cbc6ad-07e2-4454-bd66-3fe0fa0427ab","local_time":"20190408165451","is_ascension_mode":true,"campfire_choices":[{"floor":13,"key":"REST"},{"floor":15,"key":"RECALL"},{"floor":23,"key":"REST"},{"floor":25,"key":"REST"},{"floor":28,"key":"REST"},{"floor":32,"key":"REST"},{"floor":40,"key":"REST"},{"floor":44,"key":"REST"},{"floor":49,"key":"REST"}],"neow_cost":"NONE","seed_source_timestamp":234151674437695,"circlet_count":0,"master_deck":["Defend_B","Defend_B","Defend_B","Defend_B","Zap","Dualcast","Capacitor","Leap","Melter","Ball Lightning","Electrodynamics","Loop","Hologram","Apotheosis+1","FTL+1","Ball Lightning+1","Seek","Zap","Echo Form","Coolheaded","Hologram","Stack","Ball Lightning+1","Bite+1","Bite+1","Bite+1","Bite+1","Bite+1","Ball Lightning+1","All For One+1","Gash+1","Swift Strike+1","Self Repair","Blind","Go for the Eyes+1","Coolheaded+1","FTL+1"],"relics":["Cracked Core","Bag of Preparation","Juzu Bracelet","Molten Egg 2","StoneCalendar","Fusion Hammer","SsserpentHead","Enchiridion","Oddly Smooth Stone","Gremlin Horn","Potion Belt","Omamori","Black Star","Ancient Tea Set","Frozen Egg 2"],"potions_floor_usage":[6,33,33,33,33,41,42,42,42,42,42,50,50,50],"damage_taken":[{"damage":7,"enemies":"Small Slimes","floor":1,"turns":2},{"damage":0,"enemies":"Cultist","floor":2,"turns":3},{"damage":2,"enemies":"Jaw Worm","floor":3,"turns":4},{"damage":12,"enemies":"Large Slime","floor":4,"turns":6},{"damage":0,"enemies":"3 Sentries","floor":6,"turns":4},{"damage":5,"enemies":"Looter","floor":7,"turns":3},{"damage":14,"enemies":"Gremlin Nob","floor":8,"turns":4},{"damage":12,"enemies":"Lagavulin","floor":11,"turns":6},{"damage":10,"enemies":"2 Fungi Beasts","floor":12,"turns":3},{"damage":24,"enemies":"Hexaghost","floor":16,"turns":7},{"damage":0,"enemies":"Spheric Guardian","floor":18,"turns":2},{"damage":10,"enemies":"2 Thieves","floor":19,"turns":2},{"damage":23,"enemies":"Gremlin Leader","floor":24,"turns":7},{"damage":20,"enemies":"Book of Stabbing","floor":27,"turns":4},{"damage":8,"enemies":"Centurion and Healer","floor":31,"turns":3},{"damage":42,"enemies":"Collector","floor":33,"turns":7},{"damage":25,"enemies":"3 Darklings","floor":35,"turns":2},{"damage":2,"enemies":"3 Shapes","floor":37,"turns":4},{"damage":11,"enemies":"Giant Head","floor":41,"turns":4},{"damage":34,"enemies":"Jaw Worm Horde","floor":42,"turns":3},{"damage":15,"enemies":"3 Darklings","floor":46,"turns":4},{"damage":24,"enemies":"Writhing Mass","floor":48,"turns":6},{"damage":82,"enemies":"Awakened One","floor":50,"turns":14}],"seed_played":"8690102246460812990","potions_obtained":[{"floor":1,"key":"Regen Potion"},{"floor":4,"key":"PowerPotion"},{"floor":5,"key":"PowerPotion"},{"floor":5,"key":"EntropicBrew"},{"floor":12,"key":"Ancient Potion"},{"floor":16,"key":"PowerPotion"},{"floor":27,"key":"Dexterity Potion"},{"floor":35,"key":"Strength Potion"}],"is_trial":false,"path_per_floor":["M","M","M","M","?","E","M","E","T","$","E","M","R","?","R","B",null,"M","M","?","?","$","R","E","R","T","E","R","?","?","M","R","B",null,"M","?","M","?","$","R","E","M","T","R","?","M","?","M","R","B"],"character_chosen":"DEFECT","items_purchased":["Apotheosis","Oddly Smooth Stone","Ancient Tea Set","Blind","EntropicBrew"],"campfire_rested":8,"item_purchase_floors":[10,22,39,39,39],"current_hp_per_floor":[68,68,66,54,54,54,49,35,35,35,23,13,35,35,35,11,75,75,65,65,49,49,71,48,70,70,50,72,52,52,50,52,19,52,27,27,31,31,31,45,38,13,13,27,27,25,49,38,49,0],"gold":351,"neow_bonus":"RANDOM_COMMON_RELIC","is_prod":false,"is_daily":false,"chose_seed":false,"campfire_upgraded":0,"win_rate":0,"timestamp":1554760491,"path_taken":["M","M","M","M","?","E","M","E","T","?","E","M","R","?","R","BOSS","M","M","?","?","$","R","E","R","T","E","R","?","?","M","R","BOSS","M","?","M","?","$","R","E","M","T","R","?","M","?","M","R","BOSS"],"build_version":"2019-01-23","purchased_purges":0,"victory":false,"max_hp_per_floor":[75,75,75,75,75,75,75,75,75,75,75,75,75,75,75,75,75,75,75,75,75,75,75,75,75,75,75,75,52,52,52,52,52,52,52,52,52,49,49,49,49,49,49,49,49,49,49,49,49,49],"card_choices":[{"not_picked":["Beam Cell","Compile Driver"],"picked":"Capacitor","floor":1},{"not_picked":["Steam Power","Redo"],"picked":"Leap","floor":2},{"not_picked":["Lockon","Conserve Battery"],"picked":"Melter","floor":3},{"not_picked":["Turbo","Chill"],"picked":"Ball Lightning","floor":4},{"not_picked":["Leap","Turbo"],"picked":"Electrodynamics","floor":6},{"not_picked":["Skim","Hologram"],"picked":"Loop","floor":7},{"not_picked":["Go for the Eyes","Rebound"],"picked":"Hologram","floor":8},{"not_picked":["Compile Driver+1","Recycle"],"picked":"FTL+1","floor":11},{"not_picked":["Hello World","FTL+1"],"picked":"Ball Lightning+1","floor":12},{"not_picked":["Core Surge+1","Biased Cognition"],"picked":"Echo Form","floor":16},{"not_picked":["Turbo","Gash+1"],"picked":"Coolheaded","floor":18},{"not_picked":["Doom and Gloom+1","Compile Driver+1"],"picked":"Hologram","floor":19},{"not_picked":["Creative AI","Sweeping Beam+1"],"picked":"Stack","floor":24},{"not_picked":["Beam Cell+1","Fusion"],"picked":"Ball Lightning+1","floor":27},{"not_picked":["Rebound+1","Blizzard+1"],"picked":"Ball Lightning+1","floor":31},{"not_picked":["Fission","Hyperbeam+1"],"picked":"All For One+1","floor":33},{"not_picked":["Redo+1","Steam Power+1"],"picked":"Gash+1","floor":35},{"not_picked":["HandOfGreed+1","Sadistic Nature"],"picked":"Swift Strike+1","floor":36},{"not_picked":["Stack+1","Sweeping Beam+1"],"picked":"Self Repair","floor":37},{"not_picked":["Stack+1","Hologram"],"picked":"Go for the Eyes+1","floor":42},{"not_picked":["Recycle","Skim"],"picked":"Coolheaded+1","floor":46},{"not_picked":["Steam+1","Redo"],"picked":"FTL+1","floor":48}],"player_experience":155902,"relics_obtained":[{"floor":6,"key":"Juzu Bracelet"},{"floor":8,"key":"Molten Egg 2"},{"floor":11,"key":"StoneCalendar"},{"floor":21,"key":"Enchiridion"},{"floor":24,"key":"Gremlin Horn"},{"floor":26,"key":"Potion Belt"},{"floor":27,"key":"Omamori"},{"floor":43,"key":"Frozen Egg 2"}],"event_choices":[{"damage_healed":0,"gold_gain":0,"player_choice":"Got Potions","damage_taken":0,"max_hp_gain":0,"max_hp_loss":0,"event_name":"Lab","floor":5,"gold_loss":0},{"damage_healed":0,"gold_gain":0,"player_choice":"2 cards matched","damage_taken":0,"max_hp_gain":0,"max_hp_loss":0,"event_name":"Match and Keep!","floor":14,"gold_loss":0,"cards_obtained":["Seek","Zap"]},{"damage_healed":0,"gold_gain":0,"player_choice":"Trade","damage_taken":0,"relics_obtained":["SsserpentHead"],"max_hp_gain":0,"max_hp_loss":0,"event_name":"FaceTrader","floor":20,"gold_loss":0},{"damage_healed":0,"gold_gain":0,"player_choice":"Obtained Book","damage_taken":16,"max_hp_gain":0,"max_hp_loss":0,"event_name":"Cursed Tome","floor":21,"gold_loss":0},{"damage_healed":0,"gold_gain":0,"player_choice":"Became a vampire","damage_taken":0,"max_hp_gain":0,"max_hp_loss":23,"event_name":"Vampires","floor":29,"gold_loss":0,"cards_obtained":["Bite","Bite","Bite","Bite","Bite"]},{"damage_healed":0,"gold_gain":0,"player_choice":"Ignored","damage_taken":0,"max_hp_gain":0,"max_hp_loss":0,"event_name":"Beggar","floor":30,"gold_loss":0},{"damage_healed":0,"gold_gain":0,"player_choice":"Memory 1","damage_taken":0,"max_hp_gain":0,"max_hp_loss":0,"event_name":"SensoryStone","floor":36,"gold_loss":0},{"damage_healed":0,"gold_gain":0,"player_choice":"Max HP","damage_taken":0,"max_hp_gain":0,"max_hp_loss":3,"event_name":"Winding Halls","floor":38,"gold_loss":0},{"damage_healed":0,"gold_gain":0,"player_choice":"Upgrade","damage_taken":0,"max_hp_gain":0,"max_hp_loss":0,"event_name":"Designer","floor":45,"gold_loss":40,"cards_upgraded":["Apotheosis"]},{"damage_healed":24,"gold_gain":0,"player_choice":"Heal","damage_taken":0,"max_hp_gain":0,"max_hp_loss":0,"event_name":"MindBloom","floor":47,"gold_loss":0,"cards_obtained":["Doubt"]}],"is_beta":false,"boss_relics":[{"not_picked":["FrozenCore","Tiny House"],"picked":"Fusion Hammer"},{"not_picked":["Empty Cage","Coffee Dripper"],"picked":"Black Star"}],"items_purged_floors":[],"is_endless":false,"potions_floor_spawned":[1,4,12,16,18,27,35,37],"killed_by":"Awakened One","ascension_level":1}