{"gold_per_floor":[113,7,27,27,42,42,69,81,153,153,153,172,172,192,192,192],"floor_reached":16,"playtime":584,"items_purged":[],"score":199,"play_id":"694c4caa-fd5e-4514-8eb4-62ae87daf7fd","local_time":"20181128150648","is_ascension_mode":true,"campfire_choices":[{"data":"Discovery","floor":6,"key":"SMITH"},{"floor":10,"key":"REST"},{"floor":13,"key":"REST"},{"data":"Cloak And Dagger","floor":15,"key":"SMITH"}],"neow_cost":"NONE","seed_source_timestamp":1041977554572197,"circlet_count":0,"master_deck":["AscendersBane","Defend_G","Defend_G","Defend_G","Defend_G","Defend_G","Strike_G","Strike_G","Strike_G","Strike_G","Strike_G","Survivor","Neutralize","Trip","Masterful Stab","Discovery+1","Accuracy","Regret","Dodge and Roll","PiercingWail","PiercingWail","Cloak And Dagger+1"],"relics":["Ring of the Snake","Gambling Chip","Centennial Puzzle","Shuriken"],"potions_floor_usage":[7,7,12,16],"damage_taken":[{"damage":2,"enemies":"2 Louse","floor":1,"turns":5},{"damage":7,"enemies":"Jaw Worm","floor":3,"turns":3},{"damage":14,"enemies":"Small Slimes","floor":5,"turns":3},{"damage":28,"enemies":"3 Sentries","floor":7,"turns":12},{"damage":0,"enemies":"Blue Slaver","floor":8,"turns":2},{"damage":16,"enemies":"Gremlin Gang","floor":12,"turns":5},{"damage":8,"enemies":"2 Fungi Beasts","floor":14,"turns":4},{"damage":20,"enemies":"The Guardian","floor":16,"turns":4}],"seed_played":"3962900623001493948","potions_obtained":[{"floor":1,"key":"PowerPotion"},{"floor":5,"key":"FearPotion"},{"floor":8,"key":"SkillPotion"},{"floor":12,"key":"EssenceOfSteel"}],"is_trial":false,"path_per_floor":["M","$","M","?","M","R","E","M","T","R","?","M","R","M","R","B"],"character_chosen":"THE_SILENT","items_purchased":["Discovery"],"campfire_rested":2,"item_purchase_floors":[2],"current_hp_per_floor":[57,57,50,50,36,36,8,8,8,27,27,11,30,22,22,2],"gold":192,"neow_bonus":"RANDOM_COLORLESS","is_prod":false,"is_daily":false,"chose_seed":false,"campfire_upgraded":2,"win_rate":0,"timestamp":1543435608,"path_taken":["M","$","M","?","M","R","E","M","T","R","?","M","R","M","R","BOSS"],"build_version":"2018-11-15","purchased_purges":0,"victory":false,"max_hp_per_floor":[66,66,66,66,66,66,66,66,66,66,66,66,66,66,66,66],"card_choices":[{"not_picked":["Deadly Poison","Acrobatics"],"picked":"Masterful Stab","floor":1},{"not_picked":["Poisoned Stab","Acrobatics"],"picked":"Accuracy","floor":3},{"not_picked":["Bouncing Flask","Caltrops"],"picked":"Dodge and Roll","floor":5},{"not_picked":["Flying Knee","All Out Attack"],"picked":"PiercingWail","floor":7},{"not_picked":["Bane","Quick Slash","Predator"],"picked":"SKIP","floor":8},{"not_picked":["Skewer","Backflip"],"picked":"PiercingWail","floor":12},{"not_picked":["Concentrate","Catalyst"],"picked":"Cloak And Dagger","floor":14}],"player_experience":779277,"relics_obtained":[{"floor":7,"key":"Centennial Puzzle"},{"floor":9,"key":"Shuriken"}],"event_choices":[{"damage_healed":0,"gold_gain":0,"player_choice":"Box","damage_taken":0,"relics_obtained":["Gambling Chip"],"max_hp_gain":0,"max_hp_loss":0,"event_name":"Big Fish","floor":4,"gold_loss":0,"cards_obtained":["Regret"]},{"damage_healed":0,"gold_gain":0,"player_choice":"Ignored","damage_taken":0,"max_hp_gain":0,"max_hp_loss":0,"event_name":"Shining Light","floor":11,"gold_loss":0}],"is_beta":false,"boss_relics":[],"items_purged_floors":[],"is_endless":false,"potions_floor_spawned":[1,5,8,12],"killed_by":"The Guardian","ascension_level":19}