{"gold_per_floor":[117,134,144,144,155,155,182,194,233,245,277,319,348,379,391,506,518,545,557,584,596,623,668,680,242,242,242,292,292,322,337,337,434,434,454,465,465,80,480,480,500,515,515,142,142,158,158,178,178,178],"floor_reached":51,"playtime":3967,"items_purged":["Pain"],"score":1043,"play_id":"09834676-f3f8-4ec5-8d16-c43893199350","local_time":"20190425181738","is_ascension_mode":true,"campfire_choices":[{"data":"Zap","floor":6,"key":"SMITH"},{"floor":8,"key":"REST"},{"floor":15,"key":"REST"},{"data":"Creative AI","floor":24,"key":"SMITH"},{"data":"Fission","floor":27,"key":"SMITH"},{"data":"Defragment","floor":29,"key":"SMITH"},{"floor":32,"key":"REST"},{"data":"Defragment","floor":40,"key":"SMITH"},{"data":"Fission","floor":45,"key":"SMITH"},{"data":"Capacitor","floor":49,"key":"SMITH"}],"neow_cost":"NONE","seed_source_timestamp":156882510414400,"circlet_count":0,"master_deck":["Zap+1","Dualcast","Thunder Strike","Hologram","Capacitor+1","Ball Lightning","Ball Lightning","Defragment+1","Tempest","Coolheaded","Stack","Biased Cognition","Gash","Creative AI+1","Steam Power","Reboot","Thunder Strike","Fission+1","Glacier","BootSequence","Leap+1","Hologram+1","Ghostly","Ghostly","Ghostly","Ghostly","Ghostly","Beam Cell+1","Leap","Leap+1","Fission+1","Defragment+1","Go for the Eyes+1","Double Energy+1","Capacitor","Go for the Eyes"],"relics":["Cracked Core","MawBank","Orichalcum","WarpedTongs","DataDisk","Pandora\u0027s Box","Unceasing Top","Medical Kit","Pear","Cables","Bronze Scales","Philosopher\u0027s Stone","FossilizedHelix","Old Coin","Letter Opener","Oddly Smooth Stone","Bag of Preparation"],"potions_floor_usage":[7,16,16,20,33,50],"damage_taken":[{"damage":2,"enemies":"Jaw Worm","floor":1,"turns":3},{"damage":1,"enemies":"Cultist","floor":2,"turns":3},{"damage":4,"enemies":"2 Louse","floor":3,"turns":2},{"damage":7,"enemies":"Looter","floor":5,"turns":4},{"damage":26,"enemies":"Gremlin Nob","floor":7,"turns":4},{"damage":8,"enemies":"2 Fungi Beasts","floor":11,"turns":4},{"damage":19,"enemies":"Lagavulin","floor":12,"turns":5},{"damage":27,"enemies":"Exordium Thugs","floor":13,"turns":4},{"damage":10,"enemies":"Blue Slaver","floor":14,"turns":3},{"damage":7,"enemies":"Hexaghost","floor":16,"turns":8},{"damage":10,"enemies":"Shell Parasite","floor":18,"turns":5},{"damage":6,"enemies":"2 Thieves","floor":20,"turns":3},{"damage":14,"enemies":"Centurion and Healer","floor":22,"turns":8},{"damage":3,"enemies":"Slavers","floor":23,"turns":7},{"damage":42,"enemies":"Gremlin Leader","floor":30,"turns":7},{"damage":2,"enemies":"Sentry and Sphere","floor":31,"turns":5},{"damage":6,"enemies":"Champ","floor":33,"turns":11},{"damage":18,"enemies":"3 Darklings","floor":35,"turns":8},{"damage":0,"enemies":"Orb Walker","floor":36,"turns":2},{"damage":0,"enemies":"Mind Bloom Boss Battle","floor":39,"turns":5},{"damage":0,"enemies":"4 Shapes","floor":41,"turns":5},{"damage":0,"enemies":"Writhing Mass","floor":42,"turns":5},{"damage":0,"enemies":"Sphere and 2 Shapes","floor":46,"turns":3},{"damage":0,"enemies":"Transient","floor":48,"turns":5},{"damage":0,"enemies":"Donu and Deca","floor":50,"turns":7}],"seed_played":"-2096474242866231942","potions_obtained":[{"floor":5,"key":"Poison Potion"},{"floor":7,"key":"GamblersBrew"},{"floor":11,"key":"SteroidPotion"},{"floor":12,"key":"Explosive Potion"},{"floor":14,"key":"PowerPotion"},{"floor":16,"key":"FearPotion"},{"floor":18,"key":"Block Potion"},{"floor":30,"key":"FocusPotion"},{"floor":33,"key":"FairyPotion"},{"floor":36,"key":"EssenceOfSteel"},{"floor":48,"key":"EntropicBrew"}],"is_trial":false,"path_per_floor":["M","M","M","$","M","R","E","R","T","?","M","E","M","M","R","B",null,"M","$","M","?","M","E","R","$","T","R","?","R","E","M","R","B",null,"M","M","?","$","?","R","M","M","T","$","R","M","?","M","R","B",null],"character_chosen":"DEFECT","items_purchased":["Medical Kit","Pear","FossilizedHelix","Oddly Smooth Stone","Capacitor","Bag of Preparation"],"campfire_rested":3,"item_purchase_floors":[25,25,38,44,44,44],"current_hp_per_floor":[73,72,68,68,61,61,42,64,64,64,63,51,24,14,36,36,65,62,62,56,37,33,37,37,47,47,47,47,47,12,17,31,25,42,31,31,31,31,38,38,45,45,45,45,45,45,45,45,45,45],"gold":178,"neow_bonus":"ONE_RANDOM_RARE_CARD","is_prod":false,"is_daily":false,"chose_seed":false,"campfire_upgraded":7,"win_rate":0,"timestamp":1556230658,"path_taken":["M","M","M","$","M","R","E","R","T","?","M","E","M","?","R","BOSS","M","$","M","?","M","E","R","$","T","R","?","R","E","M","R","BOSS","M","?","?","$","?","R","M","M","T","$","R","M","?","M","R","BOSS"],"build_version":"2019-01-23","purchased_purges":1,"victory":true,"max_hp_per_floor":[75,75,75,75,75,75,75,75,75,75,75,75,75,75,75,75,75,75,75,75,37,37,37,37,47,47,47,47,47,47,47,47,47,47,47,47,45,45,45,45,45,45,45,45,45,45,45,45,45,45],"card_choices":[{"not_picked":["Go for the Eyes","Turbo"],"picked":"Hologram","floor":1},{"not_picked":["Lockon","Steam Power"],"picked":"Capacitor","floor":2},{"not_picked":["Streamline","Recycle"],"picked":"Self Repair","floor":3},{"not_picked":["Fusion","Cold Snap"],"picked":"Ball Lightning","floor":5},{"not_picked":["Consume","Thunder Strike"],"picked":"Ball Lightning","floor":7},{"not_picked":["Cold Snap","Conserve Battery"],"picked":"Defragment","floor":11},{"not_picked":["Rip and Tear","Skim"],"picked":"Tempest","floor":12},{"not_picked":["Sweeping Beam","Rip and Tear"],"picked":"Coolheaded","floor":13},{"not_picked":["Ball Lightning","Beam Cell"],"picked":"Stack","floor":14},{"not_picked":["Reboot","All For One"],"picked":"Biased Cognition","floor":16},{"not_picked":["Rebound","Consume"],"picked":"Leap+1","floor":18},{"not_picked":["Rebound","Turbo"],"picked":"Hologram+1","floor":20},{"not_picked":["Gash","Fusion","Tempest"],"picked":"SKIP","floor":22},{"not_picked":["Ball Lightning+1","Recycle"],"picked":"Beam Cell+1","floor":23},{"not_picked":["Streamline","Melter"],"picked":"Leap","floor":30},{"not_picked":["Lockon+1","Recycle"],"picked":"Leap+1","floor":31},{"not_picked":["Multi-Cast","Hyperbeam"],"picked":"Fission","floor":33},{"not_picked":["Chill","Barrage+1","Hologram+1"],"picked":"SKIP","floor":35},{"not_picked":["Steam+1","Auto Shields"],"picked":"Defragment","floor":36},{"not_picked":["Blizzard+1","Gash"],"picked":"Go for the Eyes+1","floor":39},{"not_picked":["Steam","Redo"],"picked":"Double Energy+1","floor":41},{"not_picked":["Conserve Battery","Amplify","Hologram"],"picked":"SKIP","floor":42},{"not_picked":["Turbo","Streamline"],"picked":"Go for the Eyes","floor":46},{"not_picked":["Darkness","Hologram+1","Scrape+1"],"picked":"SKIP","floor":48}],"player_experience":368666,"relics_obtained":[{"floor":7,"key":"MawBank"},{"floor":9,"key":"Orichalcum"},{"floor":12,"key":"DataDisk"},{"floor":23,"key":"Unceasing Top"},{"floor":26,"key":"Cables"},{"floor":30,"key":"Bronze Scales"},{"floor":39,"key":"Old Coin"},{"floor":43,"key":"Letter Opener"}],"event_choices":[{"damage_healed":0,"gold_gain":0,"player_choice":"Rummage","damage_taken":0,"relics_obtained":["WarpedTongs"],"max_hp_gain":0,"max_hp_loss":0,"event_name":"Accursed Blacksmith","floor":10,"gold_loss":0,"cards_obtained":["Pain"]},{"damage_healed":0,"gold_gain":0,"player_choice":"Became a Ghost","damage_taken":0,"max_hp_gain":0,"max_hp_loss":38,"event_name":"Ghosts","floor":21,"gold_loss":0,"cards_obtained":["Ghostly","Ghostly","Ghostly","Ghostly","Ghostly"]},{"damage_healed":0,"gold_gain":100,"player_choice":"Bet on Murderer","damage_taken":0,"max_hp_gain":0,"max_hp_loss":0,"event_name":"The Joust","floor":28,"gold_loss":50},{"damage_healed":0,"gold_gain":0,"player_choice":"Max HP","damage_taken":0,"max_hp_gain":0,"max_hp_loss":2,"event_name":"Winding Halls","floor":37,"gold_loss":0},{"damage_healed":0,"gold_gain":0,"player_choice":"Fight","damage_taken":0,"max_hp_gain":0,"max_hp_loss":0,"event_name":"MindBloom","floor":39,"gold_loss":0},{"cards_removed":["Self Repair"],"damage_healed":0,"gold_gain":0,"player_choice":"Offered Uncommon","damage_taken":0,"max_hp_gain":0,"max_hp_loss":0,"event_name":"Bonfire Elementals","floor":47,"gold_loss":0}],"is_beta":false,"boss_relics":[{"not_picked":["Empty Cage","Astrolabe"],"picked":"Pandora\u0027s Box"},{"not_picked":["Cursed Key","Velvet Choker"],"picked":"Philosopher\u0027s Stone"}],"items_purged_floors":[38],"is_endless":false,"potions_floor_spawned":[5,7,11,12,14,16,18,30,33,35,36,46,48],"ascension_level":5}