{"gold_per_floor":[109,109,128,128,145,145,161,161,184,197,216,229,239,94,94,189,189,209,209,209,224,76,76,109,125,125,138,138,158,188,201,201,303,303,315,315,94,94,166,195,195,229,281,281,310,324,0,14,14,14],"floor_reached":51,"playtime":3307,"items_purged":["Strike_B"],"score":1102,"play_id":"6c0539b4-5c87-431e-94b3-c449bf942258","local_time":"20180916075051","is_ascension_mode":true,"campfire_choices":[{"data":"Beam Cell","floor":6.0,"key":"SMITH"},{"data":"Hologram","floor":8.0,"key":"SMITH"},{"floor":15,"key":"REST"},{"data":"Tempest","floor":23,"key":"SMITH"},{"data":"White Noise","floor":28,"key":"SMITH"},{"data":"Echo Form","floor":32,"key":"SMITH"},{"data":"Scrape","floor":41,"key":"SMITH"},{"data":"Glacier","floor":44,"key":"SMITH"},{"data":"Machine Learning","floor":49,"key":"SMITH"}],"neow_cost":"NONE","seed_source_timestamp":0,"circlet_count":0,"master_deck":["Strike_B+1","Strike_B+1","Defend_B+1","Defend_B+1","Zap","Dualcast+1","Conserve Battery+1","Beam Cell+1","Hologram+1","Scrape+1","Glacier+1","Self Repair","Tempest+1","Machine Learning+1","Force Field+1","Barrage+1","Echo Form+1","White Noise+1","Hologram+1","Coolheaded+1","Buffer+1","Heatsinks+1","Fusion+1","Barrage+1"],"special_seed":0,"relics":["Snecko Eye","Art of War","Empty Cage","DataDisk","Anchor","Bottled Tornado","Frozen Egg 2","Inserter","War Paint","Cables","Boot","Ancient Tea Set","Oddly Smooth Stone","Ice Cream","Red Mask"],"potions_floor_usage":[16,24,24,30,42,50,50,50],"damage_taken":[{"damage":10.0,"enemies":"Jaw Worm","floor":1.0,"turns":6.0},{"damage":0.0,"enemies":"Cultist","floor":3.0,"turns":5.0},{"damage":0.0,"enemies":"2 Louse","floor":5.0,"turns":3.0},{"damage":20.0,"enemies":"Exordium Thugs","floor":7.0,"turns":4.0},{"damage":4.0,"enemies":"Exordium Wildlife","floor":10.0,"turns":2.0},{"damage":3,"enemies":"Blue Slaver","floor":11,"turns":4},{"damage":0,"enemies":"Red Slaver","floor":12,"turns":4},{"damage":0,"enemies":"Exordium Wildlife","floor":13,"turns":6},{"damage":12,"enemies":"Slime Boss","floor":16,"turns":13},{"damage":2,"enemies":"Shell Parasite","floor":18,"turns":11},{"damage":3,"enemies":"Spheric Guardian","floor":21,"turns":4},{"damage":24,"enemies":"Slavers","floor":24,"turns":4},{"damage":0,"enemies":"Chosen and Byrds","floor":25,"turns":5},{"damage":8,"enemies":"Shelled Parasite and Fungi","floor":27,"turns":4},{"damage":11,"enemies":"3 Cultists","floor":29,"turns":4},{"damage":4,"enemies":"Book of Stabbing","floor":30,"turns":5},{"damage":1,"enemies":"Cultist and Chosen","floor":31,"turns":4},{"damage":5,"enemies":"Champ","floor":33,"turns":10},{"damage":0,"enemies":"Orb Walker","floor":35,"turns":3},{"damage":21,"enemies":"Nemesis","floor":40,"turns":7},{"damage":0,"enemies":"Giant Head","floor":42,"turns":7},{"damage":0,"enemies":"2 Orb Walkers","floor":45,"turns":4},{"damage":0,"enemies":"3 Darklings","floor":46,"turns":7},{"damage":0,"enemies":"Spire Growth","floor":48,"turns":4},{"damage":23,"enemies":"Donu and Deca","floor":50,"turns":11}],"seed_played":"-5639405571261682226","potions_obtained":[{"floor":3.0,"key":"PowerPotion"},{"floor":5.0,"key":"Weak Potion"},{"floor":11,"key":"SteroidPotion"},{"floor":12,"key":"Strength Potion"},{"floor":18,"key":"Regen Potion"},{"floor":21,"key":"Swift Potion"},{"floor":25,"key":"Poison Potion"},{"floor":29,"key":"FocusPotion"},{"floor":35,"key":"SpeedPotion"},{"floor":40,"key":"Swift Potion"},{"floor":46,"key":"Energy Potion"}],"is_trial":false,"path_per_floor":["M","?","M","?","M","R","M","R","T","M","M","M","M","$","R","B",null,"M","?","$","M","$","R","E","M","T","M","R","M","E","M","R","B",null,"M","?","$","?","T","E","R","E","T","R","E","M","?","M","R","B"],"character_chosen":"DEFECT","items_purchased":["Tempest","DataDisk","Heatsinks+1","War Paint"],"campfire_rested":1,"item_purchase_floors":[14,22,37,37],"current_hp_per_floor":[58,58,58,58,58,58,38,38,38,34,31,31,31,31,53,48,68,73,73,73,75,75,75,51,58,58,57,57,60,70,69,69,71,74,75,75,75,75,75,61,61,68,68,68,75,75,75,75,75,69],"gold":14,"neow_bonus":"BOSS_RELIC","is_prod":false,"is_daily":false,"chose_seed":false,"campfire_upgraded":8,"win_rate":0,"timestamp":1537098651,"path_taken":["M","?","M","?","M","R","M","R","T","M","M","M","?","$","R","BOSS","M","?","$","M","?","R","E","M","T","M","R","M","E","?","R","BOSS","M","?","$","?","?","E","R","E","T","R","E","?","?","?","R","BOSS"],"build_version":"2018-09-06","purchased_purges":1,"victory":true,"max_hp_per_floor":[75,75,75,75,75,75,75,75,75,75,75,75,75,75,75,75,75,75,75,75,75,75,75,75,75,75,75,75,75,75,75,75,75,75,75,75,75,75,75,75,75,75,75,75,75,75,75,75,75,75],"card_choices":[{"not_picked":["Redo","Hello World"],"picked":"Conserve Battery","floor":1.0},{"not_picked":["Cold Snap","Stack"],"picked":"Beam Cell","floor":3.0},{"not_picked":["Genetic Algorithm","Cold Snap","Stack"],"picked":"SKIP","floor":5.0},{"not_picked":["Leap","Rebound"],"picked":"Hologram","floor":7.0},{"not_picked":["Heatsinks","Fusion","Blizzard"],"picked":"SKIP","floor":10.0},{"not_picked":["Compile Driver","Double Energy"],"picked":"Scrape","floor":11},{"not_picked":["Barrage","Amplify"],"picked":"Glacier","floor":12},{"not_picked":["Lockon","Redo"],"picked":"Self Repair","floor":13},{"not_picked":["Rainbow","Buffer"],"picked":"Machine Learning","floor":16},{"not_picked":["Compile Driver","Steam"],"picked":"Force Field","floor":18},{"not_picked":["Ball Lightning","Go for the Eyes+1"],"picked":"Barrage+1","floor":21},{"not_picked":["Ball Lightning+1","Gash+1"],"picked":"Echo Form","floor":24},{"not_picked":["Blizzard","Stack","Steam"],"picked":"SKIP","floor":25},{"not_picked":["Doom and Gloom","Coolheaded+1"],"picked":"White Noise","floor":27},{"not_picked":["Turbo","Compile Driver","Recycle"],"picked":"SKIP","floor":29},{"not_picked":["Skim","Streamline"],"picked":"Hologram","floor":30},{"not_picked":["Conserve Battery","Leap"],"picked":"Coolheaded+1","floor":31},{"not_picked":["All For One","Fission"],"picked":"Buffer+1","floor":33},{"not_picked":["Hello World+1","Stack+1","Blizzard"],"picked":"SKIP","floor":35},{"not_picked":["Double Energy+1","Streamline"],"picked":"Fusion+1","floor":40},{"not_picked":["Conserve Battery","Turbo+1","Hologram+1"],"picked":"SKIP","floor":42},{"not_picked":["Genetic Algorithm+1","Reinforced Body","Go for the Eyes"],"picked":"SKIP","floor":45},{"not_picked":["Auto Shields","Beam Cell"],"picked":"Barrage+1","floor":46},{"not_picked":["Melter+1","Hyperbeam","Steam+1"],"picked":"SKIP","floor":48}],"player_experience":535735,"relics_obtained":[{"floor":9.0,"key":"Art of War"},{"floor":24,"key":"Anchor"},{"floor":26,"key":"Bottled Tornado"},{"floor":30,"key":"Frozen Egg 2"},{"floor":39,"key":"Cables"},{"floor":40,"key":"Boot"},{"floor":42,"key":"Ancient Tea Set"},{"floor":43,"key":"Oddly Smooth Stone"},{"floor":45,"key":"Ice Cream"}],"event_choices":[{"event_name":"Living Wall","player_choice":"Grow","floor":2.0,"damage_taken":0.0},{"event_name":"Purifier","player_choice":"One Purge","floor":4.0,"damage_taken":0.0},{"event_name":"Back to Basics","player_choice":"Simplicity","floor":19,"damage_taken":0},{"event_name":"Accursed Blacksmith","player_choice":"Forge","floor":36,"damage_taken":0},{"event_name":"SensoryStone","player_choice":"Memory 1","floor":38,"damage_taken":0},{"event_name":"Tomb of Lord Red Mask","player_choice":"Paid","floor":47,"damage_taken":0}],"is_beta":false,"boss_relics":[{"not_picked":["Busted Crown","White Beast Statue"],"picked":"Empty Cage"},{"not_picked":["Black Star","Runic Dome"],"picked":"Inserter"}],"items_purged_floors":[14],"is_endless":false,"potions_floor_spawned":[3,5,11,12,18,21,25,29,35,40,46],"ascension_level":8}