{"gold_per_floor":[115,115,115,37,48,81,81,98,98,111,37,63,74,107,107,107],"floor_reached":16,"playtime":429,"items_purged":[],"score":276,"play_id":"46397cf4-7620-4c69-9180-aad346462d77","local_time":"20181112195337","is_ascension_mode":true,"campfire_choices":[{"data":"Bouncing Flask","floor":7,"key":"SMITH"},{"floor":15,"key":"REST"}],"neow_cost":"NONE","seed_source_timestamp":651526003591963,"circlet_count":0,"master_deck":["AscendersBane","Defend_G","Defend_G+1","Defend_G","Defend_G+1","Defend_G","Strike_G","Strike_G","Strike_G","Strike_G","Strike_G","Survivor","Neutralize","Dodge and Roll+1","Footwork","Bouncing Flask+1","Deadly Poison","Corpse Explosion","Accuracy","Caltrops","Cloak And Dagger","Deflect","Die Die Die"],"relics":["Ring of the Snake","NeowsBlessing","Ornamental Fan","Dodecahedron","War Paint","Bottled Tornado"],"potions_floor_usage":[10,12,14,16],"damage_taken":[{"damage":0,"enemies":"Jaw Worm","floor":1,"turns":1},{"damage":0,"enemies":"2 Louse","floor":5,"turns":1},{"damage":0,"enemies":"Lagavulin","floor":6,"turns":1},{"damage":4,"enemies":"Cultist","floor":8,"turns":4},{"damage":0,"enemies":"Lots of Slimes","floor":10,"turns":4},{"damage":2,"enemies":"3 Sentries","floor":12,"turns":3},{"damage":22,"enemies":"Exordium Thugs","floor":13,"turns":5},{"damage":20,"enemies":"Gremlin Nob","floor":14,"turns":5},{"damage":31,"enemies":"Slime Boss","floor":16,"turns":6}],"seed_played":"2454140117163630401","potions_obtained":[{"floor":1,"key":"SteroidPotion"},{"floor":6,"key":"Poison Potion"},{"floor":10,"key":"GhostInAJar"},{"floor":14,"key":"Explosive Potion"}],"is_trial":false,"path_per_floor":["M","?","?","$","M","E","R","M","T","M","$","E","M","E","R","B"],"character_chosen":"THE_SILENT","items_purchased":["Footwork","Caltrops"],"campfire_rested":1,"item_purchase_floors":[4,11],"current_hp_per_floor":[59,59,59,59,59,59,59,55,55,55,55,53,31,11,30,0],"gold":107,"neow_bonus":"THREE_ENEMY_KILL","is_prod":false,"is_daily":false,"chose_seed":false,"campfire_upgraded":1,"win_rate":0,"timestamp":1542070417,"path_taken":["M","?","?","$","M","E","R","M","T","M","$","E","M","E","R","BOSS"],"build_version":"2018-11-08","purchased_purges":0,"victory":false,"max_hp_per_floor":[66,66,66,66,66,66,66,66,66,66,66,66,66,66,66,66],"card_choices":[{"not_picked":["Calculated Gamble","PiercingWail"],"picked":"Dodge and Roll","floor":1},{"not_picked":["Cloak And Dagger","Outmaneuver"],"picked":"Bouncing Flask","floor":5},{"not_picked":["Prepared","PiercingWail"],"picked":"Deadly Poison","floor":6},{"not_picked":["Flying Knee","Dodge and Roll"],"picked":"Corpse Explosion","floor":8},{"not_picked":["Predator","Sucker Punch"],"picked":"Accuracy","floor":10},{"not_picked":["PiercingWail","Eviscerate"],"picked":"Cloak And Dagger","floor":12},{"not_picked":["Prepared","Deadly Poison"],"picked":"Deflect","floor":13},{"not_picked":["All Out Attack","Sucker Punch"],"picked":"Die Die Die","floor":14}],"player_experience":719203,"relics_obtained":[{"floor":6,"key":"Ornamental Fan"},{"floor":9,"key":"Dodecahedron"},{"floor":12,"key":"War Paint"},{"floor":14,"key":"Bottled Tornado"}],"event_choices":[{"damage_healed":0,"gold_gain":0,"player_choice":"Leave","damage_taken":0,"max_hp_gain":0,"max_hp_loss":0,"event_name":"The Cleric","floor":2,"gold_loss":0},{"damage_healed":0,"gold_gain":0,"player_choice":"Upgraded","damage_taken":0,"max_hp_gain":0,"max_hp_loss":0,"event_name":"Upgrade Shrine","floor":3,"gold_loss":0,"cards_upgraded":["Dodge and Roll"]}],"is_beta":false,"boss_relics":[],"items_purged_floors":[],"is_endless":false,"potions_floor_spawned":[1,6,10,14],"killed_by":"Slime Boss","ascension_level":18}