{"gold_per_floor":[111,111,127,127,127,152,152,168,241,269,269,293,325,338,338,437,437,453,453,437,437,449,449,484,484,484,484,299,39,62,62,62,163,163,173,173,16,29,29,29,29,63,134,134,134,150,164,179,179,179],"floor_reached":50,"playtime":2952,"items_purged":[],"score":658,"play_id":"fc5fe06d-ac91-4329-b845-4a61c5c60600","local_time":"20180807002308","is_ascension_mode":true,"campfire_choices":[{"data":"Flame Barrier","floor":7,"key":"SMITH"},{"data":"Rampage","floor":11,"key":"SMITH"},{"data":"Barricade","floor":15,"key":"SMITH"},{"floor":23,"key":"REST"},{"floor":25,"key":"REST"},{"data":"Searing Blow+1","floor":27,"key":"SMITH"},{"data":"Rage","floor":32,"key":"SMITH"},{"data":"Searing Blow+3","floor":40,"key":"SMITH"},{"floor":44,"key":"REST"},{"floor":49,"key":"REST"}],"neow_cost":"NONE","seed_source_timestamp":722894631116935,"circlet_count":0,"master_deck":["Strike_R","Strike_R","Strike_R","Strike_R","Strike_R","Defend_R","Defend_R","Defend_R","Defend_R","Flame Barrier+1","Clash","Shrug It Off","Rampage+1","Barricade+1","Spot Weakness","Armaments","Double Tap","Searing Blow+4","Rampage+1","Inflame+1","Metallicize+1","Rage+1","Panache","Reaper","Seeing Red+1","Cleave+1","Body Slam+1","Writhe","Intimidate","Cleave+1","Heavy Blade"],"relics":["Black Blood","NeowsBlessing","Orichalcum","Red Skull","Mummified Hand","Lantern","Odd Mushroom","Nunchaku","Eternal Feather","Ancient Tea Set","Dodecahedron","Kunai","Happy Flower","Strawberry","Gremlin Horn","Pear"],"potions_floor_usage":[10,10,16,18,20,42,42,46,50],"damage_taken":[{"damage":0,"enemies":"2 Louse","floor":1,"turns":1},{"damage":0,"enemies":"Cultist","floor":3,"turns":1},{"damage":0,"enemies":"3 Sentries","floor":6,"turns":1},{"damage":0,"enemies":"Small Slimes","floor":8,"turns":3},{"damage":0,"enemies":"Gremlin Nob","floor":10,"turns":4},{"damage":11,"floor":12,"turns":4},{"damage":0,"enemies":"Lagavulin","floor":13,"turns":8},{"damage":7,"enemies":"Exordium Thugs","floor":14,"turns":4},{"damage":31,"enemies":"Hexaghost","floor":16,"turns":9},{"damage":5,"enemies":"3 Byrds","floor":18,"turns":5},{"damage":19,"enemies":"2 Thieves","floor":20,"turns":4},{"damage":21,"enemies":"Centurion and Healer","floor":22,"turns":5},{"damage":44,"enemies":"Slavers","floor":24,"turns":8},{"damage":35,"enemies":"Collector","floor":33,"turns":10},{"damage":1,"enemies":"Orb Walker","floor":35,"turns":4},{"damage":10,"enemies":"3 Shapes","floor":38,"turns":6},{"damage":80,"enemies":"2 Orb Walkers","floor":42,"turns":6},{"damage":44,"enemies":"Transient","floor":46,"turns":5},{"damage":12,"enemies":"3 Darklings","floor":47,"turns":4},{"damage":62,"enemies":"Maw","floor":48,"turns":10},{"damage":154,"enemies":"Donu and Deca","floor":50,"turns":8}],"seed_played":"-8570754069933705840","potions_obtained":[{"floor":6,"key":"SteroidPotion"},{"floor":8,"key":"SteroidPotion"},{"floor":13,"key":"FearPotion"},{"floor":16,"key":"Block Potion"},{"floor":18,"key":"BloodPotion"},{"floor":38,"key":"SkillPotion"},{"floor":39,"key":"FairyPotion"},{"floor":39,"key":"PowerPotion"},{"floor":42,"key":"Strength Potion"},{"floor":47,"key":"Ancient Potion"}],"is_trial":false,"path_per_floor":["M","?","M","$","?","E","R","M","T","E","R","?","E","M","R","B",null,"M","?","M","?","M","R","E","R","T","R","$","$","T","?","R","B",null,"M","?","$","M","?","R","?","E","T","R","?","M","M","M","R"],"character_chosen":"IRONCLAD","items_purchased":["Panache","Kunai","Strawberry"],"campfire_rested":4,"item_purchase_floors":[28,29,37],"current_hp_per_floor":[80,80,80,80,80,80,80,80,80,80,80,75,80,79,79,54,80,80,80,75,59,44,80,42,78,78,80,80,80,80,80,80,51,80,80,80,87,87,87,87,87,31,41,85,97,63,85,38,85,0],"gold":179,"neow_bonus":"THREE_ENEMY_KILL","is_prod":false,"is_daily":false,"chose_seed":false,"campfire_upgraded":6,"win_rate":0,"timestamp":1533594188,"path_taken":["M","?","?","$","?","E","R","?","T","E","R","?","E","M","R","BOSS","M","?","?","?","M","R","E","R","T","R","?","$","?","?","R","BOSS","M","?","$","M","?","R","?","E","T","R","?","M","?","M","R","BOSS"],"build_version":"2018-08-02","purchased_purges":0,"victory":false,"max_hp_per_floor":[80,80,80,80,80,80,80,80,80,80,80,80,80,80,80,80,80,80,80,80,80,80,80,80,80,80,80,80,80,80,80,80,80,80,80,80,87,87,87,87,87,87,97,97,97,97,97,97,97,97],"card_choices":[{"not_picked":["Armaments","Clash"],"picked":"Cleave","floor":1},{"not_picked":["Hemokinesis","Blood for Blood"],"picked":"Flame Barrier","floor":3},{"not_picked":["Reckless Charge","Anger"],"picked":"Clash","floor":6},{"not_picked":["Perfected Strike","Heavy Blade"],"picked":"Shrug It Off","floor":8},{"not_picked":["Uppercut","Perfected Strike"],"picked":"Rampage","floor":10},{"not_picked":["Thunderclap","Second Wind"],"picked":"Barricade","floor":12},{"not_picked":["Perfected Strike","Twin Strike"],"picked":"Spot Weakness","floor":13},{"not_picked":["Shrug It Off","Battle Trance"],"picked":"Armaments","floor":14},{"not_picked":["Dark Embrace","Offering"],"picked":"Double Tap","floor":16},{"not_picked":["Sword Boomerang+1","Pummel"],"picked":"Searing Blow+1","floor":18},{"not_picked":["Heavy Blade+1","Anger"],"picked":"Inflame+1","floor":20},{"not_picked":["Twin Strike","Clash"],"picked":"Metallicize+1","floor":22},{"not_picked":["Sentinel+1","Second Wind"],"picked":"Rage","floor":24},{"not_picked":["Bludgeon","Feed"],"picked":"Reaper","floor":33},{"not_picked":["Flame Barrier","Infernal Blade"],"picked":"Seeing Red+1","floor":35},{"not_picked":["Searing Blow+1","Sword Boomerang+1"],"picked":"Cleave+1","floor":38},{"not_picked":["Iron Wave","Battle Trance"],"picked":"Body Slam+1","floor":42},{"not_picked":["Ghostly Armor","Hemokinesis+1"],"picked":"Intimidate","floor":46},{"not_picked":["Thunderclap","Body Slam"],"picked":"Cleave+1","floor":47},{"not_picked":["Wild Strike+1","Bloodletting+1"],"picked":"Heavy Blade","floor":48}],"player_experience":145466,"relics_obtained":[{"floor":6,"key":"Red Skull"},{"floor":9,"key":"Mummified Hand"},{"floor":10,"key":"Lantern"},{"floor":12,"key":"Odd Mushroom"},{"floor":13,"key":"Nunchaku"},{"floor":24,"key":"Ancient Tea Set"},{"floor":26,"key":"Dodecahedron"},{"floor":30,"key":"Happy Flower"},{"floor":42,"key":"Gremlin Horn"},{"floor":43,"key":"Pear"}],"event_choices":[{"event_name":"The Cleric","player_choice":"Leave","floor":2,"damage_taken":0},{"event_name":"WeMeetAgain","player_choice":"Card","floor":5,"damage_taken":0},{"event_name":"Mushrooms","player_choice":"Fought Mushrooms","floor":12,"damage_taken":0},{"event_name":"Duplicator","player_choice":"One dupe","floor":19,"damage_taken":0},{"event_name":"Cursed Tome","player_choice":"Obtained Book","floor":21,"damage_taken":0},{"event_name":"Accursed Blacksmith","player_choice":"Forge","floor":31,"damage_taken":0},{"event_name":"Tomb of Lord Red Mask","player_choice":"Ignored","floor":36,"damage_taken":0},{"event_name":"The Lab","player_choice":"Got Potions","floor":39,"damage_taken":0},{"event_name":"Falling","player_choice":"Removed Attack","floor":41,"damage_taken":0},{"event_name":"Winding Halls","player_choice":"Writhe","floor":45,"damage_taken":0}],"is_beta":false,"boss_relics":[{"not_picked":["Empty Cage","Mark of Pain"],"picked":"Eternal Feather"},{"not_picked":["Runic Cube","Velvet Choker"],"picked":"Black Blood"}],"items_purged_floors":[],"is_endless":false,"potions_floor_spawned":[6,8,13,16,18,38,42,47],"killed_by":"Donu and Deca","ascension_level":1}