{"gold_per_floor":[118,128,128,141,92,122,122,140,140,93,93,9,9,27,27,123,123,133,146,177,177,177],"floor_reached":22,"playtime":1378,"items_purged":[],"score":184,"play_id":"17da2c6c-b09e-4cf3-b2c3-a06e2ca3f0b0","local_time":"20190414170717","is_ascension_mode":false,"campfire_choices":[{"data":"Barricade","floor":7,"key":"SMITH"},{"data":"Body Slam","floor":11,"key":"SMITH"},{"data":"Juggernaut","floor":13,"key":"SMITH"},{"floor":15,"key":"REST"}],"neow_cost":"NONE","seed_source_timestamp":329570855687500,"circlet_count":0,"master_deck":["Strike_R","Strike_R","Defend_R","Defend_R","Defend_R","Defend_R","Bash","Barricade+1","Body Slam+1","Juggernaut+1","Flash of Steel","Bash","Warcry","Pommel Strike","Shrug It Off","Ghostly Armor","Combust","Reaper","Limit Break+1","Pommel Strike+1","Dual Wield+1","Clothesline","Armaments","Warcry"],"relics":["Burning Blood","Potion Belt","Happy Flower","Astrolabe","Red Mask","Pear"],"potions_floor_usage":[6,6,16,16,20,20],"damage_taken":[{"damage":7,"enemies":"Small Slimes","floor":1,"turns":4},{"damage":10,"enemies":"Cultist","floor":2,"turns":4},{"damage":20,"enemies":"Jaw Worm","floor":4,"turns":5},{"damage":15,"enemies":"Gremlin Nob","floor":6,"turns":4},{"damage":20,"enemies":"Exordium Wildlife","floor":8,"turns":8},{"damage":6,"enemies":"3 Louse","floor":14,"turns":4},{"damage":11,"enemies":"Slime Boss","floor":16,"turns":7},{"damage":14,"enemies":"3 Byrds","floor":18,"turns":4},{"damage":40,"enemies":"Spheric Guardian","floor":19,"turns":7},{"damage":32,"enemies":"Masked Bandits","floor":20,"turns":6},{"damage":29,"enemies":"Shelled Parasite and Fungi","floor":22,"turns":3}],"seed_played":"379188158706067793","potions_obtained":[{"floor":2,"key":"Block Potion"},{"floor":4,"key":"Poison Potion"},{"floor":8,"key":"AttackPotion"},{"floor":18,"key":"Strength Potion"},{"floor":19,"key":"PowerPotion"}],"is_trial":false,"path_per_floor":["M","M","?","M","$","E","R","M","T","$","R","$","R","M","R","B",null,"M","M","?","?","M"],"character_chosen":"IRONCLAD","items_purchased":["Weak Potion","Shrug It Off","Ghostly Armor","Block Potion"],"campfire_rested":1,"item_purchase_floors":[5,10,12,12],"current_hp_per_floor":[79,75,75,61,61,52,52,38,38,38,38,38,38,38,62,57,80,72,38,12,22,0],"gold":177,"neow_bonus":"ONE_RANDOM_RARE_CARD","is_prod":false,"is_daily":false,"chose_seed":false,"campfire_upgraded":3,"win_rate":0,"timestamp":1555276037,"path_taken":["M","M","?","M","?","E","R","M","T","$","R","?","R","?","R","BOSS","M","M","?","?","M"],"build_version":"2019-01-23","purchased_purges":0,"victory":false,"max_hp_per_floor":[80,80,80,80,80,80,80,80,80,80,80,80,80,80,80,80,80,80,80,80,90,90],"card_choices":[{"not_picked":["Twin Strike","Power Through"],"picked":"Body Slam","floor":1},{"not_picked":["Headbutt","Intimidate"],"picked":"Juggernaut","floor":2},{"not_picked":["Sword Boomerang","Anger"],"picked":"Warcry","floor":4},{"not_picked":["Clash","Inflame"],"picked":"Pommel Strike","floor":6},{"not_picked":["True Grit","Dropkick","Searing Blow"],"picked":"SKIP","floor":8},{"not_picked":["Cleave","Heavy Blade"],"picked":"Combust","floor":14},{"not_picked":["Barricade","Feed"],"picked":"Reaper","floor":16},{"not_picked":["Wild Strike","Clash"],"picked":"Clothesline","floor":18},{"not_picked":["Iron Wave","Cleave"],"picked":"Armaments","floor":19},{"not_picked":["Twin Strike","Heavy Blade"],"picked":"Warcry","floor":20}],"player_experience":337895,"relics_obtained":[{"floor":6,"key":"Potion Belt"},{"floor":9,"key":"Happy Flower"},{"floor":20,"key":"Red Mask"}],"event_choices":[{"damage_healed":0,"gold_gain":0,"player_choice":"2 cards matched","damage_taken":0,"max_hp_gain":0,"max_hp_loss":0,"event_name":"Match and Keep!","floor":3,"gold_loss":0,"cards_obtained":["Flash of Steel","Bash"]},{"damage_healed":0,"gold_gain":0,"player_choice":"Fought Bandits","damage_taken":0,"max_hp_gain":0,"max_hp_loss":0,"event_name":"Masked Bandits","floor":20,"gold_loss":0},{"damage_healed":0,"gold_gain":0,"player_choice":"Opened","damage_taken":0,"relics_obtained":["Pear"],"max_hp_gain":0,"max_hp_loss":0,"event_name":"The Mausoleum","floor":21,"gold_loss":0}],"is_beta":false,"boss_relics":[{"not_picked":["Snecko Eye","Black Star"],"picked":"Astrolabe"}],"items_purged_floors":[],"is_endless":false,"potions_floor_spawned":[2,4,8,18,19],"killed_by":"Shelled Parasite and Fungi","ascension_level":0}