{"gold_per_floor":[115,115,265,265,315,315,347,347,374,401,23,34,98,117,117,194,194,209,221,166,266,191,191,204,204,504,514,73,73,10,41,53,137,149,172,184,207,219,231,243,275,287,299,42,42,55,55,87,87,87,87,87,87,59,87,87],"floor_reached":57,"playtime":2748,"items_purged":["Doubt","Hyperbeam","Rip and Tear","Zap"],"score":2804,"play_id":"81c9d6e6-bfb0-4d7f-9c8a-f7df91fcb3a2","local_time":"20190508235130","is_ascension_mode":true,"campfire_choices":[{"data":"Blizzard","floor":6.0,"key":"SMITH"},{"data":"Coolheaded","floor":8.0,"key":"SMITH"},{"data":"Chaos","floor":15.0,"key":"SMITH"},{"floor":23.0,"key":"REST"},{"data":"Consume","floor":25.0,"key":"SMITH"},{"data":"Defragment","floor":29.0,"key":"SMITH"},{"data":"Turbo","floor":32.0,"key":"SMITH"},{"data":"Dualcast","floor":40.0,"key":"SMITH"},{"data":"Biased Cognition","floor":42.0,"key":"SMITH"},{"data":"Turbo","floor":45.0,"key":"SMITH"},{"floor":49.0,"key":"RECALL"},{"data":"Reboot","floor":53.0,"key":"SMITH"}],"neow_cost":"NONE","seed_source_timestamp":10878002896700,"circlet_count":0,"master_deck":["AscendersBane","Dualcast+1","Coolheaded+1","Blizzard+1","Consume+1","Biased Cognition+1","Capacitor","Chaos+1","Compile Driver","Conserve Battery","Turbo+1","Electrodynamics","Steam","Echo Form","Redo","Reinforced Body","Defragment+1","Tempest+1","FTL","Turbo+1","Chill","Creative AI","Reboot+1","Go for the Eyes+1","Cold Snap+1","Defragment+1","Recycle+1"],"special_seed":0,"relics":["Cracked Core","NeowsBlessing","Potion Belt","Juzu Bracelet","Happy Flower","Anchor","Pantograph","Pandora\u0027s Box","Tiny Chest","Gambling Chip","Symbiotic Virus","Old Coin","Membership Card","MawBank","Inserter","Lantern","Medical Kit","Mango","Art of War"],"potions_floor_usage":[56,56,56,56],"damage_taken":[{"damage":0.0,"enemies":"Cultist","floor":1.0,"turns":1.0},{"damage":0.0,"enemies":"Lagavulin","floor":7.0,"turns":1.0},{"damage":0.0,"enemies":"3 Sentries","floor":10.0,"turns":1.0},{"damage":0.0,"enemies":"Small Slimes","floor":12.0,"turns":2.0},{"damage":62.0,"enemies":"Gremlin Nob","floor":13.0,"turns":5.0},{"damage":2.0,"enemies":"2 Louse","floor":14.0,"turns":4.0},{"damage":25.0,"enemies":"Hexaghost","floor":16.0,"turns":8.0},{"damage":12.0,"enemies":"2 Thieves","floor":18.0,"turns":2.0},{"damage":4.0,"enemies":"Chosen","floor":19.0,"turns":3.0},{"damage":17.0,"enemies":"Colosseum Slavers","floor":21.0,"turns":2.0},{"damage":10.0,"enemies":"Colosseum Nobs","floor":21.0,"turns":3.0},{"damage":0.0,"enemies":"3 Cultists","floor":24.0,"turns":3.0},{"damage":4.0,"enemies":"Snecko","floor":27.0,"turns":4.0},{"damage":12.0,"enemies":"Book of Stabbing","floor":31.0,"turns":4.0},{"damage":21.0,"enemies":"Collector","floor":33.0,"turns":9.0},{"damage":0.0,"enemies":"3 Darklings","floor":35.0,"turns":2.0},{"damage":14.0,"enemies":"Orb Walker","floor":37.0,"turns":3.0},{"damage":0.0,"enemies":"3 Darklings","floor":41.0,"turns":3.0},{"damage":5.0,"enemies":"Jaw Worm Horde","floor":46.0,"turns":3.0},{"damage":0.0,"enemies":"Giant Head","floor":48.0,"turns":9.0},{"damage":11.0,"enemies":"Donu and Deca","floor":50.0,"turns":10.0},{"damage":14.0,"enemies":"Time Eater","floor":51.0,"turns":16.0},{"damage":9.0,"enemies":"Shield and Spear","floor":55.0,"turns":5.0},{"damage":76,"enemies":"The Heart","floor":56,"turns":12}],"seed_played":"4329374559312164991","potions_obtained":[{"floor":10.0,"key":"PowerPotion"},{"floor":27.0,"key":"Dexterity Potion"},{"floor":33.0,"key":"GamblersBrew"},{"floor":37.0,"key":"Poison Potion"},{"floor":48.0,"key":"PowerPotion"},{"floor":55.0,"key":"GamblersBrew"}],"is_trial":false,"path_per_floor":["M","?","?","?","T","R","E","R","T","E","$","M","?","M","R","B",null,"M","M","?","?","?","R","M","R","T","M","$","R","$","E","R","B",null,"M","$","M","?","?","R","M","R","T","$","R","M","?","E","R","B","B",null,"R","$","E","B",null],"character_chosen":"DEFECT","items_purchased":["Capacitor","Chaos","Barrage","Compile Driver","SkillPotion","Membership Card","Creative AI","Regen Potion","Reboot","Lantern","Medical Kit","Energy Potion"],"campfire_rested":1,"item_purchase_floors":[11,11,11,11,11,28,28,28,28,44,44,54],"current_hp_per_floor":[64,64,64,69,69,69,69,69,69,69,69,69,7,5,5,5,58,46,42,42,15,15,37,37,37,37,33,33,33,33,33,33,37,66,66,66,52,52,52,52,52,52,52,52,52,47,47,61,61,75,72,83,83,83,74,10],"gold":87,"neow_bonus":"THREE_ENEMY_KILL","is_prod":false,"is_daily":false,"chose_seed":false,"campfire_upgraded":10,"win_rate":0,"timestamp":1557330690,"path_taken":["M","?","?","?","?","R","E","R","T","E","$","M","?","M","R","BOSS","M","M","?","?","?","R","M","R","T","M","$","R","?","E","R","BOSS","M","$","M","?","?","R","M","R","T","?","R","M","?","E","R","BOSS","BOSS","R","$","E","BOSS"],"build_version":"2019-05-07","purchased_purges":4,"victory":true,"max_hp_per_floor":[71,71,71,76,76,76,76,76,76,76,76,76,76,76,76,76,76,76,76,76,76,76,76,76,76,76,76,76,76,76,76,76,76,76,76,76,76,76,76,76,76,76,76,76,76,76,72,86,86,86,86,86,86,86,86,86],"card_choices":[{"not_picked":["Heatsinks","Reinforced Body"],"picked":"Coolheaded","floor":1.0},{"not_picked":["Tempest","Sweeping Beam"],"picked":"Consume","floor":7.0},{"not_picked":["Redo","Go for the Eyes"],"picked":"Biased Cognition","floor":10.0},{"not_picked":["Beam Cell","Stack"],"picked":"Conserve Battery","floor":12.0},{"not_picked":["Rip and Tear","Coolheaded"],"picked":"Turbo","floor":13.0},{"not_picked":["Rebound","Consume","Leap"],"picked":"SKIP","floor":14.0},{"not_picked":["Multi-Cast","Meteor Strike"],"picked":"Electrodynamics","floor":16.0},{"not_picked":["Static Discharge","Reprogram"],"picked":"Tempest+1","floor":18.0},{"not_picked":["Barrage","Blizzard"],"picked":"FTL","floor":19.0},{"not_picked":["Auto Shields","Lockon+1"],"picked":"Turbo","floor":21.0},{"not_picked":["Sweeping Beam","Stack"],"picked":"Chill","floor":24.0},{"not_picked":["Hello World+1","Redo","Sweeping Beam"],"picked":"SKIP","floor":27.0},{"not_picked":["Cold Snap","Consume"],"picked":"Go for the Eyes+1","floor":31.0},{"not_picked":["All For One","Buffer"],"picked":"Biased Cognition","floor":33.0},{"not_picked":["Static Discharge","Conserve Battery","Cold Snap"],"picked":"SKIP","floor":35.0},{"not_picked":["Tempest","Chill"],"picked":"Cold Snap+1","floor":37.0},{"not_picked":["Streamline","Stack"],"picked":"Defragment+1","floor":41.0},{"not_picked":["Streamline","Sweeping Beam","Cold Snap"],"picked":"SKIP","floor":46.0},{"not_picked":["Streamline","Self Repair"],"picked":"Recycle+1","floor":48.0},{"not_picked":["Stack+1","Leap+1","Steam"],"picked":"SKIP","floor":55.0}],"player_experience":1436612,"relics_obtained":[{"floor":5.0,"key":"Potion Belt"},{"floor":7.0,"key":"Juzu Bracelet"},{"floor":9.0,"key":"Happy Flower"},{"floor":10.0,"key":"Anchor"},{"floor":13.0,"key":"Pantograph"},{"floor":21.0,"key":"Gambling Chip"},{"floor":21.0,"key":"Symbiotic Virus"},{"floor":26.0,"key":"Old Coin"},{"floor":31.0,"key":"MawBank"},{"floor":48.0,"key":"Mango"},{"floor":55.0,"key":"Art of War"}],"event_choices":[{"damage_healed":0.0,"max_hp_gain":0.0,"max_hp_loss":0.0,"gold_gain":0.0,"cards_transformed":["Strike_B"],"event_name":"Living Wall","player_choice":"Change","floor":2.0,"gold_loss":0.0,"damage_taken":0.0,"cards_obtained":["Blizzard"]},{"damage_healed":0.0,"max_hp_gain":0.0,"max_hp_loss":0.0,"gold_gain":150.0,"event_name":"Liars Game","player_choice":"AGREE","floor":3.0,"gold_loss":0.0,"damage_taken":0.0,"cards_obtained":["Doubt"]},{"damage_healed":0.0,"max_hp_gain":5.0,"max_hp_loss":0.0,"gold_gain":0.0,"event_name":"Big Fish","player_choice":"Donut","floor":4.0,"gold_loss":0.0,"damage_taken":0.0},{"damage_healed":0.0,"max_hp_gain":0.0,"max_hp_loss":0.0,"gold_gain":0.0,"event_name":"Dead Adventurer","player_choice":"Searched \u00271\u0027 times","floor":13.0,"gold_loss":0.0,"damage_taken":0.0},{"damage_healed":0.0,"max_hp_gain":0.0,"max_hp_loss":0.0,"gold_gain":0.0,"event_name":"Addict","player_choice":"Obtained Relic","floor":20.0,"gold_loss":85.0,"damage_taken":0.0,"relics_obtained":["Tiny Chest"]},{"damage_healed":0.0,"max_hp_gain":0.0,"max_hp_loss":0.0,"gold_gain":0.0,"event_name":"Colosseum","player_choice":"Fight","floor":21.0,"gold_loss":0.0,"damage_taken":0.0},{"damage_healed":0.0,"max_hp_gain":0.0,"max_hp_loss":0.0,"gold_gain":0.0,"event_name":"Colosseum","player_choice":"Fought Nobs","floor":21.0,"gold_loss":0.0,"damage_taken":0.0},{"cards_removed":["Barrage"],"damage_healed":0.0,"max_hp_gain":0.0,"max_hp_loss":0.0,"gold_gain":0.0,"event_name":"Beggar","player_choice":"Gave Gold","floor":22.0,"gold_loss":75.0,"damage_taken":0.0},{"damage_healed":0.0,"max_hp_gain":0.0,"max_hp_loss":0.0,"gold_gain":0.0,"event_name":"Tomb of Lord Red Mask","player_choice":"Ignored","floor":38.0,"gold_loss":0.0,"damage_taken":0.0},{"cards_removed":["Biased Cognition"],"damage_healed":0.0,"max_hp_gain":0.0,"max_hp_loss":0.0,"gold_gain":0.0,"event_name":"Falling","player_choice":"Removed Power","floor":39.0,"gold_loss":0.0,"damage_taken":0.0},{"damage_healed":0.0,"max_hp_gain":0.0,"max_hp_loss":4.0,"gold_gain":0.0,"event_name":"Winding Halls","player_choice":"Max HP","floor":47.0,"gold_loss":0.0,"damage_taken":0.0}],"is_beta":true,"boss_relics":[{"not_picked":["Ectoplasm","Coffee Dripper"],"picked":"Pandora\u0027s Box"},{"not_picked":["Eternal Feather","Black Star"],"picked":"Inserter"}],"items_purged_floors":[11,28,30,44],"is_endless":false,"potions_floor_spawned":[10,21,27,33,37,48,55],"ascension_level":20}