{"gold_per_floor":[111,129,146,321,334,334,350,171,171,171,196,210,210,160,160,256,256,270,270,287,28,28,28,48,48,74,74,94,94,128,140,140,140],"floor_reached":33,"playtime":2477,"items_purged":["Doubt"],"score":387,"play_id":"fcda508c-5f50-4c40-bc8a-171241382585","local_time":"20190122163355","is_ascension_mode":true,"campfire_choices":[{"data":"Clothesline","floor":6,"key":"SMITH"},{"data":"Good Instincts","floor":10,"key":"SMITH"},{"data":"Bash","floor":13,"key":"SMITH"},{"floor":15,"key":"REST"},{"data":"Shrug It Off","floor":23,"key":"SMITH"},{"floor":25,"key":"REST"},{"data":"Body Slam","floor":32,"key":"SMITH"}],"neow_cost":"CURSE","seed_source_timestamp":1095211734572694,"circlet_count":0,"master_deck":["Strike_R+1","Strike_R+1","Strike_R+1","Strike_R+1","Strike_R+1","Defend_R+1","Defend_R+1","Defend_R+1","Defend_R+1","Bash+1","Sadistic Nature","Good Instincts+1","Clothesline+1","Spot Weakness","Flex","Heavy Blade","Heavy Blade","Battle Trance","Impervious","Shrug It Off+1","Shame","Intimidate+1","Flex","Body Slam+1","Infernal Blade+1"],"relics":["Burning Blood","Pen Nib","Lantern","Philosopher\u0027s Stone","Matryoshka","ClockworkSouvenir","Pantograph","PreservedInsect","Blue Candle","Prayer Wheel"],"potions_floor_usage":[7,11,11,18,33,33],"damage_taken":[{"damage":1,"enemies":"Cultist","floor":1,"turns":4},{"damage":0,"enemies":"Jaw Worm","floor":2,"turns":4},{"damage":1,"enemies":"Small Slimes","floor":3,"turns":4},{"damage":11,"enemies":"2 Fungi Beasts","floor":5,"turns":4},{"damage":30,"enemies":"Exordium Wildlife","floor":7,"turns":7},{"damage":12,"enemies":"3 Sentries","floor":11,"turns":5},{"damage":0,"enemies":"Large Slime","floor":12,"turns":5},{"damage":47,"enemies":"Hexaghost","floor":16,"turns":9},{"damage":13,"enemies":"Shell Parasite","floor":18,"turns":6},{"damage":14,"enemies":"2 Thieves","floor":20,"turns":4},{"damage":2,"enemies":"Snake Plant","floor":24,"turns":3},{"damage":14,"enemies":"3 Cultists","floor":28,"turns":5},{"damage":6,"enemies":"Book of Stabbing","floor":30,"turns":3},{"damage":0,"enemies":"Cultist and Chosen","floor":31,"turns":4},{"damage":81,"enemies":"Collector","floor":33,"turns":7}],"seed_played":"-8757698664842398803","potions_obtained":[{"floor":5,"key":"Regen Potion"},{"floor":7,"key":"Weak Potion"},{"floor":20,"key":"FairyPotion"},{"floor":24,"key":"Explosive Potion"},{"floor":31,"key":"Weak Potion"}],"is_trial":false,"path_per_floor":["M","M","M","?","M","R","M","$","T","R","E","M","R","?","R","B",null,"M","?","M","$","?","R","M","R","T","?","M","?","E","M","R","B"],"character_chosen":"IRONCLAD","items_purchased":["Energy Potion","AttackPotion","ClockworkSouvenir","Dexterity Potion"],"campfire_rested":2,"item_purchase_floors":[8,8,21,21],"current_hp_per_floor":[77,80,80,80,75,75,65,65,65,65,59,65,65,65,80,39,70,63,63,55,55,55,55,59,80,80,80,72,72,72,78,78,0],"gold":140,"neow_bonus":"RANDOM_COLORLESS_2","is_prod":false,"is_daily":false,"chose_seed":false,"campfire_upgraded":5,"win_rate":0,"timestamp":1548171235,"path_taken":["M","M","?","?","M","R","M","$","T","R","E","M","R","?","R","BOSS","M","?","M","$","?","R","M","R","T","?","M","?","E","M","R","BOSS"],"build_version":"2019-01-17v2","purchased_purges":1,"victory":false,"max_hp_per_floor":[80,80,80,80,80,80,80,80,80,80,80,80,80,80,80,80,80,80,80,80,80,80,80,80,80,80,80,80,80,80,80,80,80],"card_choices":[{"not_picked":["Body Slam","Iron Wave"],"picked":"Clothesline","floor":1},{"not_picked":["Thunderclap","Twin Strike"],"picked":"Spot Weakness","floor":2},{"not_picked":["Combust","Wild Strike"],"picked":"Flex","floor":3},{"not_picked":["Reckless Charge","Sentinel"],"picked":"Heavy Blade","floor":5},{"not_picked":["Wild Strike","Feel No Pain"],"picked":"Heavy Blade","floor":7},{"not_picked":["Anger","Intimidate"],"picked":"Battle Trance","floor":11},{"not_picked":["Rupture","Wild Strike"],"picked":"Headbutt","floor":12},{"not_picked":["Offering","Feed"],"picked":"Impervious","floor":16},{"not_picked":["Hemokinesis+1","Headbutt","Perfected Strike+1"],"picked":"SKIP","floor":18},{"not_picked":["Iron Wave","Wild Strike"],"picked":"Shrug It Off","floor":20},{"not_picked":["Corruption","Perfected Strike+1"],"picked":"Intimidate+1","floor":24},{"not_picked":["Clash","Cleave","Anger+1"],"picked":"SKIP","floor":28},{"not_picked":["Sever Soul+1","Thunderclap","Second Wind+1"],"picked":"SKIP","floor":30},{"not_picked":["Rupture","Clash+1"],"picked":"Body Slam","floor":31},{"not_picked":["Sentinel","Iron Wave"],"picked":"Infernal Blade+1","floor":31}],"player_experience":350480,"relics_obtained":[{"floor":9,"key":"Pen Nib"},{"floor":11,"key":"Lantern"},{"floor":26,"key":"PreservedInsect"},{"floor":26,"key":"Blue Candle"},{"floor":30,"key":"Prayer Wheel"}],"event_choices":[{"damage_healed":0,"gold_gain":175,"player_choice":"AGREE","damage_taken":0,"max_hp_gain":0,"max_hp_loss":0,"event_name":"Liars Game","floor":4,"gold_loss":0,"cards_obtained":["Doubt"]},{"cards_removed":["Injury"],"damage_healed":0,"gold_gain":0,"player_choice":"Card Removal","damage_taken":0,"max_hp_gain":0,"max_hp_loss":0,"event_name":"The Cleric","floor":14,"gold_loss":50},{"damage_healed":0,"gold_gain":0,"player_choice":"Opened","damage_taken":0,"relics_obtained":["Matryoshka"],"max_hp_gain":0,"max_hp_loss":0,"event_name":"The Mausoleum","floor":19,"gold_loss":0},{"damage_healed":0,"gold_gain":0,"player_choice":"Stole Relic","damage_taken":0,"relics_obtained":["Pantograph"],"max_hp_gain":0,"max_hp_loss":0,"event_name":"Addict","floor":22,"gold_loss":0,"cards_obtained":["Shame"]},{"damage_healed":0,"gold_gain":0,"player_choice":"Simplicity","damage_taken":0,"max_hp_gain":0,"max_hp_loss":0,"event_name":"Back to Basics","floor":27,"gold_loss":0,"cards_upgraded":["Strike_R","Strike_R","Strike_R","Strike_R","Strike_R","Defend_R","Defend_R","Defend_R","Defend_R"]},{"damage_healed":0,"gold_gain":0,"cards_transformed":["Headbutt"],"player_choice":"Transformed","damage_taken":0,"max_hp_gain":0,"max_hp_loss":0,"event_name":"Transmorgrifier","floor":29,"gold_loss":0,"cards_obtained":["Flex"]}],"is_beta":false,"boss_relics":[{"not_picked":["Tiny House","Runic Dome"],"picked":"Philosopher\u0027s Stone"}],"items_purged_floors":[8],"is_endless":false,"potions_floor_spawned":[5,7,20,24,31],"killed_by":"Collector","ascension_level":9}