{"gold_per_floor":[117,129,149,163,163,197,197,224,224,224,242,242,242,258,258,353,353,367,387,399,415,330,359,359,385,385,385,395,395,198,281,281,384,384,395,395,395,407,421,421],"floor_reached":40,"playtime":3089,"items_purged":[],"score":627,"play_id":"5c350fd0-f290-42af-a0e5-7b4f4bca3994","local_time":"20190401123621","is_ascension_mode":true,"campfire_choices":[{"floor":7.0,"key":"REST"},{"data":"Flame Barrier","floor":10.0,"key":"SMITH"},{"data":"Inflame","floor":15.0,"key":"SMITH"},{"floor":29.0,"key":"REST"},{"data":"Corruption","floor":32.0,"key":"SMITH"}],"neow_cost":"NONE","seed_source_timestamp":1462332429097800,"circlet_count":0,"master_deck":["Strike_R+1","Strike_R","Strike_R","Defend_R","Defend_R","Defend_R","Defend_R","Bash","Offering","Flame Barrier+1","Inflame+1","Metallicize","Anger+1","Pommel Strike","Anger","Twin Strike","Ghostly Armor","Feed","Armaments","Corruption+1","Cleave","Feel No Pain","Pommel Strike","Spot Weakness","Shrug It Off","Dramatic Entrance+1","Offering","Iron Wave+1","Warcry"],"special_seed":0,"relics":["Burning Blood","Mummified Hand","Orichalcum","Darkstone Periapt","Ice Cream","Black Star","Bronze Scales","Centennial Puzzle","Lantern","Nilry\u0027s Codex","Kunai","Molten Egg 2","Whetstone","Lee\u0027s Waffle","Tiny Chest","Cursed Key"],"potions_floor_usage":[],"damage_taken":[{"damage":8.0,"enemies":"Jaw Worm","floor":1.0,"turns":3.0},{"damage":8.0,"enemies":"Cultist","floor":2.0,"turns":5.0},{"damage":8.0,"enemies":"Small Slimes","floor":3.0,"turns":3.0},{"damage":3.0,"enemies":"Exordium Thugs","floor":4.0,"turns":5.0},{"damage":31.0,"enemies":"3 Sentries","floor":6.0,"turns":11.0},{"damage":6.0,"enemies":"Lagavulin","floor":8.0,"turns":6.0},{"damage":0.0,"enemies":"Looter","floor":11.0,"turns":4.0},{"damage":0.0,"enemies":"2 Fungi Beasts","floor":14.0,"turns":2.0},{"damage":22.0,"enemies":"The Guardian","floor":16.0,"turns":10.0},{"damage":19.0,"enemies":"Spheric Guardian","floor":18.0,"turns":5.0},{"damage":6.0,"enemies":"3 Byrds","floor":19.0,"turns":2.0},{"damage":20.0,"enemies":"Centurion and Healer","floor":20.0,"turns":6.0},{"damage":8.0,"enemies":"Snecko","floor":21.0,"turns":4.0},{"damage":29.0,"enemies":"Book of Stabbing","floor":23.0,"turns":4.0},{"damage":20.0,"enemies":"Slavers","floor":25.0,"turns":3.0},{"damage":6.0,"enemies":"Cultist and Chosen","floor":28.0,"turns":4.0},{"damage":69.0,"enemies":"Collector","floor":33.0,"turns":9.0},{"damage":6.0,"enemies":"Orb Walker","floor":35.0,"turns":4.0},{"damage":30.0,"enemies":"3 Darklings","floor":38.0,"turns":5.0},{"damage":28.0,"enemies":"Spire Growth","floor":39.0,"turns":4.0},{"damage":35,"enemies":"Nemesis","floor":40,"turns":6}],"seed_played":"7810729410341696917","potions_obtained":[{"floor":1.0,"key":"Explosive Potion"},{"floor":2.0,"key":"GamblersBrew"},{"floor":4.0,"key":"SteroidPotion"},{"floor":19.0,"key":"Regen Potion"},{"floor":20.0,"key":"Poison Potion"},{"floor":23.0,"key":"Explosive Potion"},{"floor":25.0,"key":"Swift Potion"}],"is_trial":false,"path_per_floor":["M","M","M","M","?","E","R","E","T","R","M","?","?","M","R","B",null,"M","M","M","M","?","E","?","E","T","?","M","R","$","T","R","B",null,"M","?","?","M","M","E"],"character_chosen":"IRONCLAD","items_purchased":["Lee\u0027s Waffle"],"campfire_rested":2,"item_purchase_floors":[30],"current_hp_per_floor":[70,68,66,69,69,44,68,68,68,68,74,71,71,77,77,61,75,62,62,66,64,64,41,25,11,11,11,11,35,90,90,90,30,77,80,80,80,56,34,0],"gold":421,"neow_bonus":"ONE_RANDOM_RARE_CARD","is_prod":false,"is_daily":false,"chose_seed":false,"campfire_upgraded":3,"win_rate":0,"timestamp":1554136581,"path_taken":["M","M","M","M","?","E","R","E","T","R","?","?","?","M","R","BOSS","M","M","M","M","?","E","?","E","T","?","?","R","$","?","R","BOSS","M","?","?","M","M","E"],"build_version":"2019-01-23","purchased_purges":0,"victory":false,"max_hp_per_floor":[80,80,80,80,80,80,80,80,80,80,80,80,80,80,80,80,80,80,80,83,83,83,83,83,83,83,83,83,83,90,90,90,93,93,96,96,96,96,96,96],"card_choices":[{"not_picked":["Wild Strike","Reckless Charge"],"picked":"Flame Barrier","floor":1.0},{"not_picked":["Pommel Strike","Twin Strike"],"picked":"Inflame","floor":2.0},{"not_picked":["Rage","Havoc"],"picked":"Metallicize","floor":3.0},{"not_picked":["Warcry","Havoc"],"picked":"Anger","floor":4.0},{"not_picked":["Feel No Pain","Intimidate"],"picked":"Pommel Strike","floor":6.0},{"not_picked":["Hemokinesis","Pommel Strike"],"picked":"Anger","floor":8.0},{"not_picked":["Blood for Blood","True Grit"],"picked":"Twin Strike","floor":11.0},{"not_picked":["Havoc","True Grit"],"picked":"Ghostly Armor","floor":14.0},{"not_picked":["Double Tap","Fiend Fire"],"picked":"Feed","floor":16.0},{"not_picked":["Headbutt","Clash+1"],"picked":"Armaments","floor":18.0},{"not_picked":["Iron Wave","Dual Wield+1"],"picked":"Corruption","floor":19.0},{"not_picked":["Headbutt","Body Slam+1"],"picked":"Cleave","floor":20.0},{"not_picked":["Sever Soul","Entrench"],"picked":"Feel No Pain","floor":21.0},{"not_picked":["Barricade","Pummel"],"picked":"Pommel Strike","floor":23.0},{"not_picked":["Carnage","Barricade"],"picked":"Spot Weakness","floor":25.0},{"not_picked":["Warcry","True Grit+1","Second Wind+1"],"picked":"SKIP","floor":28.0},{"not_picked":["Double Tap","Brutality"],"picked":"Offering","floor":33.0},{"not_picked":["Body Slam+1","Thunderclap+1"],"picked":"Iron Wave+1","floor":35.0},{"not_picked":["Flex","Sever Soul+1"],"picked":"Warcry","floor":38.0},{"not_picked":["True Grit","Double Tap","Thunderclap+1"],"picked":"SKIP","floor":39.0}],"player_experience":235110,"relics_obtained":[{"floor":6.0,"key":"Mummified Hand"},{"floor":8.0,"key":"Orichalcum"},{"floor":9.0,"key":"Darkstone Periapt"},{"floor":23.0,"key":"Centennial Puzzle"},{"floor":23.0,"key":"Lantern"},{"floor":24.0,"key":"Nilry\u0027s Codex"},{"floor":25.0,"key":"Kunai"},{"floor":25.0,"key":"Molten Egg 2"},{"floor":26.0,"key":"Whetstone"},{"floor":31.0,"key":"Tiny Chest"}],"event_choices":[{"damage_healed":0.0,"max_hp_gain":0.0,"max_hp_loss":0.0,"gold_gain":0.0,"event_name":"Match and Keep!","player_choice":"0 cards matched","floor":5.0,"gold_loss":0.0,"damage_taken":0.0,"cards_obtained":[]},{"damage_healed":0.0,"max_hp_gain":0.0,"max_hp_loss":0.0,"gold_gain":0.0,"event_name":"Scrap Ooze","player_choice":"Success","floor":12.0,"gold_loss":0.0,"damage_taken":3.0,"relics_obtained":["Ice Cream"]},{"cards_removed":["Strike_R"],"damage_healed":0.0,"max_hp_gain":0.0,"max_hp_loss":0.0,"gold_gain":0.0,"event_name":"Purifier","player_choice":"Purged","floor":13.0,"gold_loss":0.0,"damage_taken":0.0},{"damage_healed":0.0,"max_hp_gain":0.0,"max_hp_loss":0.0,"gold_gain":0.0,"event_name":"Addict","player_choice":"Obtained Relic","floor":22.0,"gold_loss":85.0,"damage_taken":0.0,"relics_obtained":["Bronze Scales"]},{"damage_healed":0.0,"max_hp_gain":0.0,"max_hp_loss":0.0,"gold_gain":0.0,"event_name":"Cursed Tome","player_choice":"Obtained Book","floor":24.0,"gold_loss":0.0,"damage_taken":16.0},{"damage_healed":0.0,"max_hp_gain":0.0,"max_hp_loss":0.0,"gold_gain":0.0,"event_name":"Match and Keep!","player_choice":"2 cards matched","floor":27.0,"gold_loss":0.0,"damage_taken":0.0,"cards_obtained":["Shrug It Off","Dramatic Entrance"]},{"damage_healed":0.0,"max_hp_gain":0.0,"max_hp_loss":0.0,"gold_gain":0.0,"event_name":"Mysterious Sphere","player_choice":"Ignored","floor":36.0,"gold_loss":0.0,"damage_taken":0.0},{"cards_removed":["Strike_R"],"damage_healed":0.0,"max_hp_gain":0.0,"max_hp_loss":0.0,"gold_gain":0.0,"event_name":"Falling","player_choice":"Removed Attack","floor":37.0,"gold_loss":0.0,"damage_taken":0.0}],"is_beta":false,"boss_relics":[{"not_picked":["Black Blood","Coffee Dripper"],"picked":"Black Star"},{"not_picked":["Eternal Feather","Empty Cage"],"picked":"Cursed Key"}],"items_purged_floors":[],"is_endless":false,"potions_floor_spawned":[1,2,4,19,20,23,25],"killed_by":"Nemesis","ascension_level":6}