{"gold_per_floor":[112,130,110,122,140,140,152,76,76,76,109,119,119,143,143,216,216,236,236,29,38,38,38,38,38,38,38,49,69,69,86,86,86],"floor_reached":33,"playtime":1301,"items_purged":[],"score":523,"play_id":"09f07937-4b13-49bc-b6e8-ba8bc00501ee","local_time":"20190205145206","is_ascension_mode":true,"campfire_choices":[{"data":"Bouncing Flask","floor":6.0,"key":"SMITH"},{"data":"Cloak And Dagger","floor":13.0,"key":"SMITH"},{"floor":15.0,"key":"REST"},{"data":"J.A.X.","floor":23.0,"key":"SMITH"},{"data":"Night Terror","floor":27.0,"key":"SMITH"},{"data":"Cloak And Dagger","floor":30.0,"key":"SMITH"},{"floor":32.0,"key":"REST"}],"neow_cost":"NONE","seed_source_timestamp":0,"circlet_count":0,"master_deck":["AscendersBane","Defend_G","Defend_G","Defend_G","Defend_G","Defend_G","Survivor","Neutralize","Sucker Punch","Slice","Bouncing Flask+1","Deflect","Die Die Die","Accuracy","Cloak And Dagger+1","Blade Dance","Tools of the Trade","Night Terror+1","Cloak And Dagger+1","Bite","Bite+1","Bite+1","Bite","Bite","Bandage Up","J.A.X.+1","Bandage Up","Riddle With Holes+1"],"special_seed":0,"relics":["Ring of the Serpent","NeowsBlessing","Lantern","FaceOfCleric","Oddly Smooth Stone","Odd Mushroom","Whetstone"],"potions_floor_usage":[33],"damage_taken":[{"damage":0.0,"enemies":"Cultist","floor":1.0,"turns":1.0},{"damage":0.0,"enemies":"Small Slimes","floor":2.0,"turns":1.0},{"damage":0.0,"enemies":"2 Louse","floor":4.0,"turns":1.0},{"damage":6.0,"enemies":"Lots of Slimes","floor":5.0,"turns":4.0},{"damage":4.0,"enemies":"Large Slime","floor":7.0,"turns":5.0},{"damage":25.0,"enemies":"Lagavulin","floor":11.0,"turns":8.0},{"damage":0.0,"enemies":"3 Louse","floor":12.0,"turns":1.0},{"damage":3.0,"enemies":"The Mushroom Lair","floor":14.0,"turns":4.0},{"damage":23.0,"enemies":"The Guardian","floor":16.0,"turns":9.0},{"damage":18.0,"enemies":"Shell Parasite","floor":18.0,"turns":6.0},{"damage":25.0,"enemies":"2 Thieves","floor":21.0,"turns":4.0},{"damage":0.0,"enemies":"Snake Plant","floor":25.0,"turns":2.0},{"damage":18.0,"enemies":"Centurion and Healer","floor":28.0,"turns":8.0},{"damage":38.0,"enemies":"Chosen and Byrds","floor":29.0,"turns":7.0},{"damage":39.0,"enemies":"Snecko","floor":31.0,"turns":7.0},{"damage":99,"enemies":"Champ","floor":33,"turns":10}],"seed_played":"8116152224047718123","potions_obtained":[{"floor":1.0,"key":"SpeedPotion"},{"floor":3.0,"key":"SmokeBomb"},{"floor":4.0,"key":"AttackPotion"},{"floor":7.0,"key":"Block Potion"},{"floor":14.0,"key":"AttackPotion"},{"floor":18.0,"key":"Regen Potion"},{"floor":31.0,"key":"SpeedPotion"}],"is_trial":false,"path_per_floor":["M","M","?","M","M","R","M","$","T","?","E","M","R","?","R","B",null,"M","?","$","M","?","R","?","M","T","R","M","M","R","M","R","B"],"character_chosen":"THE_SILENT","items_purchased":["Accuracy","Fruit Juice","Bandage Up"],"campfire_rested":2,"item_purchase_floors":[8,20,20],"current_hp_per_floor":[59,59,59,59,53,53,49,49,49,49,25,26,26,24,44,22,58,41,41,46,34,34,34,34,41,41,41,51,34,34,25,42,0],"gold":86,"neow_bonus":"THREE_ENEMY_KILL","is_prod":false,"is_daily":false,"chose_seed":false,"campfire_upgraded":5,"win_rate":0,"timestamp":1549396326,"path_taken":["M","?","?","?","M","R","M","$","T","?","E","?","R","?","R","BOSS","M","?","$","M","?","R","?","M","T","R","M","M","R","?","R","BOSS"],"build_version":"2019-01-23","purchased_purges":0,"victory":false,"max_hp_per_floor":[66,66,66,66,66,66,66,66,66,66,67,68,68,69,69,70,70,71,49,54,55,55,55,55,56,56,56,57,58,58,59,59,59],"card_choices":[{"not_picked":["Setup","Skewer"],"picked":"Sucker Punch","floor":1.0},{"not_picked":["Expertise","Caltrops"],"picked":"Slice","floor":2.0},{"not_picked":["Crippling Poison","Poisoned Stab"],"picked":"Bouncing Flask","floor":4.0},{"not_picked":["Dagger Spray","Dagger Throw"],"picked":"Deflect","floor":5.0},{"not_picked":["Prepared","Deflect"],"picked":"Die Die Die","floor":7.0},{"not_picked":["Backflip","Predator"],"picked":"Cloak And Dagger","floor":11.0},{"not_picked":["Deflect","Outmaneuver"],"picked":"Blade Dance","floor":12.0},{"not_picked":["Tactician","Masterful Stab"],"picked":"Tools of the Trade","floor":14.0},{"not_picked":["Corpse Explosion","Glass Knife"],"picked":"Night Terror","floor":16.0},{"not_picked":["Bouncing Flask","Endless Agony"],"picked":"Cloak And Dagger","floor":18.0},{"not_picked":["Dagger Spray","Cloak And Dagger","All Out Attack"],"picked":"SKIP","floor":21.0},{"not_picked":["Reflex+1","Infinite Blades","Catalyst+1"],"picked":"SKIP","floor":28.0},{"not_picked":["Outmaneuver","Cloak And Dagger","Bane"],"picked":"SKIP","floor":29.0},{"not_picked":["Reflex","Flechettes"],"picked":"Riddle With Holes+1","floor":31.0}],"player_experience":819104,"relics_obtained":[{"floor":9.0,"key":"Lantern"},{"floor":11.0,"key":"Oddly Smooth Stone"},{"floor":14.0,"key":"Odd Mushroom"},{"floor":26.0,"key":"Whetstone"}],"event_choices":[{"damage_healed":0.0,"max_hp_gain":0.0,"max_hp_loss":0.0,"gold_gain":0.0,"event_name":"The Woman in Blue","player_choice":"Bought 1 Potion","floor":3.0,"gold_loss":0.0,"damage_taken":0.0},{"damage_healed":0.0,"max_hp_gain":0.0,"max_hp_loss":0.0,"gold_gain":0.0,"event_name":"FaceTrader","player_choice":"Trade","floor":10.0,"gold_loss":0.0,"damage_taken":0.0,"relics_obtained":["FaceOfCleric"]},{"damage_healed":0.0,"max_hp_gain":0.0,"max_hp_loss":0.0,"gold_gain":0.0,"event_name":"Mushrooms","player_choice":"Fought Mushrooms","floor":14.0,"gold_loss":0.0,"damage_taken":0.0},{"damage_healed":0.0,"max_hp_gain":0.0,"max_hp_loss":22.0,"gold_gain":0.0,"event_name":"Vampires","player_choice":"Became a vampire","floor":19.0,"gold_loss":0.0,"damage_taken":0.0,"cards_obtained":["Bite","Bite","Bite","Bite","Bite"]},{"damage_healed":0.0,"max_hp_gain":0.0,"max_hp_loss":0.0,"gold_gain":0.0,"event_name":"Drug Dealer","player_choice":"Obtain J.A.X.","floor":22.0,"gold_loss":0.0,"damage_taken":0.0,"cards_obtained":["J.A.X."]},{"damage_healed":0.0,"max_hp_gain":0.0,"max_hp_loss":0.0,"gold_gain":0.0,"event_name":"Duplicator","player_choice":"Copied","floor":24.0,"gold_loss":0.0,"damage_taken":0.0,"cards_obtained":["Bandage Up"]}],"is_beta":false,"boss_relics":[{"not_picked":["Calling Bell","Black Star"],"picked":"Ring of the Serpent"}],"items_purged_floors":[],"is_endless":false,"potions_floor_spawned":[1,4,7,14,18,25,31],"killed_by":"Champ","ascension_level":20}