{"gold_per_floor":[109,109,120,45,62,62,95,112,159,159,159,11,42,42,42,42],"floor_reached":16,"playtime":345,"items_purged":["Pain"],"score":189,"play_id":"0dfaee60-b20f-4b16-8ffa-708c265cb129","local_time":"20190303174705","is_ascension_mode":true,"campfire_choices":[{"data":"Dagger Spray","floor":6,"key":"SMITH"},{"data":"Calculated Gamble","floor":11,"key":"SMITH"},{"data":"Reflex","floor":15,"key":"SMITH"}],"neow_cost":"NONE","seed_source_timestamp":82812571106061,"circlet_count":0,"master_deck":["AscendersBane","Defend_G","Defend_G","Defend_G","Defend_G","Defend_G","Strike_G","Strike_G","Strike_G","Strike_G","Survivor","Neutralize","Concentrate","Dagger Spray+1","PiercingWail","Calculated Gamble+1","Reflex+1"],"relics":["Ring of the Snake","NeowsBlessing","WarpedTongs","Bottled Lightning","Snake Skull","PreservedInsect","Orichalcum"],"potions_floor_usage":[7,16],"damage_taken":[{"damage":0,"enemies":"2 Louse","floor":1,"turns":1},{"damage":1,"enemies":"Cultist","floor":3,"turns":1},{"damage":0,"enemies":"Small Slimes","floor":5,"turns":1},{"damage":23,"enemies":"Lagavulin","floor":7,"turns":9},{"damage":2,"enemies":"Exordium Wildlife","floor":8,"turns":3},{"damage":5,"enemies":"3 Sentries","floor":13,"turns":5},{"damage":52,"enemies":"Slime Boss","floor":16,"turns":12}],"seed_played":"-1703347398329355141","potions_obtained":[{"floor":3,"key":"AttackPotion"},{"floor":8,"key":"EssenceOfSteel"},{"floor":13,"key":"Regen Potion"}],"is_trial":false,"path_per_floor":["M","?","M","$","M","R","E","M","T","?","R","$","E","$","R","B"],"character_chosen":"THE_SILENT","items_purchased":["PreservedInsect"],"campfire_rested":0,"item_purchase_floors":[12],"current_hp_per_floor":[59,59,58,58,58,58,35,33,33,33,33,33,28,28,28,0],"gold":42,"neow_bonus":"THREE_ENEMY_KILL","is_prod":false,"is_daily":false,"chose_seed":false,"campfire_upgraded":3,"win_rate":0,"timestamp":1551606425,"path_taken":["M","?","?","$","M","R","E","M","T","?","R","$","E","?","R","BOSS"],"build_version":"2019-01-23","purchased_purges":1,"victory":false,"max_hp_per_floor":[66,66,66,66,66,66,66,66,66,66,66,66,66,66,66,66],"card_choices":[{"not_picked":["Dagger Throw","Flying Knee","Outmaneuver"],"picked":"SKIP","floor":1},{"not_picked":["Underhanded Strike","Dagger Throw"],"picked":"Concentrate","floor":3},{"not_picked":["Distraction","Endless Agony"],"picked":"Dagger Spray","floor":5},{"not_picked":["Leg Sweep","Unload","Finisher"],"picked":"SKIP","floor":7},{"not_picked":["Caltrops","Flying Knee"],"picked":"PiercingWail","floor":8},{"not_picked":["Underhanded Strike","Masterful Stab"],"picked":"Reflex","floor":13}],"player_experience":1085023,"relics_obtained":[{"floor":7,"key":"Bottled Lightning"},{"floor":9,"key":"Snake Skull"},{"floor":13,"key":"Orichalcum"}],"event_choices":[{"damage_healed":0,"gold_gain":0,"player_choice":"Rummage","damage_taken":0,"relics_obtained":["WarpedTongs"],"max_hp_gain":0,"max_hp_loss":0,"event_name":"Accursed Blacksmith","floor":2,"gold_loss":0,"cards_obtained":["Pain"]},{"damage_healed":0,"gold_gain":0,"cards_transformed":["Strike_G"],"player_choice":"Change","damage_taken":0,"max_hp_gain":0,"max_hp_loss":0,"event_name":"Living Wall","floor":10,"gold_loss":0,"cards_obtained":["Calculated Gamble"]}],"is_beta":false,"boss_relics":[],"items_purged_floors":[4],"is_endless":false,"potions_floor_spawned":[3,8,13],"killed_by":"Slime Boss","ascension_level":15}