{"gold_per_floor":[111,111,128,52,71,99,99,114,161,173,138,138,138,163,163,261,261,273,273,125,138,154,188,201,265,292,292,311,311,233,265,265,363,363,375,393,393,16,34,34,53,53,77,87,0,0,0,0,0,0],"floor_reached":50,"playtime":2981,"items_purged":[],"score":560,"play_id":"116f0c19-1de8-451f-b095-d320660d728d","local_time":"20190228211343","is_ascension_mode":false,"campfire_choices":[{"data":"Zap","floor":7.0,"key":"SMITH"},{"floor":15.0,"key":"REST"},{"floor":27,"key":"REST"},{"floor":32,"key":"REST"},{"data":"Seek","floor":40,"key":"SMITH"},{"floor":42,"key":"REST"},{"floor":46,"key":"REST"},{"data":"Machine Learning","floor":49,"key":"SMITH"}],"neow_cost":"PERCENT_DAMAGE","seed_source_timestamp":0,"circlet_count":0,"master_deck":["Strike_B","Strike_B","Defend_B","Defend_B","Defend_B","Defend_B","Zap+1","Dualcast","Machine Learning+1","Cold Snap","Streamline+1","Ball Lightning","Conserve Battery","Glacier","Ball Lightning+1","Consume","Gash","Redo","Rebound","Reboot","Sweeping Beam+1","Streamline+1","Gash","Auto Shields","Rip and Tear","Echo Form","Conserve Battery","Gash","Melter","Electrodynamics+1","Seek+1","Gash+1","Turbo+1","Mayhem+1","Hologram+1","Stack+1","Lockon+1","Normality","Hologram+1","Hologram+1"],"special_seed":0,"relics":["Cracked Core","Blue Candle","Potion Belt","Dream Catcher","Meat on the Bone","Nuclear Battery","DataDisk","Tiny Chest","Oddly Smooth Stone","Nloth\u0027s Gift","Frozen Egg 2","Cursed Key","Strange Spoon","Juzu Bracelet","Red Mask"],"potions_floor_usage":[23,23,23,25,31,33,44,50,50,50,50],"damage_taken":[{"damage":1.0,"enemies":"2 Louse","floor":1.0,"turns":2.0},{"damage":0.0,"enemies":"Small Slimes","floor":3.0,"turns":2.0},{"damage":0.0,"enemies":"Cultist","floor":5.0,"turns":3.0},{"damage":11.0,"enemies":"3 Sentries","floor":6.0,"turns":6.0},{"damage":9.0,"enemies":"Red Slaver","floor":8.0,"turns":3.0},{"damage":0.0,"enemies":"Exordium Wildlife","floor":10.0,"turns":3.0},{"damage":21.0,"enemies":"Gremlin Nob","floor":14.0,"turns":5.0},{"damage":24.0,"enemies":"Slime Boss","floor":16.0,"turns":7.0},{"damage":20,"enemies":"2 Thieves","floor":18,"turns":4},{"damage":8,"enemies":"3 Byrds","floor":21,"turns":3},{"damage":3,"enemies":"Snake Plant","floor":22,"turns":4},{"damage":28,"enemies":"Slavers","floor":23,"turns":4},{"damage":0,"enemies":"Snecko","floor":24,"turns":3},{"damage":17,"enemies":"Book of Stabbing","floor":25,"turns":5},{"damage":4,"enemies":"Cultist and Chosen","floor":28,"turns":5},{"damage":18,"enemies":"Gremlin Leader","floor":31,"turns":4},{"damage":12,"enemies":"Automaton","floor":33,"turns":6},{"damage":7,"enemies":"3 Shapes","floor":35,"turns":4},{"damage":8,"enemies":"Orb Walker","floor":36,"turns":3},{"damage":7,"enemies":"Transient","floor":39,"turns":5},{"damage":15,"enemies":"Maw","floor":41,"turns":6},{"damage":16,"enemies":"Sphere and 2 Shapes","floor":44,"turns":4},{"damage":95,"enemies":"Time Eater","floor":50,"turns":9}],"seed_played":"3431627161823078951","potions_obtained":[{"floor":1.0,"key":"Fruit Juice"},{"floor":5.0,"key":"Ancient Potion"},{"floor":8.0,"key":"LiquidBronze"},{"floor":18,"key":"GamblersBrew"},{"floor":22,"key":"FearPotion"},{"floor":24,"key":"Regen Potion"},{"floor":25,"key":"Energy Potion"},{"floor":28,"key":"Swift Potion"},{"floor":33,"key":"EssenceOfSteel"},{"floor":39,"key":"Ancient Potion"},{"floor":41,"key":"Explosive Potion"},{"floor":44,"key":"Ancient Potion"}],"is_trial":false,"path_per_floor":["M","?","M","$","M","E","R","M","T","M","?","?","?","E","R","B",null,"M","?","$","M","M","E","M","E","T","R","M","?","$","E","R","B",null,"M","M","?","$","M","R","M","R","T","M","?","R","?","$","R","B"],"character_chosen":"DEFECT","items_purchased":["Ball Lightning","Conserve Battery","DataDisk","Melter","Mayhem+1","Strange Spoon"],"campfire_rested":5,"item_purchase_floors":[4,4,20,30,38,38],"current_hp_per_floor":[53,50,55,55,55,44,44,35,35,35,55,39,39,18,42,30,80,60,60,60,52,49,33,45,52,52,76,72,72,72,54,78,66,80,73,65,65,65,58,58,43,65,65,49,49,71,71,71,71,0],"gold":0,"neow_bonus":"THREE_RARE_CARDS","is_prod":false,"is_daily":false,"chose_seed":false,"campfire_upgraded":3,"win_rate":0.0,"timestamp":1551410023,"path_taken":["M","?","M","$","M","E","R","M","T","M","?","?","?","E","R","BOSS","M","?","$","M","M","E","M","E","T","R","?","?","?","E","R","BOSS","M","M","?","$","M","R","M","R","T","M","?","R","?","?","R","BOSS"],"build_version":"2019-01-23","purchased_purges":0,"victory":false,"max_hp_per_floor":[75,75,80,80,80,80,80,80,80,80,80,80,80,80,80,80,80,80,80,80,80,80,80,80,80,80,80,80,80,80,80,80,80,80,80,80,76,76,76,76,76,76,76,76,76,76,76,76,76,76],"card_choices":[{"not_picked":["Fission","Hyperbeam"],"picked":"Machine Learning","floor":0.0},{"not_picked":["Steam Power","Barrage"],"picked":"Cold Snap","floor":1.0},{"not_picked":["Barrage","Chaos"],"picked":"Streamline","floor":3.0},{"not_picked":["Force Field","Coolheaded"],"picked":"Glacier","floor":5.0},{"not_picked":["Turbo","Barrage"],"picked":"Ball Lightning","floor":6.0},{"not_picked":["Hologram","BootSequence"],"picked":"Consume","floor":8.0},{"not_picked":["Compile Driver","Ball Lightning"],"picked":"Gash","floor":10.0},{"not_picked":["Hello World","Fission"],"picked":"Redo","floor":14.0},{"not_picked":["Coolheaded","Steam"],"picked":"Rebound","floor":15.0},{"not_picked":["Core Surge","Biased Cognition"],"picked":"Reboot","floor":16.0},{"not_picked":["Leap","Redo"],"picked":"Sweeping Beam+1","floor":18},{"not_picked":["Self Repair","Redo"],"picked":"Streamline+1","floor":21},{"not_picked":["Skim","Fusion"],"picked":"Gash","floor":22},{"not_picked":["Chaos","Heatsinks+1"],"picked":"Auto Shields","floor":23},{"not_picked":["Stack","Cold Snap"],"picked":"Rip and Tear","floor":24},{"not_picked":["Redo","Reprogram+1"],"picked":"Echo Form","floor":25},{"not_picked":["Double Energy","Reprogram+1"],"picked":"Conserve Battery","floor":27},{"not_picked":["Conserve Battery","Multi-Cast"],"picked":"Gash","floor":28},{"not_picked":["Doom and Gloom","All For One"],"picked":"Electrodynamics","floor":31},{"not_picked":["Biased Cognition+1","Electrodynamics+1"],"picked":"Seek","floor":33},{"not_picked":["Sweeping Beam","Static Discharge+1"],"picked":"Gash+1","floor":35},{"not_picked":["Compile Driver","Leap+1"],"picked":"Turbo+1","floor":36},{"not_picked":["Leap+1","Compile Driver"],"picked":"Hologram+1","floor":39},{"not_picked":["Turbo+1","Go for the Eyes+1"],"picked":"Stack+1","floor":41},{"not_picked":["Leap","Auto Shields"],"picked":"Lockon+1","floor":42},{"not_picked":["Steam+1","Fission"],"picked":"Hologram+1","floor":44},{"not_picked":["Recycle","Beam Cell"],"picked":"Hologram+1","floor":46}],"player_experience":108166,"relics_obtained":[{"floor":6.0,"key":"Potion Belt"},{"floor":9.0,"key":"Dream Catcher"},{"floor":14.0,"key":"Meat on the Bone"},{"floor":23,"key":"Happy Flower"},{"floor":25,"key":"Tiny Chest"},{"floor":26,"key":"Oddly Smooth Stone"},{"floor":31,"key":"Frozen Egg 2"},{"floor":43,"key":"Juzu Bracelet"}],"event_choices":[{"damage_healed":0.0,"max_hp_gain":0.0,"max_hp_loss":0.0,"gold_gain":0.0,"event_name":"Scrap Ooze","player_choice":"Success","floor":2.0,"gold_loss":0.0,"damage_taken":3.0,"relics_obtained":["Blue Candle"]},{"damage_healed":20.0,"max_hp_gain":0.0,"max_hp_loss":0.0,"gold_gain":0.0,"event_name":"The Cleric","player_choice":"Healed","floor":11.0,"gold_loss":35.0,"damage_taken":0.0},{"damage_healed":0.0,"max_hp_gain":0.0,"max_hp_loss":0.0,"gold_gain":0.0,"event_name":"Shining Light","player_choice":"Entered Light","floor":12.0,"gold_loss":0.0,"damage_taken":16.0,"cards_upgraded":["Ball Lightning","Streamline"]},{"cards_removed":["Strike_B"],"damage_healed":0.0,"max_hp_gain":0.0,"max_hp_loss":0.0,"gold_gain":0.0,"event_name":"Wheel of Change","player_choice":"Card Removal","floor":13.0,"gold_loss":0.0,"damage_taken":0.0},{"cards_removed":["Strike_B"],"damage_healed":0,"gold_gain":0,"player_choice":"Purged","damage_taken":0,"max_hp_gain":0,"max_hp_loss":0,"event_name":"Purifier","floor":19,"gold_loss":0},{"damage_healed":0,"gold_gain":0,"player_choice":"Traded Relic","damage_taken":0,"relics_obtained":["Nloth\u0027s Gift"],"max_hp_gain":0,"max_hp_loss":0,"event_name":"N\u0027loth","floor":29,"relics_lost":["Happy Flower"],"gold_loss":0},{"damage_healed":0,"gold_gain":0,"player_choice":"Max HP","damage_taken":0,"max_hp_gain":0,"max_hp_loss":4,"event_name":"Winding Halls","floor":37,"gold_loss":0},{"damage_healed":0,"gold_gain":0,"player_choice":"Paid","damage_taken":0,"relics_obtained":["Red Mask"],"max_hp_gain":0,"max_hp_loss":0,"event_name":"Tomb of Lord Red Mask","floor":45,"gold_loss":87},{"damage_healed":0,"gold_gain":0,"player_choice":"Ignored","damage_taken":0,"max_hp_gain":0,"max_hp_loss":0,"event_name":"Mysterious Sphere","floor":47,"gold_loss":0}],"is_beta":false,"boss_relics":[{"not_picked":["Fusion Hammer","FrozenCore"],"picked":"Nuclear Battery"},{"not_picked":["Coffee Dripper","Velvet Choker"],"picked":"Cursed Key"}],"items_purged_floors":[],"is_endless":false,"potions_floor_spawned":[1,5,8,18,22,24,25,28,33,39,41,44],"killed_by":"Time Eater","ascension_level":0}