{"gold_per_floor":[411,336,3,17,33,33,62,80,154,154,78,78,88,88],"floor_reached":14,"playtime":310,"items_purged":[],"score":180,"play_id":"94960d82-405e-49b9-8077-977b4f948b98","local_time":"20181126143803","is_ascension_mode":true,"campfire_choices":[{"data":"Defragment","floor":6,"key":"SMITH"},{"floor":12,"key":"REST"}],"neow_cost":"CURSE","seed_source_timestamp":867723191739261,"circlet_count":0,"master_deck":["AscendersBane","Strike_B","Strike_B","Strike_B","Strike_B","Defend_B","Defend_B","Defend_B","Defend_B","Zap","Dualcast","Chaos","Compile Driver","Defragment+1","Steam","White Noise","Parasite","Zap","Multi-Cast","Force Field","Turbo"],"relics":["Cracked Core","Old Coin","Emotion Chip","Ice Cream","Pantograph"],"potions_floor_usage":[4,7],"damage_taken":[{"damage":16,"enemies":"Small Slimes","floor":1,"turns":3},{"damage":0,"enemies":"2 Louse","floor":4,"turns":1},{"damage":6,"enemies":"Cultist","floor":5,"turns":3},{"damage":31,"enemies":"Lagavulin","floor":7,"turns":6},{"damage":8,"enemies":"Large Slime","floor":8,"turns":5},{"damage":6,"enemies":"2 Fungi Beasts","floor":13,"turns":2},{"damage":24,"enemies":"Exordium Thugs","floor":14,"turns":2}],"seed_played":"-5058799619414895751","potions_obtained":[{"floor":1,"key":"AttackPotion"},{"floor":4,"key":"Swift Potion"}],"is_trial":false,"path_per_floor":["M","?","$","M","M","R","E","M","T","?","$","R","M","M"],"character_chosen":"DEFECT","items_purchased":["Emotion Chip","Force Field"],"campfire_rested":1,"item_purchase_floors":[3,11],"current_hp_per_floor":[48,48,48,48,42,42,11,3,3,3,3,24,18,0],"gold":88,"neow_bonus":"ONE_RARE_RELIC","is_prod":false,"is_daily":false,"chose_seed":false,"campfire_upgraded":1,"win_rate":0,"timestamp":1543261083,"path_taken":["M","?","$","M","M","R","E","M","T","?","$","R","M","M"],"build_version":"2018-11-15","purchased_purges":0,"victory":false,"max_hp_per_floor":[71,71,71,71,71,71,71,71,71,71,71,71,71,71],"card_choices":[{"not_picked":["Sweeping Beam","Barrage"],"picked":"Chaos","floor":1},{"not_picked":["Fusion","Rebound"],"picked":"Compile Driver","floor":4},{"not_picked":["Force Field","Go for the Eyes"],"picked":"Defragment","floor":5},{"not_picked":["Meteor Strike","Sweeping Beam"],"picked":"Steam","floor":7},{"not_picked":["Force Field","Gash"],"picked":"White Noise","floor":8},{"not_picked":["Chaos","Sunder"],"picked":"Turbo","floor":13}],"player_experience":773696,"relics_obtained":[{"floor":7,"key":"Ice Cream"},{"floor":9,"key":"Pantograph"}],"event_choices":[{"cards_removed":["Pain"],"damage_healed":0,"gold_gain":0,"player_choice":"Card Removal","damage_taken":0,"max_hp_gain":0,"max_hp_loss":0,"event_name":"The Cleric","floor":2,"gold_loss":75},{"damage_healed":0,"gold_gain":0,"player_choice":"3 cards matched","damage_taken":0,"max_hp_gain":0,"max_hp_loss":0,"event_name":"Match and Keep!","floor":10,"gold_loss":0,"cards_obtained":["Parasite","Zap","Multi-Cast"]}],"is_beta":false,"boss_relics":[],"items_purged_floors":[],"is_endless":false,"potions_floor_spawned":[1,4],"killed_by":"Exordium Thugs","ascension_level":20}