{"gold_per_floor":[116,128,142,155,230,195,215,215,242,255,255,255,272,292,292,397,447,466,122,43,62,80,80,3,3,3,17,17,48,48,61,61,156,156,168,168],"floor_reached":36,"playtime":4594,"items_purged":["Defend_G"],"score":378,"play_id":"13db3cbd-ef3b-40ff-987d-e2e4016caad7","local_time":"20190312043001","is_ascension_mode":false,"campfire_choices":[{"data":"Choke","floor":8.0,"key":"SMITH"},{"data":"Catalyst","floor":12.0,"key":"SMITH"},{"data":"Distraction","floor":15.0,"key":"SMITH"},{"floor":23,"key":"REST"},{"floor":25,"key":"REST"},{"data":"Catalyst","floor":28,"key":"SMITH"},{"data":"Deadly Poison","floor":30,"key":"SMITH"},{"floor":32,"key":"REST"}],"neow_cost":"NONE","seed_source_timestamp":0,"circlet_count":0,"master_deck":["Adrenaline","After Image","Backflip","Backflip","Bane","Catalyst+1","Catalyst+1","Choke+1","Deadly Poison","Deadly Poison+1","Defend_G","Defend_G","Defend_G+1","Defend_G+1","Distraction+1","Envenom","Envenom","Neutralize","Outmaneuver","Skewer","Strike_G","Strike_G","Strike_G","Strike_G","Strike_G+1","Sucker Punch","Survivor","Well Laid Plans"],"special_seed":0,"relics":["Ring of the Snake","NeowsBlessing","War Paint","Tiny House","Medical Kit","Paper Crane","PreservedInsect","White Beast Statue"],"potions_floor_usage":[18,21,21,27,29,33],"damage_taken":[{"damage":0.0,"enemies":"Jaw Worm","floor":1.0,"turns":1.0},{"damage":0.0,"enemies":"2 Louse","floor":2.0,"turns":1.0},{"damage":0.0,"enemies":"Cultist","floor":3.0,"turns":1.0},{"damage":6.0,"enemies":"Red Slaver","floor":4.0,"turns":5.0},{"damage":2.0,"enemies":"Large Slime","floor":7.0,"turns":6.0},{"damage":0.0,"enemies":"2 Fungi Beasts","floor":10.0,"turns":3.0},{"damage":0.0,"enemies":"3 Louse","floor":13.0,"turns":4.0},{"damage":8.0,"enemies":"Gremlin Gang","floor":14.0,"turns":4.0},{"damage":23.0,"enemies":"Hexaghost","floor":16.0,"turns":10.0},{"damage":3,"enemies":"Shell Parasite","floor":18,"turns":5},{"damage":20,"enemies":"2 Thieves","floor":21,"turns":3},{"damage":40,"enemies":"Centurion and Healer","floor":22,"turns":6},{"damage":0,"enemies":"Snecko","floor":27,"turns":3},{"damage":15,"enemies":"Gremlin Leader","floor":29,"turns":4},{"damage":20,"enemies":"Snake Plant","floor":31,"turns":5},{"damage":22,"enemies":"Collector","floor":33,"turns":5},{"damage":55,"enemies":"3 Shapes","floor":35,"turns":4},{"damage":30,"enemies":"Orb Walker","floor":36,"turns":5}],"seed_played":"-4289827727017515556","potions_obtained":[{"floor":1.0,"key":"Block Potion"},{"floor":4.0,"key":"Fire Potion"},{"floor":10.0,"key":"Swift Potion"},{"floor":13.0,"key":"Block Potion"},{"floor":16.0,"key":"FearPotion"},{"floor":17,"key":"Strength Potion"},{"floor":22,"key":"SteroidPotion"},{"floor":27,"key":"GhostInAJar"},{"floor":31,"key":"GhostInAJar"},{"floor":33,"key":"FearPotion"},{"floor":35,"key":"SneckoOil"}],"is_trial":false,"path_per_floor":["M","M","M","M","?","?","M","R","T","M","?","R","M","M","R","B",null,"M","$","$","M","M","R","$","R","T","M","R","E","R","M","R","B",null,"M","M"],"character_chosen":"THE_SILENT","items_purchased":["Medical Kit","Well Laid Plans","Catalyst","After Image"],"campfire_rested":3,"item_purchase_floors":[19,19,20,24],"current_hp_per_floor":[70,70,70,64,53,70,68,68,68,68,68,68,68,60,60,37,75,72,72,72,52,12,34,34,56,56,56,56,41,41,21,43,21,75,20,0],"gold":168,"neow_bonus":"THREE_ENEMY_KILL","is_prod":false,"is_daily":false,"chose_seed":false,"campfire_upgraded":5,"win_rate":0.0,"timestamp":1552383001,"path_taken":["M","M","M","M","?","?","M","R","T","M","?","R","M","M","R","BOSS","M","?","$","M","?","R","$","R","T","M","R","E","R","M","R","BOSS","M","M"],"build_version":"2019-01-23","purchased_purges":1,"victory":false,"max_hp_per_floor":[70,70,70,70,70,70,70,70,70,70,70,70,70,70,70,70,75,75,75,75,75,75,75,75,75,75,75,75,75,75,75,75,75,75,75,75],"card_choices":[{"not_picked":["Prepared","Masterful Stab"],"picked":"Sucker Punch","floor":1.0},{"not_picked":["Dodge and Roll","Deflect"],"picked":"Outmaneuver","floor":2.0},{"not_picked":["Caltrops","Die Die Die"],"picked":"Deadly Poison","floor":3.0},{"not_picked":["Reflex","Dagger Spray"],"picked":"Catalyst","floor":4.0},{"not_picked":["Dodge and Roll","Reflex"],"picked":"Choke","floor":7.0},{"not_picked":["Calculated Gamble","Acrobatics"],"picked":"Deadly Poison","floor":10.0},{"not_picked":["Heel Hook","Backstab"],"picked":"Skewer","floor":13.0},{"not_picked":["Outmaneuver","Deadly Poison"],"picked":"Distraction","floor":14.0},{"not_picked":["Doppelganger","Die Die Die"],"picked":"Adrenaline","floor":16.0},{"not_picked":["Blade Dance","Quick Slash"],"picked":"Bane","floor":17},{"not_picked":["All Out Attack","Dagger Spray+1"],"picked":"Backflip","floor":18},{"not_picked":["Eviscerate+1","Prepared"],"picked":"Envenom","floor":21},{"not_picked":["Slice","Quick Slash"],"picked":"Backflip","floor":22},{"not_picked":["Deflect","Prepared","Blade Dance"],"picked":"SKIP","floor":27},{"not_picked":["Dodge and Roll","Dagger Spray","Heel Hook"],"picked":"SKIP","floor":29},{"not_picked":["Prepared+1","Slice","Deflect"],"picked":"SKIP","floor":31},{"not_picked":["Wraith Form v2","Die Die Die"],"picked":"Envenom","floor":33},{"not_picked":["Blade Dance","Escape Plan+1","Cloak And Dagger"],"picked":"SKIP","floor":35}],"player_experience":50424,"relics_obtained":[{"floor":9.0,"key":"War Paint"},{"floor":26,"key":"Paper Crane"},{"floor":29,"key":"PreservedInsect"}],"event_choices":[{"damage_healed":0.0,"max_hp_gain":0.0,"max_hp_loss":0.0,"gold_gain":75.0,"event_name":"World of Goop","player_choice":"Gather Gold","floor":5.0,"gold_loss":0.0,"damage_taken":11.0},{"damage_healed":17.0,"max_hp_gain":0.0,"max_hp_loss":0.0,"gold_gain":0.0,"event_name":"The Cleric","player_choice":"Healed","floor":6.0,"gold_loss":35.0,"damage_taken":0.0},{"damage_healed":0.0,"max_hp_gain":0.0,"max_hp_loss":0.0,"gold_gain":0.0,"event_name":"The Woman in Blue","player_choice":"Bought 0 Potions","floor":11.0,"gold_loss":0.0,"damage_taken":0.0}],"is_beta":false,"boss_relics":[{"not_picked":["Black Star","HoveringKite"],"picked":"Tiny House"},{"not_picked":["Philosopher\u0027s Stone","WristBlade"],"picked":"White Beast Statue"}],"items_purged_floors":[19],"is_endless":false,"potions_floor_spawned":[1,4,10,13,16,22,27,31,33,35],"killed_by":"Orb Walker","ascension_level":0}