{"gold_per_floor":[215,145,160,170,183,183,208,208,235,260,260,272,287,302,302,376,376,389,134,33,51,51],"floor_reached":22,"playtime":674,"items_purged":[],"score":327,"play_id":"0fe1b528-04f2-48af-80e3-e30764db4897","local_time":"20180922192214","is_ascension_mode":true,"campfire_choices":[{"data":"Sunder","floor":6,"key":"SMITH"},{"data":"Consume","floor":11,"key":"SMITH"},{"data":"Beam Cell","floor":15,"key":"SMITH"}],"neow_cost":"NONE","seed_source_timestamp":258079314821783,"circlet_count":0,"master_deck":["Strike_B","Strike_B+1","Strike_B+1","Strike_B","Defend_B","Defend_B+1","Defend_B","Defend_B","Zap","Dualcast","AscendersBane","Self Repair","Sunder+1","Conserve Battery+1","Beam Cell+1","Consume+1","Hyperbeam","Coolheaded","Meteor Strike","Good Instincts"],"relics":["Cracked Core","Whetstone","Art of War","War Paint","Busted Crown","Matryoshka"],"potions_floor_usage":[10,10,16,18],"damage_taken":[{"damage":1,"enemies":"Cultist","floor":1,"turns":3},{"damage":3,"enemies":"2 Louse","floor":3,"turns":2},{"damage":0,"enemies":"Small Slimes","floor":4,"turns":2},{"damage":0,"enemies":"3 Louse","floor":5,"turns":3},{"damage":32,"enemies":"Gremlin Nob","floor":7,"turns":4},{"damage":8,"enemies":"3 Sentries","floor":10,"turns":3},{"damage":3,"enemies":"Blue Slaver","floor":12,"turns":2},{"damage":11,"enemies":"Looter","floor":13,"turns":2},{"damage":0,"enemies":"3 Louse","floor":14,"turns":2},{"damage":69,"enemies":"Hexaghost","floor":16,"turns":9},{"damage":23,"enemies":"2 Thieves","floor":18,"turns":3},{"damage":29,"enemies":"3 Byrds","floor":21,"turns":5},{"damage":33,"enemies":"Sentry and Sphere","floor":22,"turns":5}],"seed_played":"-9151298291748718343","potions_obtained":[{"floor":5,"key":"Explosive Potion"},{"floor":7,"key":"PowerPotion"},{"floor":10,"key":"PowerPotion"},{"floor":12,"key":"LiquidBronze"},{"floor":14,"key":"SkillPotion"},{"floor":18,"key":"Dexterity Potion"}],"is_trial":false,"path_per_floor":["M","$","M","M","M","R","E","?","T","E","R","M","M","M","R","B",null,"M","$","$","M"],"character_chosen":"DEFECT","items_purchased":["Sunder","Matryoshka","Good Instincts"],"campfire_rested":0,"item_purchase_floors":[2,19,20],"current_hp_per_floor":[67,67,71,71,71,71,46,85,85,84,84,81,70,77,77,15,68,52,52,52,30,0],"gold":51,"neow_bonus":"HUNDRED_GOLD","is_prod":false,"is_daily":false,"chose_seed":false,"campfire_upgraded":3,"win_rate":0,"timestamp":1537658534,"path_taken":["M","$","M","M","M","R","E","?","T","E","R","M","?","M","R","BOSS","M","?","$","M","M"],"build_version":"2018-09-20","purchased_purges":0,"victory":false,"max_hp_per_floor":[75,75,75,75,75,75,75,85,85,85,85,85,85,85,85,85,85,85,85,85,85,85],"card_choices":[{"not_picked":["Leap","Sweeping Beam"],"picked":"Self Repair","floor":1},{"not_picked":["Go for the Eyes","Barrage"],"picked":"Conserve Battery","floor":3},{"not_picked":["Stack","Go for the Eyes"],"picked":"Beam Cell","floor":4},{"not_picked":["Redo","Stack","Hello World"],"picked":"SKIP","floor":5},{"not_picked":["Genetic Algorithm","Coolheaded"],"picked":"All For One","floor":7},{"not_picked":["Rebound","Sweeping Beam"],"picked":"Consume","floor":10},{"not_picked":["Streamline","Double Energy","Compile Driver"],"picked":"SKIP","floor":12},{"not_picked":["Stack","Hologram"],"picked":"Hyperbeam","floor":13},{"not_picked":["Barrage","Steam"],"picked":"Coolheaded","floor":14},{"not_picked":["Seek","Fission"],"picked":"Meteor Strike","floor":16},{"not_picked":["Gash"],"picked":"SKIP","floor":18},{"not_picked":["Compile Driver"],"picked":"SKIP","floor":21}],"player_experience":571678,"relics_obtained":[{"floor":7,"key":"Whetstone"},{"floor":9,"key":"Art of War"},{"floor":10,"key":"War Paint"}],"event_choices":[{"event_name":"Bonfire Elementals","player_choice":"RARE","floor":8,"damage_taken":0}],"is_beta":false,"boss_relics":[{"not_picked":["Runic Dome","Empty Cage"],"picked":"Busted Crown"}],"items_purged_floors":[],"is_endless":false,"potions_floor_spawned":[5,7,10,12,14,18],"killed_by":"Sentry and Sphere","ascension_level":13}