{"path_per_floor":["M","?","?","?","?","R","M","E","T","$","R","M","M","$","R","B",null,"M","?","?","$","M","R","E","M","T","M","R","E","M","M","R","B",null,"M","M","M","$","M","E","M","?","T","M","R","E","$","?","R","B"],"character_chosen":"THE_SILENT","items_purchased":["Deadly Poison","Prepared","GhostInAJar","SteroidPotion","Eviscerate"],"gold_per_floor":[109,109,109,109,109,109,128,161,161,60,60,74,87,39,39,134,134,145,145,145,45,61,61,92,112,138,154,154,183,195,208,208,304,304,314,327,345,94,110,144,160,160,160,177,177,210,24,24,24,24],"floor_reached":51,"campfire_rested":0,"playtime":3302,"item_purchase_floors":[10,14,38,38,47],"current_hp_per_floor":[70,56,44,37,60,60,60,33,33,33,33,45,45,45,45,46,70,70,70,70,70,70,70,70,70,70,70,70,62,62,62,62,52,70,70,70,64,64,64,59,59,59,59,59,59,59,59,70,70,70],"items_purged":["Strike_G","Strike_G","Defend_G","Writhe"],"gold":24,"score":1011,"play_id":"4e007534-861e-4c56-b82e-fb99bc31f4fd","local_time":"20180530015749","is_prod":false,"is_daily":false,"chose_seed":false,"is_ascension_mode":true,"campfire_upgraded":8,"win_rate":0,"timestamp":1527616669,"campfire_choices":[{"data":"Prepared","floor":6,"key":"SMITH"},{"data":"Deadly Poison","floor":11,"key":"SMITH"},{"data":"Prepared","floor":15,"key":"SMITH"},{"data":"Adrenaline","floor":23,"key":"SMITH"},{"data":"Calculated Gamble","floor":28,"key":"SMITH"},{"data":"Reflex","floor":32,"key":"SMITH"},{"data":"Adrenaline","floor":45,"key":"SMITH"},{"data":"Eviscerate","floor":49,"key":"SMITH"}],"path_taken":["M","?","?","?","?","R","M","E","T","$","R","M","M","?","R","BOSS","M","?","?","$","M","R","E","M","T","M","R","E","M","M","R","BOSS","M","M","M","$","M","E","M","?","T","M","R","E","$","?","R","BOSS"],"build_version":"2018-05-24","seed_source_timestamp":147252344884102,"purchased_purges":4,"victory":true,"master_deck":["Defend_G","Defend_G+1","Defend_G+1","Survivor","Neutralize","Prepared+1","Heel Hook","Deadly Poison+1","Eviscerate","Reflex+1","Prepared+1","Adrenaline+1","Backstab+1","Sucker Punch+1","Crippling Poison+1","Calculated Gamble+1","Heel Hook+1","Escape Plan","Tactician","Underhanded Strike+1","Adrenaline+1","Tactician","Quick Slash+1","Dagger Throw+1","Predator+1","Eviscerate+1","Writhe"],"max_hp_per_floor":[70,70,70,70,70,70,70,70,70,70,70,70,70,70,70,70,70,70,70,70,70,70,70,70,70,70,70,70,70,70,70,70,70,70,70,70,70,70,70,70,70,70,70,70,70,70,70,70,70,70],"relics":["Ring of the Snake","Thread and Needle","Dead Branch","Meat on the Bone","Toolbox","Astrolabe","Art of War","Ancient Tea Set","Shuriken","Cursed Key","Sundial","Ninja Scroll","Potion Belt"],"card_choices":[{"not_picked":["Flying Knee","Bane"],"picked":"Prepared","floor":1},{"not_picked":["Catalyst","Dash"],"picked":"Heel Hook","floor":7},{"not_picked":["Bane","Accuracy","Cloak And Dagger"],"picked":"SKIP","floor":8},{"not_picked":["Flying Knee","Concentrate"],"picked":"Eviscerate","floor":12},{"not_picked":["Terror","Noxious Fumes"],"picked":"Reflex","floor":13},{"not_picked":["Unload","Wraith Form v2"],"picked":"Adrenaline","floor":16},{"not_picked":["Deflect","Sucker Punch","Dagger Throw"],"picked":"SKIP","floor":18},{"not_picked":["Outmaneuver","Setup+1"],"picked":"Calculated Gamble","floor":22},{"not_picked":["Dagger Throw","Finisher","Deflect+1"],"picked":"SKIP","floor":24},{"not_picked":["Deflect","Outmaneuver","PiercingWail+1"],"picked":"SKIP","floor":25},{"not_picked":["Cloak And Dagger+1","Bane","Dagger Spray"],"picked":"SKIP","floor":27},{"not_picked":["Cloak And Dagger+1","Bane","Dagger Spray"],"picked":"SKIP","floor":27},{"not_picked":["Expertise","Dagger Spray"],"picked":"Heel Hook+1","floor":29},{"not_picked":["Sucker Punch+1","Concentrate"],"picked":"Escape Plan","floor":30},{"not_picked":["Acrobatics+1","Deadly Poison","Dagger Throw+1"],"picked":"SKIP","floor":31},{"not_picked":["Envenom","Phantasmal Killer"],"picked":"Tactician","floor":33},{"not_picked":["Bane","Dagger Spray+1","Caltrops"],"picked":"SKIP","floor":35},{"not_picked":["Expertise","Dodge and Roll","Flying Knee"],"picked":"SKIP","floor":36},{"not_picked":["Expertise","Bane+1"],"picked":"Underhanded Strike+1","floor":37},{"not_picked":["Dagger Spray+1","Backflip+1"],"picked":"Adrenaline","floor":39},{"not_picked":["Noxious Fumes+1","Acrobatics"],"picked":"Tactician","floor":40},{"not_picked":["Blade Dance","Acrobatics"],"picked":"Quick Slash+1","floor":41},{"not_picked":["PiercingWail","Flying Knee+1"],"picked":"Dagger Throw+1","floor":44},{"not_picked":["Caltrops","Masterful Stab+1"],"picked":"Predator+1","floor":46}],"player_experience":195644,"potions_floor_usage":[8,16,16,27,29,30,33,33,33,50,50,50],"damage_taken":[{"damage":0,"enemies":"Small Slimes","floor":1,"turns":4},{"damage":0,"enemies":"2 Louse","floor":7,"turns":4},{"damage":27,"enemies":"Gremlin Nob","floor":8,"turns":5},{"damage":0,"enemies":"Cultist","floor":12,"turns":2},{"damage":0,"enemies":"Large Slime","floor":13,"turns":6},{"damage":11,"enemies":"Hexaghost","floor":16,"turns":9},{"damage":0,"enemies":"2 Thieves","floor":18,"turns":2},{"damage":0,"enemies":"3 Byrds","floor":22,"turns":2},{"damage":0,"enemies":"Slavers","floor":24,"turns":3},{"damage":0,"enemies":"Snecko","floor":25,"turns":2},{"damage":0,"enemies":"Centurion and Healer","floor":27,"turns":3},{"damage":8,"enemies":"Book of Stabbing","floor":29,"turns":3},{"damage":0,"enemies":"Cultist and Chosen","floor":30,"turns":4},{"damage":0,"enemies":"Slaver and Parasite","floor":31,"turns":1},{"damage":10,"enemies":"Automaton","floor":33,"turns":3},{"damage":0,"enemies":"Orb Walker","floor":35,"turns":1},{"damage":0,"enemies":"3 Shapes","floor":36,"turns":2},{"damage":6,"enemies":"Maw","floor":37,"turns":7},{"damage":0,"enemies":"Sphere and 2 Shapes","floor":39,"turns":2},{"damage":5,"enemies":"2 Orb Walkers","floor":40,"turns":3},{"damage":0,"enemies":"3 Darklings","floor":41,"turns":2},{"damage":0,"enemies":"4 Shapes","floor":44,"turns":1},{"damage":0,"enemies":"Giant Head","floor":46,"turns":3},{"damage":0,"enemies":"Donu and Deca","floor":50,"turns":4}],"relics_obtained":[{"floor":8,"key":"Meat on the Bone"},{"floor":9,"key":"Toolbox"},{"floor":24,"key":"Art of War"},{"floor":26,"key":"Ancient Tea Set"},{"floor":29,"key":"Shuriken"},{"floor":40,"key":"Sundial"},{"floor":43,"key":"Ninja Scroll"},{"floor":46,"key":"Potion Belt"}],"event_choices":[{"event_name":"Shining Light","player_choice":"Entered Light","floor":2,"damage_taken":0},{"event_name":"Scrap Ooze","player_choice":"success","floor":3,"damage_taken":12},{"event_name":"Golden Wing","player_choice":"Card Removal","floor":4,"damage_taken":0},{"event_name":"Big Fish","player_choice":"Banana","floor":5,"damage_taken":0},{"event_name":"Bonfire Elementals","player_choice":"BASIC","floor":19,"damage_taken":0},{"event_name":"Drug Dealer","player_choice":"Ignored","floor":20,"damage_taken":0},{"event_name":"The Woman in Blue","player_choice":"Bought 0 Potions","floor":42,"damage_taken":0},{"event_name":"Winding Halls","player_choice":"Writhe","floor":48,"damage_taken":0}],"boss_relics":[{"not_picked":["Runic Dome","Black Star"],"picked":"Astrolabe"},{"not_picked":["Philosopher\u0027s Stone","Tiny House"],"picked":"Cursed Key"}],"items_purged_floors":[10,21,38,47],"potions_floor_spawned":[7,12,13,25,27,29,30,39,40,41,44],"seed_played":"26949546738956359","ascension_level":4,"potions_obtained":[{"floor":7,"key":"GamblersBrew"},{"floor":12,"key":"Strength Potion"},{"floor":13,"key":"SkillPotion"},{"floor":25,"key":"FearPotion"},{"floor":27,"key":"SteroidPotion"},{"floor":29,"key":"Poison Potion"},{"floor":30,"key":"Swift Potion"},{"floor":39,"key":"SmokeBomb"},{"floor":40,"key":"FearPotion"},{"floor":44,"key":"GhostInAJar"}],"is_trial":false}