{"gold_per_floor":[111,186,201,201,217,217,64,64,64,64,81,81,99,99,99,204,204,222,321,338,338,351,378,202,202],"floor_reached":25,"playtime":995,"items_purged":["Strike_B","Strike_B"],"score":232,"play_id":"7aa61b79-9e67-41d3-9750-414121f9f5e5","local_time":"20180723223149","is_ascension_mode":true,"campfire_choices":[{"data":"Zap","floor":6.0,"key":"SMITH"},{"data":"Defragment","floor":8.0,"key":"SMITH"},{"data":"Dualcast","floor":10.0,"key":"SMITH"},{"data":"Glacier","floor":12.0,"key":"SMITH"},{"data":"Redo","floor":15.0,"key":"SMITH"}],"neow_cost":"","seed_source_timestamp":0,"circlet_count":0,"master_deck":["Strike_B","Defend_B","Defend_B","Defend_B","Zap+1","Dualcast+1","White Noise+1","Glacier+1","Defragment+1","Redo+1","Electrodynamics","Redo","BootSequence+1","Darkness"],"special_seed":0,"relics":["Cracked Core","Molten Egg 2","Empty Cage","Bag of Marbles"],"potions_floor_usage":[18,23,23,23],"damage_taken":[{"damage":0.0,"enemies":"Small Slimes","floor":1.0,"turns":2.0},{"damage":2.0,"enemies":"Jaw Worm","floor":3.0,"turns":3.0},{"damage":0.0,"enemies":"Cultist","floor":5.0,"turns":3.0},{"damage":9.0,"enemies":"3 Louse","floor":11.0,"turns":3.0},{"damage":0.0,"enemies":"Large Slime","floor":13.0,"turns":7.0},{"damage":10,"enemies":"Slime Boss","floor":16,"turns":9},{"damage":13,"enemies":"3 Byrds","floor":18,"turns":3},{"damage":12,"enemies":"Chosen","floor":20,"turns":4},{"damage":4,"enemies":"Snake Plant","floor":22,"turns":4},{"damage":26,"enemies":"Slavers","floor":23,"turns":2},{"damage":24,"enemies":"Book of Stabbing","floor":25,"turns":6}],"seed_played":"5243634036626777455","potions_obtained":[{"floor":3.0,"key":"LiquidBronze"},{"floor":5.0,"key":"Strength Potion"},{"floor":11.0,"key":"EssenceOfSteel"},{"floor":20,"key":"EssenceOfSteel"},{"floor":22,"key":"FocusPotion"}],"is_trial":false,"path_per_floor":["M","?","M","?","M","R","$","R","T","R","M","R","M","?","R","B",null,"M","?","M","?","M","E","$"],"character_chosen":"DEFECT","items_purchased":["Defragment","Darkness"],"campfire_rested":0,"item_purchase_floors":[7,24],"current_hp_per_floor":[75,64,62,62,62,62,62,62,62,62,53,53,53,53,53,43,75,62,62,50,50,46,20,20,0],"gold":202,"neow_bonus":"","is_prod":false,"is_daily":false,"chose_seed":false,"campfire_upgraded":5,"win_rate":0,"timestamp":1532377909,"path_taken":["M","?","?","?","M","R","$","R","T","R","M","R","M","?","R","BOSS","M","?","M","?","M","E","$","E"],"build_version":"2018-07-19v2","purchased_purges":2,"victory":false,"max_hp_per_floor":[75,75,75,75,75,75,75,75,75,75,75,75,75,75,75,75,75,75,75,75,75,75,75,75,75],"card_choices":[{"not_picked":["Steam","Hologram","Streamline"],"picked":"SKIP","floor":1.0},{"not_picked":["Hello World","Genetic Algorithm"],"picked":"White Noise","floor":3.0},{"not_picked":["Stack","Darkness"],"picked":"Glacier","floor":5.0},{"not_picked":["Sweeping Beam+1","Tempest","Streamline+1"],"picked":"SKIP","floor":11.0},{"not_picked":["Tempest","Coolheaded"],"picked":"Redo","floor":13.0},{"not_picked":["Fission","Seek"],"picked":"Electrodynamics","floor":16},{"not_picked":["Turbo","Coolheaded+1"],"picked":"Redo","floor":18},{"not_picked":["Conserve Battery+1","Gash+1","Cold Snap+1"],"picked":"SKIP","floor":20},{"not_picked":["Core Surge+1","Hologram","Conserve Battery"],"picked":"SKIP","floor":22},{"not_picked":["Barrage+1","Aggregate+1"],"picked":"BootSequence+1","floor":23}],"player_experience":328587,"relics_obtained":[{"floor":9.0,"key":"Molten Egg 2"},{"floor":23,"key":"Bag of Marbles"}],"event_choices":[{"event_name":"World of Goop","player_choice":"Gather Gold","floor":2.0,"damage_taken":0.0},{"event_name":"Living Wall","player_choice":"Grow","floor":4.0,"damage_taken":0.0},{"event_name":"Liars Game","player_choice":"disagreed","floor":14.0,"damage_taken":0.0},{"event_name":"Nest","player_choice":"Stole From Cult","floor":19,"damage_taken":0},{"event_name":"Vampires","player_choice":"Ignored","floor":21,"damage_taken":0}],"is_beta":false,"boss_relics":[{"not_picked":["Coffee Dripper","Velvet Choker"],"picked":"Empty Cage"}],"items_purged_floors":[7,24],"is_endless":false,"potions_floor_spawned":[3,5,11,16,20,22],"killed_by":"Book of Stabbing","ascension_level":2}