{"path_per_floor":["M","?","M","$","?","M","E","M","T","R","M","M","M","$","R"],"character_chosen":"IRONCLAD","items_purchased":["True Grit"],"gold_per_floor":[110,110,128,31,31,51,84,105,105,105,129,143,158,58,58,58],"floor_reached":16,"campfire_rested":1,"playtime":786,"current_hp_per_floor":[78,78,72,72,52,53,28,14,14,38,39,44,40,40,40,0],"items_purged":["Injury","Strike_R"],"gold":58,"score":125,"play_id":"025d3dba-07c7-4fa5-9786-cb475eeb4293","local_time":"20180515114611","is_prod":false,"is_daily":false,"chose_seed":false,"is_ascension_mode":true,"campfire_upgraded":1,"timestamp":1526355971,"path_taken":["M","?","?","$","?","M","E","M","T","R","M","?","M","?","R","BOSS"],"build_version":"2018-05-10","seed_source_timestamp":7697082394222,"purchased_purges":2,"victory":false,"master_deck":["Strike_R","Strike_R","Strike_R","Strike_R","Defend_R","Defend_R","Defend_R","Defend_R","Bash","Parasite","Armaments+1","Entrench+1","True Grit","Battle Trance","Warcry","Metallicize","Havoc"],"max_hp_per_floor":[80,80,80,80,80,80,80,80,80,80,80,80,80,80,80,80],"relics":["Burning Blood","Calipers","Golden Idol","Charon\u0027s Ashes","Gremlin Horn"],"card_choices":[{"not_picked":["Body Slam","Clash"],"picked":"Armaments","floor":1},{"not_picked":["Warcry","Shockwave"],"picked":"Entrench","floor":3},{"not_picked":["True Grit","Cleave"],"picked":"Battle Trance","floor":6},{"not_picked":["Cleave","Demon Form"],"picked":"Warcry","floor":8},{"not_picked":["Havoc","Thunderclap"],"picked":"Metallicize","floor":11},{"not_picked":["Headbutt","Heavy Blade"],"picked":"Havoc","floor":12}],"player_experience":174005,"potions_floor_usage":[3,7,13,16],"damage_taken":[{"damage":8,"enemies":"Jaw Worm","floor":1,"turns":4},{"damage":12,"enemies":"Cultist","floor":3,"turns":5},{"damage":5,"enemies":"2 Louse","floor":6,"turns":3},{"damage":31,"enemies":"Lagavulin","floor":7,"turns":8},{"damage":20,"enemies":"Gremlin Gang","floor":8,"turns":5},{"damage":5,"enemies":"Exordium Wildlife","floor":11,"turns":5},{"damage":1,"enemies":"2 Fungi Beasts","floor":12,"turns":3},{"damage":10,"enemies":"Lots of Slimes","floor":13,"turns":4},{"damage":42,"enemies":"Hexaghost","floor":16,"turns":14}],"event_choices":[{"event_name":"Accursed Blacksmith","player_choice":"Forge","floor":2,"damage_taken":0},{"event_name":"Golden Idol","player_choice":"Take Damage","floor":5,"damage_taken":0}],"boss_relics":[],"potions_floor_spawned":[1,6,11,12,13],"seed_played":"3665386737879196312","killed_by":"Hexaghost","ascension_level":4,"is_trial":false}