{"gold_per_floor":[110,122,139,139,139,139,182,202,202,202],"floor_reached":10,"playtime":767,"items_purged":[],"score":71,"play_id":"31605e12-b75d-45a9-bb26-36a72a0ae8db","local_time":"20190401131002","is_ascension_mode":true,"campfire_choices":[{"floor":6,"key":"RECALL"}],"neow_cost":"PERCENT_DAMAGE","seed_source_timestamp":1695430233357033,"circlet_count":0,"master_deck":["Defend_G","Defend_G","Defend_G","Defend_G","Defend_G","Strike_G","Strike_G","Strike_G","Strike_G","Strike_G","Survivor","Neutralize","Poisoned Stab","Quick Slash","After Image","Injury","After Image","Accuracy"],"relics":["Ring of the Snake","Torii","Golden Idol","StoneCalendar"],"potions_floor_usage":[7,7,10],"damage_taken":[{"damage":0,"enemies":"Small Slimes","floor":1,"turns":3},{"damage":7,"enemies":"2 Louse","floor":2,"turns":3},{"damage":0,"enemies":"Cultist","floor":3,"turns":3},{"damage":33,"enemies":"Lagavulin","floor":7,"turns":13},{"damage":1,"enemies":"Red Slaver","floor":8,"turns":5},{"damage":13,"enemies":"Gremlin Nob","floor":10,"turns":3}],"seed_played":"-2663407232588315692","potions_obtained":[{"floor":2,"key":"EssenceOfSteel"},{"floor":3,"key":"PowerPotion"},{"floor":7,"key":"Explosive Potion"}],"is_trial":false,"path_per_floor":["M","M","M","?","?","R","E","M","T","E"],"character_chosen":"THE_SILENT","items_purchased":[],"campfire_rested":0,"item_purchase_floors":[],"current_hp_per_floor":[49,42,42,42,42,42,9,8,8,0],"gold":202,"neow_bonus":"ONE_RARE_RELIC","is_prod":false,"is_daily":false,"chose_seed":false,"campfire_upgraded":0,"win_rate":0,"timestamp":1554142202,"path_taken":["M","M","M","?","?","R","E","M","T","E"],"build_version":"2019-01-23","purchased_purges":0,"victory":false,"max_hp_per_floor":[70,70,70,70,70,70,70,70,70,70],"card_choices":[{"not_picked":["Prepared","PiercingWail"],"picked":"Poisoned Stab","floor":1},{"not_picked":["Flechettes","Acrobatics"],"picked":"Quick Slash","floor":2},{"not_picked":["Setup","Dagger Spray"],"picked":"After Image","floor":3},{"not_picked":["Dash","Deadly Poison"],"picked":"After Image","floor":7},{"not_picked":["Underhanded Strike","Blur"],"picked":"Accuracy","floor":8}],"player_experience":139248,"relics_obtained":[{"floor":7,"key":"StoneCalendar"}],"event_choices":[{"damage_healed":0,"gold_gain":0,"player_choice":"Ignored","damage_taken":0,"max_hp_gain":0,"max_hp_loss":0,"event_name":"Golden Wing","floor":4,"gold_loss":0},{"damage_healed":0,"gold_gain":0,"player_choice":"Take Wound","damage_taken":0,"relics_obtained":["Golden Idol"],"max_hp_gain":0,"max_hp_loss":0,"event_name":"Golden Idol","floor":5,"gold_loss":0,"cards_obtained":["Injury"]}],"is_beta":false,"boss_relics":[],"items_purged_floors":[],"is_endless":false,"potions_floor_spawned":[2,3,7],"killed_by":"Gremlin Nob","ascension_level":1}