{"gold_per_floor":[111,111,130,141,161,161,171,171,171,200,200,200,217,232,232,232],"floor_reached":16,"playtime":1671,"items_purged":[],"score":104,"play_id":"abe3de7a-63be-4708-a35c-ab80a8a91386","local_time":"20190427192803","is_ascension_mode":false,"campfire_choices":[{"data":"Coolheaded","floor":6,"key":"SMITH"},{"data":"Streamline","floor":8,"key":"SMITH"},{"data":"Barrage","floor":12,"key":"SMITH"},{"data":"White Noise","floor":15,"key":"SMITH"}],"neow_cost":"NONE","seed_source_timestamp":1456980410746651,"circlet_count":0,"master_deck":["Strike_B","Strike_B","Strike_B","Strike_B","Defend_B","Defend_B","Defend_B","Defend_B","Zap+1","Dualcast","Thunder Strike","Coolheaded+1","Barrage+1","Blizzard","Streamline+1","Heatsinks","Cold Snap","Regret","White Noise+1","Capacitor+1"],"relics":["Cracked Core","Singing Bowl","Shuriken","Frozen Egg 2"],"potions_floor_usage":[16],"damage_taken":[{"damage":1,"enemies":"Jaw Worm","floor":1,"turns":3},{"damage":0,"enemies":"Cultist","floor":3,"turns":3},{"damage":2,"enemies":"Small Slimes","floor":4,"turns":3},{"damage":12,"enemies":"Exordium Wildlife","floor":5,"turns":5},{"damage":0,"enemies":"3 Louse","floor":7,"turns":2},{"damage":31,"enemies":"Lagavulin","floor":10,"turns":7},{"damage":6,"enemies":"Lots of Slimes","floor":13,"turns":4},{"damage":22,"enemies":"Exordium Wildlife","floor":14,"turns":4},{"damage":3,"enemies":"Slime Boss","floor":16,"turns":3}],"seed_played":"798771941126942067","potions_obtained":[{"floor":4,"key":"Strength Potion"},{"floor":13,"key":"Swift Potion"}],"is_trial":false,"path_per_floor":["M","?","M","M","M","R","M","R","T","E","?","R","M","M","R","B"],"character_chosen":"DEFECT","items_purchased":[],"campfire_rested":0,"item_purchase_floors":[],"current_hp_per_floor":[74,74,74,72,60,60,60,60,60,29,29,29,23,1,1,0],"gold":232,"neow_bonus":"ONE_RANDOM_RARE_CARD","is_prod":false,"is_daily":false,"chose_seed":false,"campfire_upgraded":4,"win_rate":0,"timestamp":1556411283,"path_taken":["M","?","?","M","M","R","M","R","T","E","?","R","M","M","R","BOSS"],"build_version":"2019-01-23","purchased_purges":0,"victory":false,"max_hp_per_floor":[75,75,75,75,75,75,75,75,75,75,75,75,75,75,75,75],"card_choices":[{"not_picked":["Redo","Scrape"],"picked":"Coolheaded","floor":1},{"not_picked":["Reinforced Body","Stack"],"picked":"Barrage","floor":3},{"not_picked":["Auto Shields","Leap"],"picked":"Blizzard","floor":4},{"not_picked":["Hologram","Ball Lightning"],"picked":"Streamline","floor":5},{"not_picked":["Reinforced Body","Sunder"],"picked":"Heatsinks","floor":7},{"not_picked":["Steam","Self Repair"],"picked":"Cold Snap","floor":10},{"not_picked":["Barrage","Scrape"],"picked":"White Noise","floor":13},{"not_picked":["Go for the Eyes","Stack"],"picked":"Capacitor+1","floor":14}],"player_experience":239028,"relics_obtained":[{"floor":9,"key":"Singing Bowl"},{"floor":10,"key":"Shuriken"}],"event_choices":[{"damage_healed":0,"gold_gain":0,"player_choice":"Upgraded","damage_taken":0,"max_hp_gain":0,"max_hp_loss":0,"event_name":"Upgrade Shrine","floor":2,"gold_loss":0,"cards_upgraded":["Zap"]},{"damage_healed":0,"gold_gain":0,"player_choice":"Box","damage_taken":0,"relics_obtained":["Frozen Egg 2"],"max_hp_gain":0,"max_hp_loss":0,"event_name":"Big Fish","floor":11,"gold_loss":0,"cards_obtained":["Regret"]}],"is_beta":false,"boss_relics":[],"items_purged_floors":[],"is_endless":false,"potions_floor_spawned":[4,13],"killed_by":"Slime Boss","ascension_level":0}