{"gold_per_floor":[117,192,207,207,225,225,236,250,295,295],"floor_reached":10,"playtime":228,"items_purged":[],"score":84,"play_id":"2388b9dc-7dee-4d2e-96c8-6ed3d92e5beb","local_time":"20190409223405","is_ascension_mode":true,"campfire_choices":[{"data":"1","floor":6,"key":"LIFT"}],"neow_cost":"PERCENT_DAMAGE","seed_source_timestamp":2382842571976047,"circlet_count":0,"master_deck":["Strike_B","Strike_B","Strike_B","Strike_B","Defend_B","Defend_B+1","Defend_B","Defend_B","Zap","Dualcast","Defragment+1","Rip and Tear","Force Field+1","Go for the Eyes","Multi-Cast"],"relics":["Cracked Core","Girya","War Paint"],"potions_floor_usage":[3,7,8],"damage_taken":[{"damage":6,"enemies":"2 Louse","floor":1,"turns":2},{"damage":5,"enemies":"Small Slimes","floor":3,"turns":3},{"damage":9,"enemies":"Jaw Worm","floor":5,"turns":3},{"damage":14,"enemies":"Red Slaver","floor":7,"turns":2},{"damage":0,"enemies":"Exordium Wildlife","floor":8,"turns":4},{"damage":18,"enemies":"Large Slime","floor":10,"turns":1}],"seed_played":"3839848876005897028","potions_obtained":[{"floor":1,"key":"Energy Potion"},{"floor":5,"key":"FocusPotion"},{"floor":7,"key":"SkillPotion"}],"is_trial":false,"path_per_floor":["M","?","M","?","M","R","M","M","T","M"],"character_chosen":"DEFECT","items_purchased":[],"campfire_rested":0,"item_purchase_floors":[],"current_hp_per_floor":[44,33,28,28,19,19,5,5,5,0],"gold":295,"neow_bonus":"ONE_RARE_RELIC","is_prod":false,"is_daily":false,"chose_seed":false,"campfire_upgraded":0,"win_rate":0,"timestamp":1554874445,"path_taken":["M","?","M","?","M","R","M","M","T","M"],"build_version":"2019-01-23","purchased_purges":0,"victory":false,"max_hp_per_floor":[75,75,75,75,75,75,75,75,75,75],"card_choices":[{"not_picked":["Rip and Tear","Coolheaded"],"picked":"Defragment","floor":1},{"not_picked":["Double Energy","Beam Cell"],"picked":"Rip and Tear","floor":3},{"not_picked":["Sweeping Beam","Tempest"],"picked":"Force Field","floor":5},{"not_picked":["Coolheaded","Fusion"],"picked":"Go for the Eyes","floor":7},{"not_picked":["Skim","Barrage"],"picked":"Multi-Cast","floor":8}],"player_experience":533520,"relics_obtained":[{"floor":9,"key":"War Paint"}],"event_choices":[{"damage_healed":0,"gold_gain":75,"player_choice":"Gather Gold","damage_taken":11,"max_hp_gain":0,"max_hp_loss":0,"event_name":"World of Goop","floor":2,"gold_loss":0},{"damage_healed":0,"gold_gain":0,"player_choice":"Grow","damage_taken":0,"max_hp_gain":0,"max_hp_loss":0,"event_name":"Living Wall","floor":4,"gold_loss":0,"cards_upgraded":["Defragment"]}],"is_beta":false,"boss_relics":[],"items_purged_floors":[],"is_endless":false,"potions_floor_spawned":[1,5,7],"killed_by":"Large Slime","ascension_level":8}