{"gold_per_floor":[210,12,12,12,25,50,50,60,84,84,102,102,136,147,147,248,248,259,259,16,16,27,55,55,71,71,71,9,9,44,44,44,44],"floor_reached":33,"playtime":3925,"items_purged":[],"score":422,"play_id":"d7708187-cbd1-4630-8d94-f98c518b5ed1","local_time":"20190126130242","is_ascension_mode":true,"campfire_choices":[{"floor":10.0,"key":"REST"},{"floor":12.0,"key":"REST"},{"data":"Body Slam","floor":15.0,"key":"SMITH"},{"data":"Panacea","floor":24.0,"key":"SMITH"},{"floor":27.0,"key":"REST"},{"floor":32.0,"key":"REST"}],"neow_cost":"NONE","seed_source_timestamp":0,"circlet_count":0,"master_deck":["Strike_R","Strike_R","Strike_R","Strike_R+1","Strike_R","Defend_R","Defend_R","Defend_R","Defend_R","Bash","Anger+1","Cleave","Immolate","Spot Weakness","Metallicize","Body Slam+1","Heavy Blade","Bludgeon","Panacea+1","Pain","Rage","Dropkick+1","Iron Wave+1","Clothesline"],"special_seed":0,"relics":["Burning Blood","Membership Card","Juzu Bracelet","Dodecahedron","Bag of Marbles","Oddly Smooth Stone","Mark of Pain","Lantern","Whetstone","WarpedTongs","Shuriken","Pantograph","WingedGreaves","Sundial"],"potions_floor_usage":[33],"damage_taken":[{"damage":6.0,"enemies":"Cultist","floor":1.0,"turns":4.0},{"damage":6.0,"enemies":"2 Louse","floor":5.0,"turns":3.0},{"damage":45.0,"enemies":"3 Sentries","floor":6.0,"turns":10.0},{"damage":7.0,"enemies":"Jaw Worm","floor":8.0,"turns":3.0},{"damage":6.0,"enemies":"Blue Slaver","floor":11.0,"turns":3.0},{"damage":14.0,"enemies":"Lagavulin","floor":13.0,"turns":4.0},{"damage":11.0,"enemies":"Exordium Thugs","floor":14.0,"turns":3.0},{"damage":45.0,"enemies":"Slime Boss","floor":16.0,"turns":9.0},{"damage":11.0,"enemies":"2 Thieves","floor":18.0,"turns":3.0},{"damage":3.0,"enemies":"3 Byrds","floor":22.0,"turns":2.0},{"damage":10.0,"enemies":"Slavers","floor":23.0,"turns":6.0},{"damage":24.0,"enemies":"Snake Plant","floor":25.0,"turns":3.0},{"damage":47.0,"enemies":"Book of Stabbing","floor":30.0,"turns":4.0},{"damage":93,"enemies":"Collector","floor":33,"turns":7}],"seed_played":"5565561619179706190","potions_obtained":[{"floor":8.0,"key":"Weak Potion"},{"floor":13.0,"key":"Energy Potion"},{"floor":14.0,"key":"GamblersBrew"},{"floor":18.0,"key":"SkillPotion"}],"is_trial":false,"path_per_floor":["M","$","?","?","M","E","?","M","T","R","M","R","E","M","R","B",null,"M","?","$","?","M","E","R","M","T","R","$","?","E","T","R","B"],"character_chosen":"IRONCLAD","items_purchased":["Membership Card","Lantern","Strength Potion","SteroidPotion","Panacea","Whetstone","Dexterity Potion","LiquidBronze"],"campfire_rested":4,"item_purchase_floors":[2,20,20,20,20,20,28,28],"current_hp_per_floor":[72,72,47,73,73,34,34,33,33,57,57,80,72,67,67,28,67,62,62,62,62,65,61,61,43,43,67,67,80,39,39,63,0],"gold":44,"neow_bonus":"HUNDRED_GOLD","is_prod":false,"is_daily":false,"chose_seed":false,"campfire_upgraded":2,"win_rate":0,"timestamp":1548504162,"path_taken":["M","$","?","?","M","E","?","M","T","R","M","R","E","M","R","BOSS","M","?","$","?","M","E","R","M","T","R","$","?","E","?","R","BOSS"],"build_version":"2019-01-23","purchased_purges":0,"victory":false,"max_hp_per_floor":[80,80,80,80,80,80,80,80,80,80,80,80,80,80,80,80,80,80,80,80,80,80,80,80,80,80,80,80,80,80,80,80,80],"card_choices":[{"not_picked":["Thunderclap","Rupture"],"picked":"Anger","floor":1.0},{"not_picked":["Shockwave","Anger"],"picked":"Cleave","floor":5.0},{"not_picked":["Evolve","True Grit"],"picked":"Immolate","floor":6.0},{"not_picked":["Armaments","Havoc"],"picked":"Spot Weakness","floor":8.0},{"not_picked":["Thunderclap","Iron Wave"],"picked":"Metallicize","floor":11.0},{"not_picked":["Reaper","Evolve"],"picked":"Body Slam","floor":13.0},{"not_picked":["Anger","Spot Weakness"],"picked":"Heavy Blade","floor":14.0},{"not_picked":["Barricade","Reaper"],"picked":"Bludgeon","floor":16.0},{"not_picked":["Sever Soul+1","Sentinel","Burning Pact"],"picked":"SKIP","floor":18.0},{"not_picked":["Heavy Blade","Corruption"],"picked":"Rage","floor":22.0},{"not_picked":["Iron Wave","Juggernaut"],"picked":"Dropkick+1","floor":23.0},{"not_picked":["True Grit","Pommel Strike"],"picked":"Iron Wave+1","floor":25.0},{"not_picked":["Searing Blow","Thunderclap"],"picked":"Clothesline","floor":30.0}],"player_experience":379401,"relics_obtained":[{"floor":6.0,"key":"Dodecahedron"},{"floor":9.0,"key":"Bag of Marbles"},{"floor":13.0,"key":"Oddly Smooth Stone"},{"floor":23.0,"key":"Shuriken"},{"floor":26.0,"key":"Pantograph"},{"floor":30.0,"key":"WingedGreaves"},{"floor":31.0,"key":"Sundial"}],"event_choices":[{"damage_healed":0.0,"max_hp_gain":0.0,"max_hp_loss":0.0,"gold_gain":0.0,"event_name":"Scrap Ooze","player_choice":"Success","floor":3.0,"gold_loss":0.0,"damage_taken":25.0,"relics_obtained":["Juzu Bracelet"]},{"damage_healed":26.0,"max_hp_gain":0.0,"max_hp_loss":0.0,"gold_gain":0.0,"event_name":"Big Fish","player_choice":"Banana","floor":4.0,"gold_loss":0.0,"damage_taken":0.0},{"damage_healed":0.0,"max_hp_gain":0.0,"max_hp_loss":0.0,"gold_gain":0.0,"event_name":"Shining Light","player_choice":"Ignored","floor":7.0,"gold_loss":0.0,"damage_taken":0.0},{"damage_healed":0.0,"max_hp_gain":0.0,"max_hp_loss":0.0,"gold_gain":0.0,"event_name":"Beggar","player_choice":"Ignored","floor":19.0,"gold_loss":0.0,"damage_taken":0.0},{"damage_healed":0.0,"max_hp_gain":0.0,"max_hp_loss":0.0,"gold_gain":0.0,"event_name":"Accursed Blacksmith","player_choice":"Rummage","floor":21.0,"gold_loss":0.0,"damage_taken":0.0,"relics_obtained":["WarpedTongs"],"cards_obtained":["Pain"]},{"damage_healed":26.0,"max_hp_gain":0.0,"max_hp_loss":0.0,"gold_gain":0.0,"event_name":"The Library","player_choice":"Heal","floor":29.0,"gold_loss":0.0,"damage_taken":0.0}],"is_beta":false,"boss_relics":[{"not_picked":["Runic Pyramid","Ectoplasm"],"picked":"Mark of Pain"}],"items_purged_floors":[],"is_endless":false,"potions_floor_spawned":[8,13,14,18],"killed_by":"Collector","ascension_level":9}