{"gold_per_floor":[112,139,150,19,37,37,369,369,369,294,294,35,55,66,66,66],"floor_reached":16,"playtime":536,"items_purged":["Defend_G"],"score":200,"play_id":"1a052fa1-4887-41a8-807b-e173d473921a","local_time":"20190503164328","is_ascension_mode":true,"campfire_choices":[{"data":"Trip","floor":6,"key":"SMITH"},{"data":"Neutralize","floor":8,"key":"SMITH"},{"data":"Skewer","floor":15,"key":"SMITH"}],"neow_cost":"NONE","seed_source_timestamp":1580978514648400,"circlet_count":0,"master_deck":["AscendersBane","Defend_G","Defend_G","Defend_G","Defend_G","Strike_G","Strike_G","Strike_G","Strike_G","Survivor","Neutralize+1","Heel Hook","Backstab","Trip+1","Deadly Poison","Skewer+1","Sadistic Nature","Leg Sweep","Distraction"],"relics":["Ring of the Snake","Vajra","Old Coin","Calipers"],"potions_floor_usage":[7,16],"damage_taken":[{"damage":2,"enemies":"Cultist","floor":1,"turns":6},{"damage":2,"enemies":"Small Slimes","floor":3,"turns":5},{"damage":0,"enemies":"2 Louse","floor":5,"turns":3},{"damage":8,"enemies":"Gremlin Nob","floor":7,"turns":3},{"damage":24,"enemies":"Exordium Thugs","floor":13,"turns":4},{"damage":0,"enemies":"Looter","floor":14,"turns":1},{"damage":27,"enemies":"Slime Boss","floor":16,"turns":9}],"seed_played":"-303287008904419010","potions_obtained":[{"floor":1,"key":"Poison Potion"},{"floor":3,"key":"EssenceOfSteel"},{"floor":14,"key":"Block Potion"}],"is_trial":false,"path_per_floor":["M","T","M","$","M","R","E","R","T","?","?","$","M","M","R","B"],"character_chosen":"THE_SILENT","items_purchased":["Trip","Deadly Poison","Sadistic Nature"],"campfire_rested":0,"item_purchase_floors":[4,4,12],"current_hp_per_floor":[63,63,61,61,61,61,53,53,53,53,58,58,34,34,34,7],"gold":66,"neow_bonus":"TEN_PERCENT_HP_BONUS","is_prod":false,"is_daily":false,"chose_seed":false,"campfire_upgraded":3,"win_rate":0,"timestamp":1556916208,"path_taken":["M","?","?","$","M","R","E","R","T","?","?","$","M","M","R","BOSS"],"build_version":"2019-04-23","purchased_purges":1,"victory":false,"max_hp_per_floor":[72,72,72,72,72,72,72,72,72,72,77,77,77,77,77,77],"card_choices":[{"not_picked":["Tactician","Setup"],"picked":"Heel Hook","floor":1},{"not_picked":["Bane","Flechettes"],"picked":"Backstab","floor":3},{"not_picked":["Choke","Noxious Fumes","Reflex"],"picked":"SKIP","floor":5},{"not_picked":["Wraith Form v2","Malaise"],"picked":"Skewer","floor":7},{"not_picked":["Masterful Stab","Sucker Punch"],"picked":"Leg Sweep","floor":13},{"not_picked":["Prepared","Blur"],"picked":"Distraction","floor":14}],"player_experience":1396826,"relics_obtained":[{"floor":2,"key":"Vajra"},{"floor":7,"key":"Old Coin"},{"floor":9,"key":"Calipers"}],"event_choices":[{"cards_removed":["Strike_G"],"damage_healed":0,"gold_gain":0,"player_choice":"Card Removal","damage_taken":0,"max_hp_gain":0,"max_hp_loss":0,"event_name":"The Cleric","floor":10,"gold_loss":75},{"damage_healed":0,"gold_gain":0,"player_choice":"Donut","damage_taken":0,"max_hp_gain":5,"max_hp_loss":0,"event_name":"Big Fish","floor":11,"gold_loss":0}],"is_beta":true,"boss_relics":[],"items_purged_floors":[12],"is_endless":false,"potions_floor_spawned":[1,3,14],"killed_by":"Slime Boss","ascension_level":20}