{"gold_per_floor":[110,285,32,32,53,86,164,185,185,185,185,220,220,138,138,259,259,275,259,358,358,71,71,71,109,109,109],"floor_reached":27,"playtime":1475,"items_purged":["Doubt"],"score":247,"play_id":"7f6a2300-bb7c-49a3-971b-d87d8ab35c9f","local_time":"20190408072655","is_ascension_mode":true,"campfire_choices":[{"floor":10,"key":"REST"},{"floor":13,"key":"RECALL"},{"floor":15,"key":"REST"},{"data":"Defragment","floor":24,"key":"SMITH"}],"neow_cost":"NONE","seed_source_timestamp":201440272459667,"circlet_count":0,"master_deck":["Strike_B+1","Strike_B+1","Strike_B+1","Strike_B+1","Defend_B+1","Defend_B+1","Defend_B+1","Defend_B+1","Zap","Dualcast","Leap","Loop","Rebound","FTL","Stack","Rebound","Sunder","Defragment+1","Rainbow","Barrage","Hologram","Redo","Sweeping Beam+1","Lockon"],"relics":["Cracked Core","Regal Pillow","Golden Idol","Torii","Turnip","Matryoshka","Prayer Wheel","Nuclear Battery","Ginger","Emotion Chip","Dream Catcher"],"potions_floor_usage":[16,19],"damage_taken":[{"damage":0,"enemies":"Small Slimes","floor":1,"turns":2},{"damage":2,"enemies":"Jaw Worm","floor":5,"turns":4},{"damage":28,"enemies":"Lagavulin","floor":6,"turns":8},{"damage":20,"enemies":"Gremlin Nob","floor":7,"turns":4},{"damage":1,"enemies":"2 Louse","floor":8,"turns":2},{"damage":32,"enemies":"Gremlin Nob","floor":12,"turns":4},{"damage":30,"enemies":"The Guardian","floor":16,"turns":13},{"damage":25,"enemies":"Shell Parasite","floor":18,"turns":7},{"damage":18,"enemies":"2 Thieves","floor":19,"turns":4},{"damage":38,"enemies":"Book of Stabbing","floor":25,"turns":7},{"damage":1,"enemies":"Centurion and Healer","floor":27,"turns":1}],"seed_played":"8472665521135699886","potions_obtained":[{"floor":6,"key":"GamblersBrew"},{"floor":16,"key":"GamblersBrew"}],"is_trial":false,"path_per_floor":["M","?","$","?","M","E","?","M","T","R","$","E","R","$","R","B",null,"M","M","?","?","$","?","R","E","T","M"],"character_chosen":"DEFECT","items_purchased":["Regal Pillow","Loop","Defragment","Ginger"],"campfire_rested":2,"item_purchase_floors":[3,3,14,22],"current_hp_per_floor":[82,82,82,62,60,32,12,11,11,50,50,18,18,18,57,27,82,57,39,39,39,39,39,39,1,1,0],"gold":109,"neow_bonus":"TEN_PERCENT_HP_BONUS","is_prod":false,"is_daily":false,"chose_seed":false,"campfire_upgraded":1,"win_rate":0,"timestamp":1554726415,"path_taken":["M","?","$","?","M","E","?","M","T","R","?","E","R","$","R","BOSS","M","M","?","?","$","?","R","E","T","M"],"build_version":"2019-01-23","purchased_purges":1,"victory":false,"max_hp_per_floor":[82,82,82,82,82,82,82,82,82,82,82,82,82,82,82,82,82,82,82,82,82,82,82,82,82,82,82],"card_choices":[{"not_picked":["Compile Driver","Aggregate"],"picked":"Leap","floor":1},{"not_picked":["Turbo","Redo"],"picked":"Rebound","floor":5},{"not_picked":["Barrage","Glacier"],"picked":"FTL","floor":6},{"not_picked":["Sweeping Beam","Lockon"],"picked":"Stack","floor":7},{"not_picked":["Steam","FTL"],"picked":"Rebound","floor":8},{"not_picked":["Turbo","Cold Snap"],"picked":"Sunder","floor":12},{"not_picked":["Buffer","Fission"],"picked":"Rainbow","floor":16},{"not_picked":["Reprogram","Redo"],"picked":"Barrage","floor":18},{"not_picked":["Compile Driver","Reprogram"],"picked":"Hologram","floor":18},{"not_picked":["Blizzard","Force Field"],"picked":"Redo","floor":19},{"not_picked":["Scrape+1","Compile Driver"],"picked":"Sweeping Beam+1","floor":19},{"not_picked":["Go for the Eyes","Gash"],"picked":"Lockon","floor":25}],"player_experience":153000,"relics_obtained":[{"floor":6,"key":"Torii"},{"floor":7,"key":"Turnip"},{"floor":9,"key":"Matryoshka"},{"floor":12,"key":"Prayer Wheel"},{"floor":25,"key":"Emotion Chip"},{"floor":26,"key":"Dream Catcher"}],"event_choices":[{"damage_healed":0,"gold_gain":175,"player_choice":"AGREE","damage_taken":0,"max_hp_gain":0,"max_hp_loss":0,"event_name":"Liars Game","floor":2,"gold_loss":0,"cards_obtained":["Doubt"]},{"damage_healed":0,"gold_gain":0,"player_choice":"Take Damage","damage_taken":20,"relics_obtained":["Golden Idol"],"max_hp_gain":0,"max_hp_loss":0,"event_name":"Golden Idol","floor":4,"gold_loss":0},{"damage_healed":0,"gold_gain":0,"player_choice":"Searched \u00271\u0027 times","damage_taken":0,"max_hp_gain":0,"max_hp_loss":0,"event_name":"Dead Adventurer","floor":7,"gold_loss":0},{"damage_healed":0,"gold_gain":99,"player_choice":"Stole From Cult","damage_taken":0,"max_hp_gain":0,"max_hp_loss":0,"event_name":"Nest","floor":20,"gold_loss":0},{"damage_healed":0,"gold_gain":0,"player_choice":"Simplicity","damage_taken":0,"max_hp_gain":0,"max_hp_loss":0,"event_name":"Back to Basics","floor":21,"gold_loss":0,"cards_upgraded":["Strike_B","Strike_B","Strike_B","Strike_B","Defend_B","Defend_B","Defend_B","Defend_B"]},{"damage_healed":0,"gold_gain":0,"player_choice":"Ignored","damage_taken":0,"max_hp_gain":0,"max_hp_loss":0,"event_name":"Beggar","floor":23,"gold_loss":0}],"is_beta":false,"boss_relics":[{"not_picked":["Empty Cage","Calling Bell"],"picked":"Nuclear Battery"}],"items_purged_floors":[3],"is_endless":false,"potions_floor_spawned":[6,16],"killed_by":"Centurion and Healer","ascension_level":1}