{"gold_per_floor":[117,131,131,131,156,156,197,197,197,241,241,256,256,319,319,415,415,439,489,582,600,124,124,193,293,293,366,1,26,76,94,94,171,171,186,236,46,96,110,110,135,10,10,43,111,111,161,178,178,178,178,178,178,29,29],"floor_reached":55,"playtime":2397,"items_purged":["Strike_B","Hyperbeam","Pain"],"score":1920,"play_id":"01d0c828-a7fe-4cd3-9ff6-d16813ecc994","local_time":"20190502163550","is_ascension_mode":true,"campfire_choices":[{"data":"Consume","floor":6.0,"key":"SMITH"},{"data":"Zap","floor":8.0,"key":"SMITH"},{"data":"Dualcast","floor":13.0,"key":"SMITH"},{"data":"Loop","floor":15.0,"key":"SMITH"},{"floor":23.0,"key":"REST"},{"data":"Coolheaded","floor":32.0,"key":"SMITH"},{"data":"Turbo","floor":40.0,"key":"SMITH"},{"data":"Heatsinks","floor":46.0,"key":"SMITH"},{"floor":49.0,"key":"RECALL"},{"floor":53.0,"key":"REST"}],"neow_cost":"NONE","seed_source_timestamp":664777728689767,"circlet_count":0,"master_deck":["AscendersBane","Zap+1","Dualcast+1","Consume+1","Reinforced Body","BootSequence","All For One","Heatsinks+1","Cold Snap","Core Surge","Turbo+1","Tempest","Coolheaded+1","Compile Driver","Electrodynamics","Glacier","Capacitor","Cold Snap+1","Thinking Ahead","Rainbow","Meteor Strike","Chaos","Capacitor","Defragment","Compile Driver","Armaments+1","Burning Pact","Creative AI"],"special_seed":0,"relics":["Cracked Core","NeowsBlessing","Bloody Idol","Gremlin Horn","Oddly Smooth Stone","Happy Flower","SsserpentHead","Empty Cage","Red Mask","DataDisk","Centennial Puzzle","Matryoshka","PrismaticShard","Pandora\u0027s Box","WarpedTongs","Art of War","Bag of Preparation","Anchor"],"potions_floor_usage":[],"damage_taken":[{"damage":0.0,"enemies":"Small Slimes","floor":1.0,"turns":1.0},{"damage":0.0,"enemies":"Jaw Worm","floor":2.0,"turns":1.0},{"damage":0.0,"enemies":"Cultist","floor":5.0,"turns":1.0},{"damage":38.0,"enemies":"Gremlin Nob","floor":7.0,"turns":5.0},{"damage":3.0,"enemies":"Lagavulin","floor":10.0,"turns":7.0},{"damage":0.0,"enemies":"Looter","floor":12.0,"turns":3.0},{"damage":0.0,"enemies":"Blue Slaver","floor":14.0,"turns":4.0},{"damage":0.0,"enemies":"Slime Boss","floor":16.0,"turns":8.0},{"damage":34.0,"enemies":"2 Thieves","floor":18.0,"turns":5.0},{"damage":7.0,"enemies":"Masked Bandits","floor":20.0,"turns":4.0},{"damage":3.0,"enemies":"Shell Parasite","floor":21.0,"turns":8.0},{"damage":0.0,"enemies":"Centurion and Healer","floor":24.0,"turns":6.0},{"damage":0.0,"enemies":"Chosen and Byrds","floor":27.0,"turns":4.0},{"damage":4.0,"enemies":"Snecko","floor":29.0,"turns":4.0},{"damage":6.0,"enemies":"Snake Plant","floor":31.0,"turns":3.0},{"damage":20.0,"enemies":"Automaton","floor":33.0,"turns":11.0},{"damage":7.0,"enemies":"Orb Walker","floor":35.0,"turns":3.0},{"damage":43.0,"enemies":"3 Darklings","floor":39.0,"turns":6.0},{"damage":10.0,"enemies":"Nemesis","floor":41.0,"turns":9.0},{"damage":4.0,"enemies":"Giant Head","floor":44.0,"turns":9.0},{"damage":0.0,"enemies":"Jaw Worm Horde","floor":45.0,"turns":2.0},{"damage":7.0,"enemies":"Sphere and 2 Shapes","floor":48.0,"turns":4.0},{"damage":19.0,"enemies":"Time Eater","floor":50.0,"turns":16.0},{"damage":9.0,"enemies":"Donu and Deca","floor":51.0,"turns":14.0},{"damage":46,"enemies":"Shield and Spear","floor":55,"turns":3}],"seed_played":"145064026907788490","potions_obtained":[{"floor":5.0,"key":"Block Potion"},{"floor":10.0,"key":"Block Potion"},{"floor":12.0,"key":"GamblersBrew"},{"floor":24.0,"key":"GamblersBrew"},{"floor":29.0,"key":"Block Potion"},{"floor":33.0,"key":"SkillPotion"},{"floor":39.0,"key":"LiquidBronze"},{"floor":41.0,"key":"PowerPotion"}],"is_trial":false,"path_per_floor":["M","M","?","?","M","R","E","R","T","E","?","M","R","M","R","B",null,"M","?","?","M","$","R","M","?","T","M","$","M","?","M","R","B",null,"M","?","$","?","M","R","E","$","T","E","M","R","?","M","R","B","B",null,"R","$","E"],"character_chosen":"DEFECT","items_purchased":["DataDisk","Coolheaded","Centennial Puzzle","Regen Potion","Glacier","Capacitor","PrismaticShard","Defragment","Creative AI"],"campfire_rested":2,"item_purchase_floors":[22,22,22,22,28,28,28,37,54],"current_hp_per_floor":[64,64,64,57,57,57,19,19,19,16,16,16,16,16,16,16,52,18,18,11,8,8,27,41,41,41,41,41,37,37,36,36,21,53,51,56,56,61,23,23,18,18,18,19,29,29,34,32,32,13,4,49,64,64,18],"gold":29,"neow_bonus":"THREE_ENEMY_KILL","is_prod":false,"is_daily":false,"chose_seed":false,"campfire_upgraded":7,"win_rate":0,"timestamp":1556786150,"path_taken":["M","M","?","?","?","R","E","R","T","E","?","M","R","?","R","BOSS","M","?","?","M","?","R","?","?","T","?","$","M","?","M","R","BOSS","M","?","$","?","M","R","E","$","T","E","?","R","?","M","R","BOSS","BOSS","R","$","E"],"build_version":"2019-01-23","purchased_purges":3,"victory":false,"max_hp_per_floor":[71,71,64,64,64,64,64,64,64,64,64,64,64,64,64,64,64,64,64,64,64,64,64,64,64,64,64,64,64,64,64,64,64,64,64,64,64,64,64,64,64,64,64,64,64,64,64,64,64,64,64,64,64,64,64],"card_choices":[{"not_picked":["Stack","Aggregate"],"picked":"Consume","floor":1.0},{"not_picked":["Blizzard","Stack"],"picked":"Loop","floor":2.0},{"not_picked":["Rebound","Reprogram"],"picked":"Reinforced Body","floor":5.0},{"not_picked":["Double Energy","Hologram"],"picked":"BootSequence","floor":7.0},{"not_picked":["FTL","Go for the Eyes"],"picked":"All For One","floor":10.0},{"not_picked":["Leap","Go for the Eyes"],"picked":"Heatsinks","floor":12.0},{"not_picked":["Reinforced Body","FTL"],"picked":"Cold Snap","floor":14.0},{"not_picked":["Hyperbeam","Amplify"],"picked":"Core Surge","floor":16.0},{"not_picked":["Cold Snap","Leap"],"picked":"Turbo","floor":18.0},{"not_picked":["Reinforced Body","Go for the Eyes"],"picked":"Tempest","floor":21.0},{"not_picked":["Sweeping Beam","Hologram"],"picked":"Compile Driver","floor":24.0},{"not_picked":["BootSequence","Static Discharge"],"picked":"Electrodynamics","floor":27.0},{"not_picked":["Blizzard","PiercingWail"],"picked":"Cold Snap+1","floor":29.0},{"not_picked":["Shockwave","Sever Soul","Perfected Strike"],"picked":"SKIP","floor":31.0},{"not_picked":["Phantasmal Killer","Envenom"],"picked":"Thinking Ahead","floor":33.0},{"not_picked":["Sword Boomerang","Backflip+1"],"picked":"Capacitor","floor":35.0},{"not_picked":["Predator","Dagger Spray"],"picked":"Compile Driver","floor":39.0},{"not_picked":["Flechettes","Eviscerate","Reckless Charge"],"picked":"SKIP","floor":41.0},{"not_picked":["Shrug It Off","Demon Form","Swift Strike+1"],"picked":"SKIP","floor":44.0},{"not_picked":["Cold Snap+1","Compile Driver+1"],"picked":"Armaments+1","floor":45.0},{"not_picked":["Cleave","Shrug It Off"],"picked":"Burning Pact","floor":48.0}],"player_experience":1524664,"relics_obtained":[{"floor":7.0,"key":"Gremlin Horn"},{"floor":9.0,"key":"Oddly Smooth Stone"},{"floor":10.0,"key":"Happy Flower"},{"floor":20.0,"key":"Red Mask"},{"floor":26.0,"key":"Matryoshka"},{"floor":41.0,"key":"Art of War"},{"floor":43.0,"key":"Bag of Preparation"},{"floor":44.0,"key":"Anchor"}],"event_choices":[{"damage_healed":0.0,"max_hp_gain":0.0,"max_hp_loss":7.0,"gold_gain":0.0,"event_name":"Golden Idol","player_choice":"Lose Max HP","floor":3.0,"gold_loss":0.0,"damage_taken":0.0,"relics_obtained":["Golden Idol"]},{"cards_removed":["Strike_B"],"damage_healed":0.0,"max_hp_gain":0.0,"max_hp_loss":0.0,"gold_gain":0.0,"event_name":"Golden Wing","player_choice":"Card Removal","floor":4.0,"gold_loss":0.0,"damage_taken":7.0},{"damage_healed":0.0,"max_hp_gain":0.0,"max_hp_loss":0.0,"gold_gain":0.0,"event_name":"FaceTrader","player_choice":"Trade","floor":11.0,"gold_loss":0.0,"damage_taken":0.0,"relics_obtained":["SsserpentHead"]},{"damage_healed":0.0,"max_hp_gain":0.0,"max_hp_loss":0.0,"gold_gain":0.0,"event_name":"The Mausoleum","player_choice":"Ignored","floor":19.0,"gold_loss":0.0,"damage_taken":0.0},{"damage_healed":0.0,"max_hp_gain":0.0,"max_hp_loss":0.0,"gold_gain":0.0,"event_name":"Masked Bandits","player_choice":"Fought Bandits","floor":20.0,"gold_loss":0.0,"damage_taken":0.0},{"damage_healed":0.0,"max_hp_gain":0.0,"max_hp_loss":0.0,"gold_gain":100.0,"event_name":"The Joust","player_choice":"Bet on Murderer","floor":25.0,"gold_loss":50.0,"damage_taken":0.0},{"damage_healed":0.0,"max_hp_gain":0.0,"max_hp_loss":0.0,"gold_gain":0.0,"event_name":"Forgotten Altar","player_choice":"Gave Idol","floor":30.0,"relics_lost":["Golden Idol"],"gold_loss":0.0,"damage_taken":0.0,"relics_obtained":["Bloody Idol"]},{"cards_removed":["Loop"],"damage_healed":0.0,"max_hp_gain":0.0,"max_hp_loss":0.0,"gold_gain":0.0,"event_name":"Falling","player_choice":"Removed Power","floor":36.0,"gold_loss":0.0,"damage_taken":0.0},{"damage_healed":0.0,"max_hp_gain":0.0,"max_hp_loss":0.0,"gold_gain":0.0,"event_name":"Accursed Blacksmith","player_choice":"Rummage","floor":38.0,"gold_loss":0.0,"damage_taken":0.0,"relics_obtained":["WarpedTongs"],"cards_obtained":["Pain"]},{"damage_healed":0.0,"max_hp_gain":0.0,"max_hp_loss":0.0,"gold_gain":0.0,"event_name":"SecretPortal","player_choice":"Ignored","floor":47.0,"gold_loss":0.0,"damage_taken":0.0}],"is_beta":false,"boss_relics":[{"not_picked":["White Beast Statue","Philosopher\u0027s Stone"],"picked":"Empty Cage"},{"not_picked":["Cursed Key","FrozenCore"],"picked":"Pandora\u0027s Box"}],"items_purged_floors":[22,37,42],"is_endless":false,"potions_floor_spawned":[5,10,12,14,24,29,33,39,41],"killed_by":"Shield and Spear","ascension_level":20}