{"gold_per_floor":[119,136,136,136,43,43,54,67,67,81,81,81,31,65,65,162,162,179,179,179,197,197],"floor_reached":22,"playtime":665,"items_purged":[],"score":264,"play_id":"026001ee-8cc6-4e05-add0-c81b45228fca","local_time":"20180911145734","is_ascension_mode":true,"campfire_choices":[{"data":"Gash","floor":6,"key":"SMITH"},{"data":"Redo","floor":12,"key":"SMITH"},{"data":"Creative AI","floor":15,"key":"SMITH"}],"neow_cost":"NONE","seed_source_timestamp":981415186397693,"circlet_count":0,"master_deck":["Strike_B","Strike_B","Strike_B","Defend_B","Defend_B","Defend_B","Defend_B","Zap","Dualcast","Redo+1","Gash+1","Flash of Steel","Undo","Chill","Creative AI+1","Core Surge","Hologram","Hologram","White Noise","Gash+1","Skim"],"relics":["Cracked Core","Mercury Hourglass","Ice Cream","Orrery"],"potions_floor_usage":[8,14,16,19,22],"damage_taken":[{"damage":0,"enemies":"2 Louse","floor":1,"turns":3},{"damage":1,"enemies":"Cultist","floor":2,"turns":3},{"damage":7,"enemies":"Small Slimes","floor":7,"turns":3},{"damage":1,"enemies":"2 Fungi Beasts","floor":8,"turns":2},{"damage":0,"enemies":"Exordium Wildlife","floor":10,"turns":3},{"damage":19,"enemies":"Gremlin Nob","floor":14,"turns":4},{"damage":45,"enemies":"Slime Boss","floor":16,"turns":7},{"damage":7,"enemies":"2 Thieves","floor":18,"turns":4},{"damage":27,"enemies":"Colosseum Slavers","floor":19,"turns":5},{"damage":7,"enemies":"3 Byrds","floor":21,"turns":5},{"damage":31,"enemies":"Snecko","floor":22,"turns":4}],"seed_played":"5112218311512211555","potions_obtained":[{"floor":2,"key":"Explosive Potion"},{"floor":7,"key":"Poison Potion"},{"floor":8,"key":"Ancient Potion"},{"floor":11,"key":"FocusPotion"},{"floor":18,"key":"Swift Potion"}],"is_trial":false,"path_per_floor":["M","M","?","?","$","R","M","M","T","M","?","R","?","E","R","B",null,"M","?","?","M"],"character_chosen":"DEFECT","items_purchased":["Flash of Steel"],"campfire_rested":0,"item_purchase_floors":[5],"current_hp_per_floor":[68,67,85,90,90,90,83,82,82,82,82,82,82,63,63,18,72,65,38,38,31,0],"gold":197,"neow_bonus":"ONE_RANDOM_RARE_CARD","is_prod":false,"is_daily":false,"chose_seed":false,"campfire_upgraded":3,"win_rate":0,"timestamp":1536692254,"path_taken":["M","M","?","?","$","R","?","M","T","M","?","R","?","E","R","BOSS","M","?","?","?","M"],"build_version":"2018-09-06","purchased_purges":0,"victory":false,"max_hp_per_floor":[75,75,85,90,90,90,90,90,90,90,90,90,90,90,90,90,90,90,90,90,90,90],"card_choices":[{"not_picked":["Lockon","Blizzard"],"picked":"Redo","floor":1},{"not_picked":["Compile Driver","Recycle"],"picked":"Gash","floor":2},{"not_picked":["Coolheaded","Conserve Battery","Lockon"],"picked":"SKIP","floor":7},{"not_picked":["Cold Snap","Redo"],"picked":"Undo","floor":8},{"not_picked":["Creative AI","Loop"],"picked":"Chill","floor":10},{"not_picked":["Rebound","Force Field"],"picked":"Creative AI","floor":14},{"not_picked":["Machine Learning","Multi-Cast"],"picked":"Core Surge","floor":16},{"not_picked":["Steam","Sweeping Beam"],"picked":"Hologram","floor":17},{"not_picked":["Coolheaded","Steam"],"picked":"Hologram","floor":17},{"not_picked":["Steam","Conserve Battery"],"picked":"White Noise","floor":17},{"not_picked":["Force Field","Hologram","Streamline+1"],"picked":"SKIP","floor":18},{"not_picked":["Static Discharge","Stack"],"picked":"Skim","floor":21}],"player_experience":518279,"relics_obtained":[{"floor":9,"key":"Mercury Hourglass"},{"floor":14,"key":"Ice Cream"}],"event_choices":[{"event_name":"Bonfire Elementals","player_choice":"RARE","floor":3,"damage_taken":0},{"event_name":"Big Fish","player_choice":"Donut","floor":4,"damage_taken":0},{"event_name":"The Lab","player_choice":"Got Potions","floor":11,"damage_taken":0},{"event_name":"The Cleric","player_choice":"Card Removal","floor":13,"damage_taken":0},{"event_name":"Colosseum","player_choice":"Fight","floor":19,"damage_taken":0},{"event_name":"Colosseum","player_choice":"Fled From Nobs","floor":19,"damage_taken":0},{"event_name":"Duplicator","player_choice":"One dupe","floor":20,"damage_taken":0}],"is_beta":false,"boss_relics":[{"not_picked":["Philosopher\u0027s Stone","Tiny House"],"picked":"Orrery"}],"items_purged_floors":[],"is_endless":false,"potions_floor_spawned":[2,7,8,18],"killed_by":"Snecko","ascension_level":6}