{"gold_per_floor":[115,115,115,115,115,115,146,72,72,92,92],"floor_reached":11,"playtime":569,"items_purged":[],"score":95,"play_id":"b2097b12-c17f-43ec-9337-ff974f0b7c4e","local_time":"20190430072912","is_ascension_mode":true,"campfire_choices":[{"floor":6,"key":"REST"}],"neow_cost":"NONE","seed_source_timestamp":388324988344800,"circlet_count":0,"master_deck":["Strike_R","Strike_R","Strike_R","Strike_R","Strike_R","Defend_R","Defend_R","Defend_R+1","Defend_R","Bash+1","Second Wind","Dual Wield","Inflame","Clothesline"],"relics":["Burning Blood","Bag of Preparation","Pen Nib","Pear","Odd Mushroom"],"potions_floor_usage":[7],"damage_taken":[{"damage":1,"enemies":"Cultist","floor":1,"turns":3},{"damage":19,"enemies":"Gremlin Nob","floor":7,"turns":4},{"damage":32,"enemies":"The Mushroom Lair","floor":10,"turns":5},{"damage":59,"enemies":"3 Sentries","floor":11,"turns":8}],"seed_played":"-8110236099059489305","potions_obtained":[{"floor":1,"key":"Weak Potion"}],"is_trial":false,"path_per_floor":["M","?","?","$","?","R","E","$","T","?","E"],"character_chosen":"IRONCLAD","items_purchased":["Inflame"],"campfire_rested":1,"item_purchase_floors":[8],"current_hp_per_floor":[80,80,64,64,69,85,72,72,82,56,0],"gold":92,"neow_bonus":"RANDOM_COMMON_RELIC","is_prod":false,"is_daily":false,"chose_seed":false,"campfire_upgraded":0,"win_rate":0,"timestamp":1556623752,"path_taken":["M","?","?","$","?","R","E","$","T","?","E"],"build_version":"2019-01-23","purchased_purges":0,"victory":false,"max_hp_per_floor":[80,80,80,80,85,85,85,85,95,95,95],"card_choices":[{"not_picked":["Headbutt","Wild Strike"],"picked":"Second Wind","floor":1},{"not_picked":["Wild Strike","Brutality"],"picked":"Dual Wield","floor":7},{"not_picked":["Armaments","Sword Boomerang"],"picked":"Clothesline","floor":10}],"player_experience":36990,"relics_obtained":[{"floor":7,"key":"Pen Nib"},{"floor":9,"key":"Pear"},{"floor":10,"key":"Odd Mushroom"}],"event_choices":[{"damage_healed":0,"gold_gain":0,"player_choice":"Ignored","damage_taken":0,"max_hp_gain":0,"max_hp_loss":0,"event_name":"Golden Wing","floor":2,"gold_loss":0},{"damage_healed":0,"gold_gain":0,"player_choice":"Entered Light","damage_taken":16,"max_hp_gain":0,"max_hp_loss":0,"event_name":"Shining Light","floor":3,"gold_loss":0,"cards_upgraded":["Defend_R","Bash"]},{"damage_healed":0,"gold_gain":0,"player_choice":"Donut","damage_taken":0,"max_hp_gain":5,"max_hp_loss":0,"event_name":"Big Fish","floor":5,"gold_loss":0},{"damage_healed":0,"gold_gain":0,"player_choice":"Fought Mushrooms","damage_taken":0,"max_hp_gain":0,"max_hp_loss":0,"event_name":"Mushrooms","floor":10,"gold_loss":0}],"is_beta":false,"boss_relics":[],"items_purged_floors":[],"is_endless":false,"potions_floor_spawned":[1],"killed_by":"3 Sentries","ascension_level":1}