{"gold_per_floor":[117,117,117,134,114,114,128,144,144,156,156,156,61,90,90,185,185,200,213,230,230,230],"floor_reached":22,"playtime":1321,"items_purged":[],"score":270,"play_id":"9d0ae424-41df-4fd5-b1d3-25753dae2bc8","local_time":"20180917183320","is_ascension_mode":true,"campfire_choices":[{"data":"Sweeping Beam","floor":6.0,"key":"SMITH"},{"data":"Streamline","floor":11.0,"key":"SMITH"},{"data":"Loop","floor":15.0,"key":"SMITH"}],"neow_cost":"","seed_source_timestamp":0,"circlet_count":0,"master_deck":["Strike_B","Strike_B","Strike_B","Strike_B","Defend_B","Defend_B+1","Defend_B","Zap+1","Dualcast+1","Conserve Battery","Sweeping Beam+1","Streamline+1","Ball Lightning","Skim+1","Hologram+1","Loop+1","Turbo+1","Amplify+1","BootSequence+1","Compile Driver+1","Tempest+1"],"special_seed":0,"relics":["Cracked Core","Toxic Egg 2","Pantograph","Inserter","Enchiridion"],"potions_floor_usage":[19],"damage_taken":[{"damage":1.0,"enemies":"Cultist","floor":1.0,"turns":3.0},{"damage":2.0,"enemies":"Jaw Worm","floor":4.0,"turns":3.0},{"damage":0.0,"enemies":"Small Slimes","floor":7.0,"turns":2.0},{"damage":4.0,"enemies":"Exordium Wildlife","floor":8.0,"turns":3.0},{"damage":5.0,"enemies":"Exordium Thugs","floor":10.0,"turns":3.0},{"damage":10.0,"enemies":"3 Sentries","floor":14.0,"turns":4.0},{"damage":33.0,"enemies":"Hexaghost","floor":16.0,"turns":8.0},{"damage":4.0,"enemies":"Spheric Guardian","floor":18.0,"turns":3.0},{"damage":12,"enemies":"Chosen","floor":19,"turns":4},{"damage":18,"enemies":"Snecko","floor":20,"turns":5},{"damage":29,"enemies":"Centurion and Healer","floor":22,"turns":3}],"seed_played":"5111601413025402296","potions_obtained":[{"floor":1.0,"key":"AttackPotion"},{"floor":4.0,"key":"PowerPotion"},{"floor":5.0,"key":"Ancient Potion"}],"is_trial":false,"path_per_floor":["M","?","?","M","?","R","M","M","T","M","R","?","$","E","R","B",null,"M","M","M","?"],"character_chosen":"DEFECT","items_purchased":["Hologram+1","Loop"],"campfire_rested":0,"item_purchase_floors":[13,13],"current_hp_per_floor":[67,67,60,58,58,58,58,54,54,49,49,34,34,31,31,23,62,58,46,28,12,0],"gold":230,"neow_bonus":"","is_prod":false,"is_daily":false,"chose_seed":false,"campfire_upgraded":3,"win_rate":0,"timestamp":1537223600,"path_taken":["M","?","?","?","?","R","?","M","T","M","R","?","$","E","R","BOSS","M","M","M","?","M"],"build_version":"2018-09-06","purchased_purges":0,"victory":false,"max_hp_per_floor":[75,75,75,75,75,75,75,75,75,75,75,75,75,75,75,75,75,75,75,75,75,75],"card_choices":[{"not_picked":["Hello World","Rebound"],"picked":"Conserve Battery","floor":1.0},{"not_picked":["Steam Power","Gash"],"picked":"Sweeping Beam","floor":4.0},{"not_picked":["Sweeping Beam","Conserve Battery"],"picked":"Streamline","floor":7.0},{"not_picked":["Turbo","Heatsinks"],"picked":"Ball Lightning","floor":8.0},{"not_picked":["Conserve Battery+1","Machine Learning"],"picked":"Skim+1","floor":10.0},{"not_picked":["Barrage","Coolheaded+1"],"picked":"Turbo+1","floor":14.0},{"not_picked":["Buffer","Meteor Strike"],"picked":"Amplify+1","floor":16.0},{"not_picked":["Fusion+1","Turbo+1"],"picked":"BootSequence+1","floor":18.0},{"not_picked":["Streamline","Heatsinks"],"picked":"Compile Driver+1","floor":19},{"not_picked":["Conserve Battery+1","Reboot+1"],"picked":"Tempest+1","floor":20}],"player_experience":544776,"relics_obtained":[{"floor":9.0,"key":"Toxic Egg 2"},{"floor":14.0,"key":"Pantograph"},{"floor":21,"key":"Enchiridion"}],"event_choices":[{"event_name":"Living Wall","player_choice":"Grow","floor":2.0,"damage_taken":0.0},{"event_name":"Golden Wing","player_choice":"Card Removal","floor":3.0,"damage_taken":0.0},{"event_name":"The Woman in Blue","player_choice":"Bought 1 Potion","floor":5.0,"damage_taken":0.0},{"event_name":"Shining Light","player_choice":"Entered Light","floor":12.0,"damage_taken":0.0},{"event_name":"Cursed Tome","player_choice":"Obtained Book","floor":21,"damage_taken":0}],"is_beta":false,"boss_relics":[{"not_picked":["Eternal Feather","Cursed Key"],"picked":"Inserter"}],"items_purged_floors":[],"is_endless":false,"potions_floor_spawned":[1,4],"killed_by":"Centurion and Healer","ascension_level":9}