{"gold_per_floor":[116,43,58,78,78,108,124,140,140,152,185,185,185,199,199,319,319,334,349,349,349,349],"floor_reached":22,"playtime":1721,"items_purged":[],"score":208,"play_id":"6ba4fe0d-8a17-4906-83ea-dd7e5d8f7fac","local_time":"20190125182442","is_ascension_mode":true,"campfire_choices":[{"floor":15,"key":"REST"}],"neow_cost":"NONE","seed_source_timestamp":108171326626600,"circlet_count":0,"master_deck":["Strike_B","Strike_B","Strike_B","Strike_B","Defend_B","Defend_B","Defend_B","Defend_B","Zap","Dualcast","Genetic Algorithm","Genetic Algorithm","Capacitor","Conserve Battery","Ball Lightning","Hologram","Hologram","Thunder Strike","BootSequence+1","Auto Shields"],"relics":["Cracked Core","Lantern","Omamori","Matryoshka","Pantograph","Golden Idol","Black Star"],"potions_floor_usage":[6,10,11,16,22],"damage_taken":[{"damage":5,"enemies":"Jaw Worm","floor":1,"turns":8},{"damage":0,"enemies":"Small Slimes","floor":3,"turns":5},{"damage":6,"enemies":"2 Louse","floor":4,"turns":3},{"damage":34,"enemies":"3 Sentries","floor":6,"turns":12},{"damage":4,"enemies":"2 Fungi Beasts","floor":7,"turns":4},{"damage":6,"enemies":"Lots of Slimes","floor":8,"turns":4},{"damage":0,"enemies":"Large Slime","floor":10,"turns":5},{"damage":16,"enemies":"Lagavulin","floor":11,"turns":6},{"damage":0,"enemies":"Exordium Thugs","floor":14,"turns":5},{"damage":37,"enemies":"Slime Boss","floor":16,"turns":12},{"damage":17,"enemies":"Shell Parasite","floor":18,"turns":9},{"damage":27,"enemies":"Spheric Guardian","floor":19,"turns":7},{"damage":32,"enemies":"3 Cultists","floor":22,"turns":5}],"seed_played":"-6556838102002381536","potions_obtained":[{"floor":1,"key":"Fire Potion"},{"floor":6,"key":"Strength Potion"},{"floor":8,"key":"GamblersBrew"},{"floor":10,"key":"Weak Potion"},{"floor":18,"key":"PowerPotion"}],"is_trial":false,"path_per_floor":["M","$","M","M","$","E","M","M","T","M","E","?","?","M","R","B",null,"M","M","?","?","M"],"character_chosen":"DEFECT","items_purchased":["Genetic Algorithm"],"campfire_rested":1,"item_purchase_floors":[2],"current_hp_per_floor":[70,70,70,64,64,30,26,20,20,20,4,4,4,4,24,12,69,52,25,25,25,0],"gold":349,"neow_bonus":"RANDOM_COMMON_RELIC","is_prod":false,"is_daily":false,"chose_seed":false,"campfire_upgraded":0,"win_rate":0,"timestamp":1548458682,"path_taken":["M","$","M","M","$","E","M","M","T","M","E","?","?","M","R","BOSS","M","M","?","?","M"],"build_version":"2019-01-23","purchased_purges":0,"victory":false,"max_hp_per_floor":[75,75,75,75,75,75,75,75,75,75,75,75,69,69,69,69,69,69,69,69,69,69],"card_choices":[{"not_picked":["Tempest","Steam"],"picked":"Genetic Algorithm","floor":1},{"not_picked":["Force Field","Redo"],"picked":"Capacitor","floor":3},{"not_picked":["Barrage","Force Field"],"picked":"Conserve Battery","floor":4},{"not_picked":["Compile Driver","Double Energy"],"picked":"Ball Lightning","floor":6},{"not_picked":["Steam","Cold Snap","Streamline"],"picked":"SKIP","floor":7},{"not_picked":["Streamline","Scrape","Rip and Tear"],"picked":"SKIP","floor":8},{"not_picked":["White Noise","Beam Cell"],"picked":"Hologram","floor":10},{"not_picked":["Fission","Scrape","Sweeping Beam"],"picked":"SKIP","floor":11},{"not_picked":["Doom and Gloom","Coolheaded"],"picked":"Hologram","floor":14},{"not_picked":["Amplify","Rainbow"],"picked":"Thunder Strike","floor":16},{"not_picked":["Redo","Gash"],"picked":"BootSequence+1","floor":18},{"not_picked":["Beam Cell+1","Gash"],"picked":"Auto Shields","floor":19}],"player_experience":155352,"relics_obtained":[{"floor":6,"key":"Omamori"},{"floor":9,"key":"Matryoshka"},{"floor":11,"key":"Pantograph"}],"event_choices":[{"damage_healed":0,"gold_gain":0,"player_choice":"Ignored","damage_taken":0,"max_hp_gain":0,"max_hp_loss":0,"event_name":"Shining Light","floor":12,"gold_loss":0},{"damage_healed":0,"gold_gain":0,"player_choice":"Lose Max HP","damage_taken":0,"relics_obtained":["Golden Idol"],"max_hp_gain":0,"max_hp_loss":6,"event_name":"Golden Idol","floor":13,"gold_loss":0},{"damage_healed":0,"gold_gain":0,"player_choice":"Ignored","damage_taken":0,"max_hp_gain":0,"max_hp_loss":0,"event_name":"Cursed Tome","floor":20,"gold_loss":0},{"damage_healed":0,"gold_gain":0,"player_choice":"Ignored","damage_taken":0,"max_hp_gain":0,"max_hp_loss":0,"event_name":"Vampires","floor":21,"gold_loss":0}],"is_beta":false,"boss_relics":[{"not_picked":["Busted Crown","Coffee Dripper"],"picked":"Black Star"}],"items_purged_floors":[],"is_endless":false,"potions_floor_spawned":[1,6,8,10,18],"killed_by":"3 Cultists","ascension_level":1}