{"gold_per_floor":[111,31,44,44,44,44,77,89,89,89,121,139,139,169,169,169],"floor_reached":16,"playtime":336,"items_purged":[],"score":286,"play_id":"08fa7b1c-0269-4f56-9806-a0e78138db25","local_time":"20190506233526","is_ascension_mode":true,"campfire_choices":[{"data":"Zap","floor":6,"key":"SMITH"},{"data":"Dualcast","floor":10,"key":"SMITH"},{"data":"Turbo","floor":15,"key":"SMITH"}],"neow_cost":"NONE","seed_source_timestamp":1038720037173787,"circlet_count":0,"master_deck":["AscendersBane","Strike_B","Strike_B","Strike_B","Strike_B","Defend_B","Defend_B","Defend_B","Defend_B","Zap+1","Dualcast+1","Conserve Battery","Glacier","Undo","Skim","Ball Lightning","Turbo+1","Genetic Algorithm"],"relics":["Cracked Core","NeowsBlessing","Pear","Smiling Mask","Matryoshka","Juzu Bracelet","Bag of Marbles","Gremlin Horn"],"potions_floor_usage":[12,14],"damage_taken":[{"damage":0,"enemies":"Small Slimes","floor":1,"turns":1},{"damage":0,"enemies":"2 Louse","floor":3,"turns":1},{"damage":0,"enemies":"Lagavulin","floor":7,"turns":1},{"damage":2,"enemies":"Jaw Worm","floor":8,"turns":3},{"damage":13,"enemies":"3 Sentries","floor":11,"turns":10},{"damage":0,"enemies":"3 Louse","floor":12,"turns":3},{"damage":39,"enemies":"Gremlin Nob","floor":14,"turns":4},{"damage":10,"enemies":"Slime Boss","floor":16,"turns":6}],"seed_played":"1310981465978966615","potions_obtained":[{"floor":3,"key":"Explosive Potion"},{"floor":7,"key":"PowerPotion"},{"floor":12,"key":"Fruit Juice"},{"floor":14,"key":"Regen Potion"}],"is_trial":false,"path_per_floor":["M","$","M","?","?","R","E","M","T","R","E","M","T","E","R","B"],"character_chosen":"DEFECT","items_purchased":["Glacier"],"campfire_rested":0,"item_purchase_floors":[2],"current_hp_per_floor":[64,64,64,69,69,69,69,67,67,67,54,59,59,20,20,10],"gold":169,"neow_bonus":"THREE_ENEMY_KILL","is_prod":false,"is_daily":false,"chose_seed":false,"campfire_upgraded":3,"win_rate":0,"timestamp":1557156926,"path_taken":["M","$","M","?","?","R","E","M","T","R","E","M","?","E","R","BOSS"],"build_version":"2019-01-23","purchased_purges":0,"victory":false,"max_hp_per_floor":[71,71,71,81,81,81,81,81,81,81,81,86,86,86,86,86],"card_choices":[{"not_picked":["Barrage","Reinforced Body"],"picked":"Conserve Battery","floor":1},{"not_picked":["Glacier","Barrage"],"picked":"Undo","floor":3},{"not_picked":["Redo","Double Energy"],"picked":"Skim","floor":7},{"not_picked":["Steam","Barrage"],"picked":"Ball Lightning","floor":8},{"not_picked":["Sweeping Beam","BootSequence"],"picked":"Turbo","floor":11},{"not_picked":["Force Field","Redo"],"picked":"Genetic Algorithm","floor":12},{"not_picked":["Aggregate","FTL","Doom and Gloom"],"picked":"SKIP","floor":14}],"player_experience":1572180,"relics_obtained":[{"floor":7,"key":"Smiling Mask"},{"floor":11,"key":"Matryoshka"},{"floor":13,"key":"Juzu Bracelet"},{"floor":13,"key":"Bag of Marbles"},{"floor":14,"key":"Gremlin Horn"}],"event_choices":[{"damage_healed":0,"gold_gain":0,"player_choice":"Success","damage_taken":5,"relics_obtained":["Pear"],"max_hp_gain":0,"max_hp_loss":0,"event_name":"Scrap Ooze","floor":4,"gold_loss":0},{"damage_healed":0,"gold_gain":0,"player_choice":"Ignored","damage_taken":0,"max_hp_gain":0,"max_hp_loss":0,"event_name":"Liars Game","floor":5,"gold_loss":0}],"is_beta":false,"boss_relics":[],"items_purged_floors":[],"is_endless":false,"potions_floor_spawned":[3,7,12,14],"killed_by":"Slime Boss","ascension_level":20}