{"gold_per_floor":[111,130,143,143,143,143,48,61,61,61,75,87,117,128,128,205,205,222,222,236,30,43,43,43],"floor_reached":24,"playtime":913,"items_purged":[],"score":380,"play_id":"fe0666fc-8c5c-4560-b52a-30bff3fabd46","local_time":"20181218072655","is_ascension_mode":true,"campfire_choices":[{"data":"Zap","floor":6,"key":"SMITH"},{"data":"Barrage","floor":10,"key":"SMITH"},{"floor":15,"key":"REST"},{"floor":23,"key":"REST"}],"neow_cost":"NONE","seed_source_timestamp":480756850267703,"circlet_count":0,"master_deck":["AscendersBane","Strike_B","Strike_B","Strike_B","Defend_B","Defend_B","Defend_B","Defend_B","Zap+1","Dualcast","Gash+1","Ball Lightning","Conserve Battery","Barrage+1","Capacitor","Gash","Coolheaded","Self Repair","Hologram","Creative AI","Force Field","Biased Cognition","Melter","Master of Strategy","Beam Cell"],"relics":["Cracked Core","Bottled Tornado","Tiny Chest","Nuclear Battery"],"potions_floor_usage":[12,12,16,16,22,24],"damage_taken":[{"damage":1,"enemies":"Cultist","floor":1,"turns":3},{"damage":3,"enemies":"2 Louse","floor":2,"turns":2},{"damage":0,"enemies":"Small Slimes","floor":3,"turns":3},{"damage":30,"enemies":"Gremlin Gang","floor":8,"turns":5},{"damage":20,"enemies":"Exordium Thugs","floor":11,"turns":5},{"damage":8,"enemies":"Lots of Slimes","floor":12,"turns":3},{"damage":8,"enemies":"Blue Slaver","floor":14,"turns":4},{"damage":1,"enemies":"The Guardian","floor":16,"turns":9},{"damage":17,"enemies":"3 Byrds","floor":18,"turns":5},{"damage":6,"enemies":"Spheric Guardian","floor":20,"turns":5},{"damage":54,"enemies":"Snake Plant","floor":22,"turns":5},{"damage":40,"enemies":"Book of Stabbing","floor":24,"turns":4}],"seed_played":"3262678861044161128","potions_obtained":[{"floor":3,"key":"FocusPotion"},{"floor":11,"key":"EssenceOfSteel"},{"floor":12,"key":"FearPotion"},{"floor":14,"key":"PowerPotion"},{"floor":18,"key":"Regen Potion"},{"floor":22,"key":"EssenceOfSteel"}],"is_trial":false,"path_per_floor":["M","M","M","?","?","R","$","M","T","R","M","M","T","M","R","B",null,"M","?","M","$","M","R","E"],"character_chosen":"DEFECT","items_purchased":["Barrage","Capacitor","Master of Strategy"],"campfire_rested":2,"item_purchase_floors":[7,7,21],"current_hp_per_floor":[70,67,67,67,67,67,67,37,37,37,17,9,9,8,31,30,66,56,56,57,57,24,47,7],"gold":43,"neow_bonus":"TEN_PERCENT_HP_BONUS","is_prod":false,"is_daily":false,"chose_seed":false,"campfire_upgraded":2,"win_rate":0,"timestamp":1545136015,"path_taken":["M","?","M","?","?","R","$","?","T","R","M","M","?","?","R","BOSS","M","?","M","$","M","R","E"],"build_version":"2018-12-13","purchased_purges":0,"victory":false,"max_hp_per_floor":[78,78,78,78,78,78,78,78,78,78,78,78,78,78,78,78,78,78,78,78,78,78,78,78],"card_choices":[{"not_picked":["Recycle","Auto Shields"],"picked":"Gash","floor":1},{"not_picked":["Leap","Rebound"],"picked":"Ball Lightning","floor":2},{"not_picked":["Aggregate","Cold Snap"],"picked":"Conserve Battery","floor":3},{"not_picked":["Aggregate","FTL"],"picked":"Gash","floor":8},{"not_picked":["Cold Snap","Stack"],"picked":"Coolheaded","floor":11},{"not_picked":["Conserve Battery","Sweeping Beam"],"picked":"Self Repair","floor":12},{"not_picked":["Beam Cell","Cold Snap"],"picked":"Hologram","floor":14},{"not_picked":["Core Surge","Meteor Strike"],"picked":"Creative AI","floor":16},{"not_picked":["Blizzard","Gash"],"picked":"Force Field","floor":18},{"not_picked":["Force Field","Genetic Algorithm+1"],"picked":"Melter","floor":20},{"not_picked":["Gash","Sweeping Beam"],"picked":"Beam Cell","floor":22}],"player_experience":786207,"relics_obtained":[{"floor":9,"key":"Bottled Tornado"},{"floor":13,"key":"Tiny Chest"}],"event_choices":[{"damage_healed":0,"gold_gain":0,"player_choice":"Ignored","damage_taken":0,"max_hp_gain":0,"max_hp_loss":0,"event_name":"Golden Wing","floor":4,"gold_loss":0},{"damage_healed":0,"gold_gain":0,"player_choice":"Upgraded","damage_taken":0,"max_hp_gain":0,"max_hp_loss":0,"event_name":"Upgrade Shrine","floor":5,"gold_loss":0,"cards_upgraded":["Gash"]},{"damage_healed":0,"gold_gain":0,"cards_transformed":["Strike_B"],"player_choice":"Transformed","damage_taken":0,"max_hp_gain":0,"max_hp_loss":0,"event_name":"Transmorgrifier","floor":19,"gold_loss":0,"cards_obtained":["Biased Cognition"]}],"is_beta":false,"boss_relics":[{"not_picked":["Orrery","Ectoplasm"],"picked":"Nuclear Battery"}],"items_purged_floors":[],"is_endless":false,"potions_floor_spawned":[3,11,12,14,18,22],"killed_by":"Book of Stabbing","ascension_level":20}