{"gold_per_floor":[18,36,36,36,36,54,54,79,79,79,9,30,30,47,47,150,150,166,91,101,16,16,16,16,42,42,42,42,58,78,3,3,104,154,164,516,516,528,528,528,528],"floor_reached":41,"playtime":1778,"items_purged":["Defend_B"],"score":595,"play_id":"cd66230f-e5ee-4fb7-911d-1b982c28cde6","local_time":"20180817153204","is_ascension_mode":true,"campfire_choices":[{"floor":7,"key":"DIG"},{"floor":10,"key":"DIG"},{"floor":13,"key":"DIG"},{"data":"Coolheaded","floor":15,"key":"SMITH"},{"floor":23,"key":"DIG"},{"floor":27,"key":"DIG"},{"data":"Hologram","floor":32,"key":"SMITH"},{"floor":40,"key":"DIG"}],"neow_cost":"NO_GOLD","seed_source_timestamp":60292598724102,"circlet_count":0,"master_deck":["Strike_B","Strike_B","Strike_B+1","Defend_B","Zap","Dualcast","Conserve Battery","Chill","Double Energy","FTL+1","Blizzard+1","Coolheaded+1","Machine Learning","Capacitor","Barrage+1","RitualDagger+1","Hologram+1","Redo","Glacier","Panacea","Beam Cell+1"],"relics":["Cracked Core","Shovel","Bottled Lightning","Molten Egg 2","Strawberry","Shuriken","Sundial","Odd Mushroom","Thread and Needle","Busted Crown","Peace Pipe","Meat on the Bone","Centennial Puzzle","Singing Bowl","Question Card","Tiny House","Old Coin","Art of War"],"potions_floor_usage":[16,16,25,25,28,33,33,36,41],"damage_taken":[{"damage":1,"enemies":"Cultist","floor":1,"turns":3},{"damage":5,"enemies":"Jaw Worm","floor":2,"turns":3},{"damage":3,"enemies":"2 Louse","floor":6,"turns":3},{"damage":21,"enemies":"3 Sentries","floor":8,"turns":10},{"damage":2,"floor":12,"turns":3},{"damage":8,"enemies":"Looter","floor":14,"turns":4},{"damage":2,"enemies":"The Guardian","floor":16,"turns":12},{"damage":9,"enemies":"3 Byrds","floor":18,"turns":5},{"damage":12,"enemies":"2 Thieves","floor":20,"turns":4},{"damage":29,"enemies":"Book of Stabbing","floor":25,"turns":6},{"damage":0,"enemies":"Snecko","floor":28,"turns":2},{"damage":10,"enemies":"Centurion and Healer","floor":29,"turns":6},{"damage":1,"enemies":"3 Cultists","floor":30,"turns":4},{"damage":45,"enemies":"Automaton","floor":33,"turns":8},{"damage":3,"enemies":"3 Shapes","floor":35,"turns":4},{"damage":27,"floor":36,"turns":6},{"damage":9,"enemies":"Orb Walker","floor":38,"turns":5},{"damage":79,"enemies":"2 Orb Walkers","floor":41,"turns":4}],"seed_played":"975509951761597384","potions_obtained":[{"floor":6,"key":"SmokeBomb"},{"floor":12,"key":"Strength Potion"},{"floor":14,"key":"Block Potion"},{"floor":18,"key":"Poison Potion"},{"floor":20,"key":"Block Potion"},{"floor":29,"key":"Block Potion"},{"floor":30,"key":"FearPotion"},{"floor":34,"key":"Fire Potion"},{"floor":35,"key":"FearPotion"}],"is_trial":false,"path_per_floor":["M","M","?","?","T","M","R","E","T","R","$","?","R","M","R","B",null,"M","?","M","?","$","R","?","E","T","R","M","M","M","$","R","B",null,"M","?","?","M","?","R"],"character_chosen":"DEFECT","items_purchased":["Blizzard+1"],"campfire_rested":0,"item_purchase_floors":[11],"current_hp_per_floor":[67,62,67,60,60,57,57,43,43,43,43,41,41,33,33,31,73,64,64,52,52,52,52,46,29,29,29,41,45,56,56,56,25,82,81,54,54,57,57,57,0],"gold":528,"neow_bonus":"ONE_RARE_RELIC","is_prod":false,"is_daily":false,"chose_seed":false,"campfire_upgraded":2,"win_rate":0,"timestamp":1534491124,"path_taken":["M","M","?","?","?","M","R","E","T","R","$","?","R","M","R","BOSS","M","?","M","?","$","R","?","E","T","R","M","M","?","$","R","BOSS","M","?","?","?","?","R","E"],"build_version":"2018-08-16","purchased_purges":1,"victory":false,"max_hp_per_floor":[75,75,80,80,80,80,80,87,87,87,87,87,87,87,87,87,87,87,87,87,87,87,87,87,87,87,87,87,89,89,89,89,91,98,100,100,100,100,100,100,100],"card_choices":[{"not_picked":["Rebound","Self Repair"],"picked":"Conserve Battery","floor":1},{"not_picked":["Stack","Beam Cell"],"picked":"Chill","floor":2},{"not_picked":["Force Field","Steam"],"picked":"Double Energy","floor":6},{"not_picked":["Chill","Compile Driver+1"],"picked":"FTL+1","floor":8},{"not_picked":["Compile Driver+1","Go for the Eyes+1"],"picked":"Coolheaded","floor":14},{"not_picked":["Biased Cognition","Creative AI"],"picked":"Machine Learning","floor":16},{"not_picked":[],"picked":"Capacitor","floor":18},{"not_picked":[],"picked":"Barrage+1","floor":20},{"not_picked":[],"picked":"Hologram","floor":25},{"not_picked":["Scrape+1","Static Discharge"],"picked":"Singing Bowl","floor":29},{"not_picked":["Rebound+1"],"picked":"Redo","floor":30},{"not_picked":["Seek","Hyperbeam+1"],"picked":"Singing Bowl","floor":33},{"not_picked":["Hologram","Ball Lightning+1"],"picked":"Singing Bowl","floor":34},{"not_picked":["Steam Power","Lockon+1"],"picked":"Singing Bowl","floor":35},{"not_picked":["Blizzard+1"],"picked":"Glacier","floor":36},{"not_picked":["Swift Strike+1"],"picked":"Panacea","floor":37},{"not_picked":["Consume+1"],"picked":"Beam Cell+1","floor":38}],"player_experience":341960,"relics_obtained":[{"floor":5,"key":"Bottled Lightning"},{"floor":7,"key":"Molten Egg 2"},{"floor":8,"key":"Strawberry"},{"floor":9,"key":"Shuriken"},{"floor":10,"key":"Sundial"},{"floor":12,"key":"Odd Mushroom"},{"floor":13,"key":"Thread and Needle"},{"floor":23,"key":"Meat on the Bone"},{"floor":25,"key":"Centennial Puzzle"},{"floor":26,"key":"Singing Bowl"},{"floor":27,"key":"Question Card"},{"floor":36,"key":"Old Coin"},{"floor":40,"key":"Art of War"}],"event_choices":[{"event_name":"Big Fish","player_choice":"Donut","floor":3,"damage_taken":0},{"event_name":"Golden Wing","player_choice":"Card Removal","floor":4,"damage_taken":0},{"event_name":"Mushrooms","player_choice":"Fought Mushrooms","floor":12,"damage_taken":0},{"event_name":"Beggar","player_choice":"Gave Gold","floor":19,"damage_taken":0},{"event_name":"Addict","player_choice":"Obtained Relic","floor":21,"damage_taken":0},{"event_name":"Nest","player_choice":"Joined the Cult","floor":24,"damage_taken":0},{"event_name":"Mysterious Sphere","player_choice":"Fight","floor":36,"damage_taken":0},{"event_name":"SensoryStone","player_choice":"Memory 1","floor":37,"damage_taken":0},{"event_name":"Bonfire Elementals","player_choice":"BASIC","floor":39,"damage_taken":0}],"is_beta":false,"boss_relics":[{"not_picked":["Snecko Eye","Ectoplasm"],"picked":"Busted Crown"},{"not_picked":["Orrery","FrozenCore"],"picked":"Tiny House"}],"items_purged_floors":[31],"is_endless":false,"potions_floor_spawned":[6,12,14,18,20,28,29,30,35],"killed_by":"2 Orb Walkers","ascension_level":8}