{"gold_per_floor":[17,17,31,31,31,31,64,64,64,14,14,33,56,75,75,205,205,229,229,254,254,58,58,93,112,159,159,180,201,201],"floor_reached":30,"playtime":2147,"items_purged":[],"score":365,"play_id":"f89057ba-8414-4883-9ea8-6011a412e8c2","local_time":"20190124225744","is_ascension_mode":true,"campfire_choices":[{"floor":6,"key":"REST"},{"floor":8,"key":"REST"},{"data":"Bludgeon","floor":15,"key":"SMITH"},{"floor":23,"key":"REST"},{"floor":27,"key":"REST"}],"neow_cost":"NO_GOLD","seed_source_timestamp":27544118453806,"circlet_count":0,"master_deck":["Strike_R+1","Strike_R+1","Strike_R","Strike_R","Strike_R","Defend_R","Defend_R","Defend_R","Defend_R","Bash","Iron Wave","Clothesline","Uppercut","Iron Wave","Spot Weakness","Bludgeon+1","Berserk","Armaments+1","Uppercut","Rage","Twin Strike","Infernal Blade","Ghostly Armor","Infernal Blade+1"],"relics":["Burning Blood","Magic Flower","Art of War","Golden Idol","Shuriken","Matryoshka","Dream Catcher","Sozu","MealTicket","Pear","Sundial","Potion Belt"],"potions_floor_usage":[7,16,21,24],"damage_taken":[{"damage":4,"enemies":"2 Louse","floor":1,"turns":3},{"damage":6,"enemies":"Small Slimes","floor":3,"turns":3},{"damage":36,"enemies":"3 Sentries","floor":7,"turns":10},{"damage":0,"enemies":"Cultist","floor":12,"turns":2},{"damage":9,"enemies":"2 Fungi Beasts","floor":13,"turns":3},{"damage":16,"enemies":"Lots of Slimes","floor":14,"turns":5},{"damage":46,"enemies":"The Guardian","floor":16,"turns":8},{"damage":35,"enemies":"Shell Parasite","floor":18,"turns":4},{"damage":18,"enemies":"Colosseum Slavers","floor":19,"turns":5},{"damage":2,"enemies":"Chosen","floor":20,"turns":4},{"damage":0,"enemies":"Snake Plant","floor":21,"turns":2},{"damage":35,"enemies":"Gremlin Leader","floor":24,"turns":8},{"damage":22,"enemies":"Sentry and Sphere","floor":25,"turns":5},{"damage":40,"enemies":"3 Cultists","floor":28,"turns":7},{"damage":24,"enemies":"Centurion and Healer","floor":29,"turns":7},{"damage":23,"enemies":"Shelled Parasite and Fungi","floor":30,"turns":3}],"seed_played":"1711630032606679737","potions_obtained":[{"floor":1,"key":"SteroidPotion"},{"floor":7,"key":"LiquidBronze"},{"floor":14,"key":"SmokeBomb"},{"floor":16,"key":"Dexterity Potion"}],"is_trial":false,"path_per_floor":["M","?","M","?","?","R","E","R","T","?","?","M","M","M","R","B",null,"M","?","M","M","$","R","E","M","T","R","M","M","M"],"character_chosen":"IRONCLAD","items_purchased":["MealTicket"],"campfire_rested":4,"item_purchase_floors":[22],"current_hp_per_floor":[77,77,80,64,44,68,41,65,65,65,58,67,67,60,60,23,66,40,31,38,47,47,71,55,42,42,69,38,23,0],"gold":201,"neow_bonus":"ONE_RARE_RELIC","is_prod":false,"is_daily":false,"chose_seed":false,"campfire_upgraded":1,"win_rate":0,"timestamp":1548367064,"path_taken":["M","?","M","?","?","R","E","R","T","?","?","M","M","?","R","BOSS","M","?","M","M","$","R","E","M","T","R","M","M","M"],"build_version":"2019-01-23","purchased_purges":0,"victory":false,"max_hp_per_floor":[80,80,80,80,80,80,80,80,80,80,80,80,80,80,80,80,80,80,80,80,80,80,80,90,90,90,90,90,90,90],"card_choices":[{"not_picked":["Feel No Pain","Flex"],"picked":"Iron Wave","floor":1},{"not_picked":["Dropkick","Havoc"],"picked":"Clothesline","floor":3},{"not_picked":["Perfected Strike","Wild Strike"],"picked":"Uppercut","floor":7},{"not_picked":["Hemokinesis","Armaments"],"picked":"Iron Wave","floor":12},{"not_picked":["Iron Wave","Uppercut"],"picked":"Spot Weakness","floor":13},{"not_picked":["True Grit","Sword Boomerang"],"picked":"Bludgeon","floor":14},{"not_picked":["Double Tap","Dark Embrace"],"picked":"Berserk","floor":16},{"not_picked":["Intimidate+1","Clothesline"],"picked":"Armaments+1","floor":18},{"not_picked":["Sever Soul","Feel No Pain"],"picked":"Uppercut","floor":20},{"not_picked":["Cleave","True Grit"],"picked":"Rage","floor":23},{"not_picked":["Clothesline","Heavy Blade"],"picked":"Twin Strike","floor":24},{"not_picked":["Bloodletting","Havoc"],"picked":"Infernal Blade","floor":25},{"not_picked":["Pommel Strike","Headbutt+1"],"picked":"Ghostly Armor","floor":27},{"not_picked":["Feed","Wild Strike"],"picked":"Infernal Blade+1","floor":28},{"not_picked":["Twin Strike","Thunderclap","Anger+1"],"picked":"SKIP","floor":29}],"player_experience":366429,"relics_obtained":[{"floor":7,"key":"Shuriken"},{"floor":9,"key":"Matryoshka"},{"floor":24,"key":"Pear"},{"floor":26,"key":"Sundial"},{"floor":26,"key":"Potion Belt"}],"event_choices":[{"damage_healed":0,"gold_gain":0,"player_choice":"Box","damage_taken":0,"relics_obtained":["Art of War"],"max_hp_gain":0,"max_hp_loss":0,"event_name":"Big Fish","floor":2,"gold_loss":0,"cards_obtained":["Regret"]},{"damage_healed":0,"gold_gain":0,"player_choice":"Entered Light","damage_taken":16,"max_hp_gain":0,"max_hp_loss":0,"event_name":"Shining Light","floor":4,"gold_loss":0,"cards_upgraded":["Strike_R","Strike_R"]},{"damage_healed":0,"gold_gain":0,"player_choice":"Take Damage","damage_taken":20,"relics_obtained":["Golden Idol"],"max_hp_gain":0,"max_hp_loss":0,"event_name":"Golden Idol","floor":5,"gold_loss":0},{"cards_removed":["Regret"],"damage_healed":0,"gold_gain":0,"player_choice":"Card Removal","damage_taken":0,"max_hp_gain":0,"max_hp_loss":0,"event_name":"The Cleric","floor":10,"gold_loss":50},{"damage_healed":0,"gold_gain":0,"player_choice":"Success","damage_taken":7,"relics_obtained":["Dream Catcher"],"max_hp_gain":0,"max_hp_loss":0,"event_name":"Scrap Ooze","floor":11,"gold_loss":0},{"damage_healed":0,"gold_gain":0,"player_choice":"Fight","damage_taken":0,"max_hp_gain":0,"max_hp_loss":0,"event_name":"Colosseum","floor":19,"gold_loss":0},{"damage_healed":0,"gold_gain":0,"player_choice":"Fled From Nobs","damage_taken":0,"max_hp_gain":0,"max_hp_loss":0,"event_name":"Colosseum","floor":19,"gold_loss":0}],"is_beta":false,"boss_relics":[{"not_picked":["Ectoplasm","Orrery"],"picked":"Sozu"}],"items_purged_floors":[],"is_endless":false,"potions_floor_spawned":[1,7,14,16,20,21,24,29],"killed_by":"Shelled Parasite and Fungi","ascension_level":9}