{"gold_per_floor":[118,135,203,219,17,50,50,50,50,64,64,64,75,110,110,214,214,230,246,246,266,165,165,79,79,157,157,172,172,199,219,219,324,324,339,357,357,53,68,100,100,131,210,0,0,0,0,12,12,12],"floor_reached":51,"playtime":3454,"items_purged":["Writhe"],"score":763,"play_id":"5ea65ba6-8410-4387-a970-7c307d8e7834","local_time":"20190224183524","is_ascension_mode":false,"campfire_choices":[{"data":"Tools of the Trade","floor":7,"key":"SMITH"},{"data":"Terror","floor":12,"key":"SMITH"},{"data":"Riddle With Holes","floor":15,"key":"SMITH"},{"floor":23,"key":"REST"},{"floor":27,"key":"REST"},{"floor":32,"key":"REST"},{"floor":41,"key":"REST"},{"floor":45,"key":"REST"},{"floor":49,"key":"REST"}],"neow_cost":"NONE","seed_source_timestamp":689742191408160,"circlet_count":0,"master_deck":["Defend_G","Defend_G","Defend_G","Strike_G","Survivor","Neutralize","Die Die Die+1","Blade Dance+1","Prepared+1","Quick Slash","Dagger Throw","Footwork","Tools of the Trade","Terror+1","Tools of the Trade+1","Backflip","Flying Knee","Riddle With Holes+1","Dagger Throw","After Image","Leg Sweep","Cloak And Dagger","Masterful Stab","Bullet Time","Outmaneuver","Flying Knee","Well Laid Plans","Tactician","Quick Slash","Ghostly","Ghostly","Ghostly","Ghostly","Ghostly","Finisher","Poisoned Stab+1","Burst","Deflect","Backflip","Accuracy","Outmaneuver+1","Adrenaline","Dodge and Roll+1","Accuracy","PiercingWail","Adrenaline","Underhanded Strike","Infinite Blades+1","Acrobatics","Glass Knife","Heel Hook","Dramatic Entrance","Good Instincts","Blind","Deflect+1","Backflip"],"relics":["Astrolabe","Pantograph","Oddly Smooth Stone","Matryoshka","Gremlin Horn","Bottled Lightning","Regal Pillow","Fusion Hammer","Vajra","Meat on the Bone","Enchiridion","Centennial Puzzle","Orrery","Dream Catcher","Blood Vial","Pocketwatch","Bottled Tornado","CultistMask"],"potions_floor_usage":[10,33,33,40,40,50,50,50],"damage_taken":[{"damage":0,"enemies":"Cultist","floor":1,"turns":3},{"damage":1,"enemies":"Jaw Worm","floor":2,"turns":2},{"damage":0,"enemies":"Small Slimes","floor":4,"turns":1},{"damage":24,"enemies":"3 Sentries","floor":6,"turns":7},{"damage":0,"enemies":"3 Louse","floor":10,"turns":4},{"damage":0,"enemies":"Looter","floor":13,"turns":2},{"damage":16,"enemies":"Gremlin Nob","floor":14,"turns":3},{"damage":38,"enemies":"Hexaghost","floor":16,"turns":8},{"damage":4,"enemies":"Shell Parasite","floor":18,"turns":3},{"damage":4,"enemies":"2 Thieves","floor":19,"turns":4},{"damage":17,"enemies":"Shelled Parasite and Fungi","floor":21,"turns":4},{"damage":1,"enemies":"Sentry and Sphere","floor":28,"turns":6},{"damage":0,"enemies":"Snecko","floor":31,"turns":3},{"damage":21,"enemies":"Collector","floor":33,"turns":7},{"damage":7,"enemies":"3 Shapes","floor":35,"turns":3},{"damage":0,"enemies":"3 Darklings","floor":36,"turns":5},{"damage":0,"enemies":"Jaw Worm Horde","floor":39,"turns":3},{"damage":12,"enemies":"Nemesis","floor":40,"turns":7},{"damage":9,"enemies":"Reptomancer","floor":42,"turns":5},{"damage":0,"enemies":"Maw","floor":48,"turns":8},{"damage":20,"enemies":"Donu and Deca","floor":50,"turns":12}],"seed_played":"6212218187849667791","potions_obtained":[{"floor":6,"key":"Regen Potion"},{"floor":10,"key":"Explosive Potion"},{"floor":14,"key":"SteroidPotion"},{"floor":19,"key":"Ancient Potion"},{"floor":21,"key":"LiquidBronze"},{"floor":35,"key":"Poison Potion"},{"floor":40,"key":"Dexterity Potion"},{"floor":48,"key":"GhostInAJar"}],"is_trial":false,"path_per_floor":["M","M","T","M","$","E","R","?","T","M","T","R","M","E","R","B",null,"M","M","?","M","$","R","$","?","T","R","M","?","T","M","R","B",null,"M","M","?","$","M","E","R","E","T","$","R","?","?","M","R","B",null],"character_chosen":"THE_SILENT","items_purchased":["Tools of the Trade","Terror","Flying Knee","Well Laid Plans","Tactician","Quick Slash","Dream Catcher","PiercingWail","PowerPotion","Glass Knife","Dexterity Potion"],"campfire_rested":6,"item_purchase_floors":[5,5,22,22,24,24,38,38,38,44,44],"current_hp_per_floor":[70,69,69,69,69,45,45,45,45,57,57,57,57,41,41,28,70,66,62,62,45,45,70,70,35,35,35,34,18,18,18,35,26,35,28,28,35,35,35,23,35,26,26,26,35,25,25,27,35,27],"gold":12,"neow_bonus":"BOSS_RELIC","is_prod":false,"is_daily":false,"chose_seed":false,"campfire_upgraded":3,"win_rate":0,"timestamp":1551054924,"path_taken":["M","M","?","M","$","E","R","?","T","?","?","R","?","E","R","BOSS","M","M","?","M","$","R","$","?","T","R","M","?","?","M","R","BOSS","M","M","?","$","M","E","R","E","T","$","R","?","?","?","R","BOSS"],"build_version":"2019-01-23","purchased_purges":1,"victory":true,"max_hp_per_floor":[70,70,70,70,70,70,70,70,70,70,70,70,70,70,70,70,70,70,70,70,70,70,70,70,35,35,35,35,35,35,35,35,35,35,35,35,35,35,35,35,35,35,35,35,35,35,35,35,35,35],"card_choices":[{"not_picked":["Outmaneuver","Expertise"],"picked":"Quick Slash","floor":1},{"not_picked":["Escape Plan","Deadly Poison"],"picked":"Dagger Throw","floor":2},{"not_picked":["Endless Agony","Tactician"],"picked":"Footwork","floor":4},{"not_picked":["Dagger Throw","Slice"],"picked":"Tools of the Trade","floor":6},{"not_picked":["Dodge and Roll","Quick Slash"],"picked":"Flying Knee","floor":10},{"not_picked":["Slice","Deflect"],"picked":"Riddle With Holes","floor":13},{"not_picked":["Calculated Gamble","Sucker Punch"],"picked":"Dagger Throw","floor":14},{"not_picked":["Envenom","Wraith Form v2"],"picked":"After Image","floor":16},{"not_picked":["Skewer+1","Underhanded Strike"],"picked":"Leg Sweep","floor":18},{"not_picked":["Terror","Blur"],"picked":"Cloak And Dagger","floor":19},{"not_picked":["Sucker Punch","Dodge and Roll"],"picked":"Outmaneuver","floor":21},{"not_picked":["Underhanded Strike","Dagger Spray"],"picked":"Finisher","floor":28},{"not_picked":["Terror","Tactician"],"picked":"Poisoned Stab+1","floor":31},{"not_picked":["Glass Knife","Tools of the Trade"],"picked":"Burst","floor":33},{"not_picked":["Sucker Punch","Deadly Poison"],"picked":"Deflect","floor":34},{"not_picked":["Masterful Stab","Cloak And Dagger"],"picked":"Backflip","floor":34},{"not_picked":["Outmaneuver","Deadly Poison+1"],"picked":"Accuracy","floor":34},{"not_picked":["Choke+1","Sucker Punch+1"],"picked":"Outmaneuver+1","floor":34},{"not_picked":["Crippling Poison","Escape Plan"],"picked":"Adrenaline","floor":34},{"not_picked":["Underhanded Strike","Poisoned Stab"],"picked":"Dodge and Roll+1","floor":35},{"not_picked":["Acrobatics+1","Dagger Spray"],"picked":"Accuracy","floor":36},{"not_picked":["Eviscerate+1","Endless Agony"],"picked":"Adrenaline","floor":39},{"not_picked":["Deadly Poison+1","Sucker Punch"],"picked":"Underhanded Strike","floor":40},{"not_picked":["Dagger Spray","Bouncing Flask"],"picked":"Infinite Blades+1","floor":41},{"not_picked":["Phantasmal Killer","Poisoned Stab"],"picked":"Acrobatics","floor":42},{"not_picked":["Slice","Flechettes+1"],"picked":"Heel Hook","floor":45},{"not_picked":["Metamorphosis","Discovery"],"picked":"Dramatic Entrance","floor":46},{"not_picked":["Forethought","Madness"],"picked":"Good Instincts","floor":46},{"not_picked":["Jack Of All Trades","Panacea"],"picked":"Blind","floor":46},{"not_picked":["Acrobatics+1","Flechettes"],"picked":"Deflect+1","floor":48},{"not_picked":["Riddle With Holes+1","Poisoned Stab"],"picked":"Backflip","floor":49}],"player_experience":77811,"relics_obtained":[{"floor":3,"key":"Pantograph"},{"floor":6,"key":"Oddly Smooth Stone"},{"floor":9,"key":"Matryoshka"},{"floor":11,"key":"Gremlin Horn"},{"floor":11,"key":"Bottled Lightning"},{"floor":14,"key":"Regal Pillow"},{"floor":26,"key":"Vajra"},{"floor":26,"key":"Meat on the Bone"},{"floor":29,"key":"Enchiridion"},{"floor":30,"key":"Centennial Puzzle"},{"floor":40,"key":"Blood Vial"},{"floor":42,"key":"Pocketwatch"},{"floor":43,"key":"Bottled Tornado"}],"event_choices":[{"damage_healed":0,"gold_gain":0,"cards_transformed":["Defend_G"],"player_choice":"Transformed","damage_taken":0,"max_hp_gain":0,"max_hp_loss":0,"event_name":"Transmorgrifier","floor":8,"gold_loss":0,"cards_obtained":["Backflip"]},{"damage_healed":0,"gold_gain":0,"cards_transformed":["Defend_G","Strike_G"],"player_choice":"Became Test Subject","damage_taken":0,"max_hp_gain":0,"max_hp_loss":0,"event_name":"Drug Dealer","floor":20,"gold_loss":0,"cards_obtained":["Masterful Stab","Bullet Time"]},{"damage_healed":0,"gold_gain":0,"player_choice":"Became a Ghost","damage_taken":0,"max_hp_gain":0,"max_hp_loss":35,"event_name":"Ghosts","floor":25,"gold_loss":0,"cards_obtained":["Ghostly","Ghostly","Ghostly","Ghostly","Ghostly"]},{"damage_healed":0,"gold_gain":0,"player_choice":"Obtained Book","damage_taken":16,"max_hp_gain":0,"max_hp_loss":0,"event_name":"Cursed Tome","floor":29,"gold_loss":0},{"damage_healed":9,"gold_gain":0,"player_choice":"Writhe","damage_taken":0,"max_hp_gain":0,"max_hp_loss":0,"event_name":"Winding Halls","floor":37,"gold_loss":0,"cards_obtained":["Writhe"]},{"damage_healed":0,"gold_gain":0,"player_choice":"Memory 3","damage_taken":10,"max_hp_gain":0,"max_hp_loss":0,"event_name":"SensoryStone","floor":46,"gold_loss":0},{"damage_healed":0,"gold_gain":0,"player_choice":"Trade","damage_taken":0,"relics_obtained":["CultistMask"],"max_hp_gain":0,"max_hp_loss":0,"event_name":"FaceTrader","floor":47,"gold_loss":0}],"is_beta":false,"boss_relics":[{"not_picked":["Tiny House","Runic Dome"],"picked":"Fusion Hammer"},{"not_picked":["Busted Crown","Lizard Tail"],"picked":"Orrery"}],"items_purged_floors":[38],"is_endless":false,"potions_floor_spawned":[6,10,14,19,21,35,40,48],"ascension_level":0}