{"path_per_floor":["M","M","?","?","M","R","M","M","T","M","$","M","M","?","R","B",null,"M","?","?","?","M","R"],"character_chosen":"THE_SILENT","items_purchased":["Prepared"],"gold_per_floor":[116,126,126,126,144,144,163,181,181,191,69,79,96,96,96,194,194,178,103,103,103,121,121],"floor_reached":24,"campfire_rested":0,"playtime":1837,"current_hp_per_floor":[70,70,70,70,70,70,67,63,63,57,57,53,53,46,46,39,70,42,42,42,65,45,45],"items_purged":["Strike_G"],"gold":121,"play_id":"47b59a34-1ae3-451a-af1a-1cac991de908","is_prod":false,"is_daily":false,"campfire_rituals":0,"campfire_upgraded":3,"is_hardmode":false,"path_taken":["M","M","?","?","M","R","M","M","T","M","$","M","M","?","R","BOSS","M","?","?","?","M","R","E"],"build_version":"2018-01-18-PROD4","purchased_purges":1,"victory":false,"master_deck":["Defend_G","Defend_G","Defend_G","Strike_G","Strike_G","Survivor","Neutralize","After Image","Envenom","Dagger Throw","Dagger Throw","Calculated Gamble","Infinite Blades","Prepared","Unload","Heel Hook","Unload","Prepared","Prepared","Sucker Punch","Poisoned Stab","Heel Hook"],"max_hp_per_floor":[70,70,70,70,70,70,70,70,70,70,70,70,70,70,70,70,70,70,70,70,70,70,70],"relics":["Ring of the Snake","Ginger","Orrery"],"campfire_meditates":0,"card_choices":[{"not_picked":["Backstab","Poisoned Stab"],"picked":"Envenom"},{"not_picked":["Catalyst","Noxious Fumes"],"picked":"Dagger Throw"},{"not_picked":["Deadly Poison","Masterful Stab"],"picked":"Dagger Throw"},{"not_picked":["Dagger Throw","PiercingWail"],"picked":"Calculated Gamble"},{"not_picked":["Calculated Gamble","Backflip"],"picked":"Infinite Blades"},{"not_picked":["PiercingWail","Deadly Poison"],"picked":"Unload"},{"not_picked":["All Out Attack","Riddle With Holes"],"picked":"Heel Hook"},{"not_picked":["Phantasmal Killer","Die Die Die"],"picked":"Unload"},{"not_picked":["Flying Knee","Bane"],"picked":"Prepared"},{"not_picked":["Dagger Spray","All Out Attack"],"picked":"Prepared"},{"not_picked":["Bane","Well Laid Plans"],"picked":"Sucker Punch"},{"not_picked":["Malaise","Dagger Spray"],"picked":"Poisoned Stab"},{"not_picked":["Backstab","Deflect"],"picked":"Heel Hook"}],"player_experience":73862,"potions_floor_usage":[5,7,16,16],"damage_taken":[{"damage":0,"enemies":"Small Slimes","floor":1,"turns":6},{"damage":0,"enemies":"Cultist","floor":2,"turns":5},{"damage":0,"enemies":"Jaw Worm","floor":5,"turns":4},{"damage":3,"enemies":"Red Slaver","floor":7,"turns":5},{"damage":4,"enemies":"2 Fungi Beasts","floor":8,"turns":4},{"damage":6,"enemies":"3 Louse","floor":10,"turns":3},{"damage":4,"enemies":"Looter","floor":12,"turns":3},{"damage":0,"enemies":"Large Slime","floor":13,"turns":5},{"damage":7,"enemies":"Hexaghost","floor":16,"turns":9},{"damage":28,"enemies":"2 Thieves","floor":18,"turns":4},{"damage":20,"enemies":"Spheric Guardian","floor":22,"turns":6},{"damage":50,"enemies":"Slavers","floor":24,"turns":3}],"event_choices":[{"event_name":"Liars Game","player_choice":"disagreed","floor":3,"damage_taken":0},{"event_name":"Purifier","player_choice":"One Purge","floor":4,"damage_taken":0},{"event_name":"Golden Wing","player_choice":"Card Removal","floor":14,"damage_taken":0},{"event_name":"Beggar","player_choice":"Gave Gold","floor":19,"damage_taken":0},{"event_name":"Back to Basics","player_choice":"Elegance","floor":20,"damage_taken":0},{"event_name":"The Library","player_choice":"Heal","floor":21,"damage_taken":0}],"boss_relics":[{"not_picked":["Ectoplasm","Runic Pyramid"],"picked":"Orrery"}],"potions_floor_spawned":[1,2,10,13,22],"seed_played":"5928791895326559642","killed_by":"Slavers","is_trial":false}