{"gold_per_floor":[144,144,144,189,234,324,324,369,369,369,87,132,177,222,222,522,522,567,612,657,702,702,702,792,792,792,837,882,882,202,202,202,502,502,547,592,637,682,982,982,1072,1072,1072,72,117,117,43,88,88,88],"floor_reached":51,"playtime":4843,"items_purged":[],"score":753,"play_id":"26d9794e-cf89-4e7d-8904-9780b95ca6ad","local_time":"20190105025454","daily_mods":["Chimera","Uncertain Future","Midas"],"is_ascension_mode":false,"campfire_choices":[{"floor":7.0,"key":"REST"},{"floor":10.0,"key":"REST"},{"floor":15.0,"key":"REST"},{"floor":23.0,"key":"REST"},{"floor":25.0,"key":"REST"},{"floor":32,"key":"REST"},{"floor":40,"key":"REST"},{"floor":46,"key":"REST"},{"floor":49,"key":"REST"}],"neow_cost":"","seed_source_timestamp":0,"circlet_count":0,"master_deck":["Bash","Survivor","Defend_R","Defend_G","Defend_B+1","Dodge and Roll","Quick Slash","Riddle With Holes","Sucker Punch+1","Sucker Punch","Panache+1","Good Instincts","Prepared","Slice+1","Blade Dance","Venomology","Riddle With Holes+1","Accuracy+1","PiercingWail+1","Backflip","Bite","Bite","Bite","Bite","Bite","Adrenaline","Blade Dance","Backflip+1","Tools of the Trade+1","Dagger Throw+1","Escape Plan+1","Distraction+1","Backflip","Dodge and Roll","Decay","PiercingWail+1","Slice+1","Backstab+1","Prepared","Escape Plan","Backstab+1"],"special_seed":17901,"relics":["Ring of the Snake","Frozen Egg 2","Letter Opener","White Beast Statue","Boot","The Courier","Ninja Scroll","Ornamental Fan","HandDrill","Ancient Tea Set","Orichalcum","Cursed Key","Nunchaku","Dodecahedron","Strawberry","Potion Belt","Sundial","Whetstone","Anchor","Dream Catcher","Molten Egg 2","Blood Vial"],"potions_floor_usage":[33,41,48,50,50,50,50],"damage_taken":[{"damage":6.0,"enemies":"Cultist","floor":1.0,"turns":3.0},{"damage":0.0,"enemies":"Small Slimes","floor":4.0,"turns":3.0},{"damage":0.0,"enemies":"Jaw Worm","floor":5.0,"turns":4.0},{"damage":25.0,"enemies":"Lagavulin","floor":6.0,"turns":8.0},{"damage":2.0,"enemies":"Exordium Wildlife","floor":8.0,"turns":4.0},{"damage":2.0,"enemies":"2 Fungi Beasts","floor":12.0,"turns":3.0},{"damage":0.0,"enemies":"Large Slime","floor":13.0,"turns":5.0},{"damage":11.0,"enemies":"Blue Slaver","floor":14.0,"turns":3.0},{"damage":35.0,"enemies":"The Guardian","floor":16.0,"turns":12.0},{"damage":25.0,"enemies":"Spheric Guardian","floor":18.0,"turns":6.0},{"damage":3.0,"enemies":"Shell Parasite","floor":19.0,"turns":6.0},{"damage":8.0,"enemies":"Snecko","floor":20.0,"turns":5.0},{"damage":24.0,"enemies":"Snake Plant","floor":21.0,"turns":6.0},{"damage":12.0,"enemies":"Slavers","floor":24.0,"turns":5.0},{"damage":15.0,"enemies":"Centurion and Healer","floor":27.0,"turns":5.0},{"damage":13.0,"enemies":"Shelled Parasite and Fungi","floor":28.0,"turns":2.0},{"damage":54,"enemies":"Automaton","floor":33,"turns":12},{"damage":0,"enemies":"Orb Walker","floor":35,"turns":2},{"damage":0,"enemies":"3 Shapes","floor":36,"turns":2},{"damage":2,"enemies":"3 Darklings","floor":37,"turns":4},{"damage":0,"enemies":"4 Shapes","floor":38,"turns":4},{"damage":0,"enemies":"Mind Bloom Boss Battle","floor":39,"turns":5},{"damage":10,"enemies":"Reptomancer","floor":41,"turns":5},{"damage":0,"enemies":"Jaw Worm Horde","floor":45,"turns":4},{"damage":0,"enemies":"Spire Growth","floor":48,"turns":3},{"damage":13,"enemies":"Donu and Deca","floor":50,"turns":4}],"seed_played":"4277757570811761034","potions_obtained":[{"floor":4.0,"key":"Block Potion"},{"floor":5.0,"key":"Swift Potion"},{"floor":6.0,"key":"Energy Potion"},{"floor":8.0,"key":"AttackPotion"},{"floor":16.0,"key":"Regen Potion"},{"floor":19.0,"key":"Explosive Potion"},{"floor":20.0,"key":"Regen Potion"},{"floor":21.0,"key":"AttackPotion"},{"floor":24.0,"key":"FairyPotion"},{"floor":28.0,"key":"SpeedPotion"},{"floor":33,"key":"Ancient Potion"},{"floor":35,"key":"Block Potion"},{"floor":41,"key":"Ancient Potion"},{"floor":45,"key":"Strength Potion"},{"floor":48,"key":"PowerPotion"}],"is_trial":false,"path_per_floor":["M","?","?","M","M","E","R","M","T","R","$","M","M","M","R","B",null,"M","M","M","M","?","R","E","R","T","M","M","?","$","T","R","B",null,"M","M","M","M","?","R","E","?","T","$","M","R","$","M","R","B",null],"character_chosen":"THE_SILENT","items_purchased":["Panache+1","Good Instincts","Ninja Scroll","Ornamental Fan","HandDrill","Ancient Tea Set","Potion Belt","Sundial","Whetstone","Anchor","Dream Catcher","Molten Egg 2","Blood Vial","Backstab+1","Prepared"],"campfire_rested":9,"item_purchase_floors":[11,11,30,30,30,30,44,44,44,44,44,44,44,47,47],"current_hp_per_floor":[64,50,50,50,50,25,46,44,44,65,65,63,63,52,70,35,70,45,57,49,40,40,49,37,49,49,46,35,35,35,35,49,5,49,49,49,49,49,49,49,41,41,48,48,56,56,56,56,56,43],"gold":88,"neow_bonus":"","is_prod":false,"is_daily":true,"chose_seed":false,"campfire_upgraded":0,"win_rate":0,"timestamp":1546674894,"path_taken":["M","?","?","M","M","E","R","M","T","R","$","?","M","M","R","BOSS","M","M","M","M","?","R","E","R","T","M","M","?","$","?","R","BOSS","M","M","M","M","?","R","E","?","T","?","M","R","$","M","R","BOSS"],"build_version":"2019-01-03v4","purchased_purges":0,"victory":true,"max_hp_per_floor":[70,70,70,70,70,70,70,70,70,70,70,70,70,70,70,70,70,70,70,70,70,49,49,49,49,49,49,49,49,49,49,49,49,49,49,49,49,49,49,49,49,49,56,56,56,56,56,56,56,56],"card_choices":[{"not_picked":["Outmaneuver","Expertise"],"picked":"Dodge and Roll","floor":1.0},{"not_picked":["PiercingWail","Finisher"],"picked":"Quick Slash","floor":4.0},{"not_picked":["Acrobatics","Dagger Spray"],"picked":"Riddle With Holes","floor":5.0},{"not_picked":["Underhanded Strike","Backflip"],"picked":"Sucker Punch","floor":6.0},{"not_picked":["Wraith Form v2+1","Dagger Throw"],"picked":"Sucker Punch","floor":8.0},{"not_picked":["Backflip","Dodge and Roll"],"picked":"Prepared","floor":12.0},{"not_picked":["Underhanded Strike","Dagger Throw"],"picked":"Slice","floor":13.0},{"not_picked":["Sucker Punch","Riddle With Holes"],"picked":"Blade Dance","floor":14.0},{"not_picked":["Envenom+1","Tools of the Trade+1"],"picked":"Venomology","floor":16.0},{"not_picked":["Crippling Poison","Underhanded Strike"],"picked":"Riddle With Holes+1","floor":18.0},{"not_picked":["Dagger Throw","Sucker Punch"],"picked":"Accuracy+1","floor":19.0},{"not_picked":["Acrobatics","Reflex"],"picked":"PiercingWail+1","floor":20.0},{"not_picked":["Bullet Time","Acrobatics+1"],"picked":"Backflip","floor":21.0},{"not_picked":["Quick Slash","Bane"],"picked":"Adrenaline","floor":24.0},{"not_picked":["Dagger Throw","Leg Sweep"],"picked":"Blade Dance","floor":27.0},{"not_picked":["Concentrate","Outmaneuver"],"picked":"Backflip+1","floor":28.0},{"not_picked":["Burst","Corpse Explosion"],"picked":"Tools of the Trade+1","floor":33},{"not_picked":["Poisoned Stab","Underhanded Strike"],"picked":"Dagger Throw+1","floor":35},{"not_picked":["Dodge and Roll","Distraction+1"],"picked":"Escape Plan+1","floor":36},{"not_picked":["Acrobatics","Underhanded Strike"],"picked":"Distraction+1","floor":37},{"not_picked":["PiercingWail","Finisher"],"picked":"Backflip","floor":38},{"not_picked":["Deadly Poison+1","Night Terror"],"picked":"Dodge and Roll","floor":41},{"not_picked":["Acrobatics+1","Dagger Spray+1"],"picked":"PiercingWail+1","floor":45},{"not_picked":["Sucker Punch+1","Well Laid Plans+1"],"picked":"Slice+1","floor":46},{"not_picked":["Unload+1","Slice+1"],"picked":"Escape Plan","floor":48},{"not_picked":["Cloak And Dagger","Skewer+1"],"picked":"Backstab+1","floor":49}],"player_experience":111789,"relics_obtained":[{"floor":6.0,"key":"Frozen Egg 2"},{"floor":9.0,"key":"Letter Opener"},{"floor":24.0,"key":"Boot"},{"floor":26.0,"key":"The Courier"},{"floor":31,"key":"Orichalcum"},{"floor":39,"key":"Nunchaku"},{"floor":41,"key":"Dodecahedron"},{"floor":43,"key":"Strawberry"}],"event_choices":[{"damage_healed":0.0,"max_hp_gain":0.0,"max_hp_loss":0.0,"gold_gain":0.0,"event_name":"Shining Light","player_choice":"Entered Light","floor":2.0,"gold_loss":0.0,"damage_taken":14.0,"cards_upgraded":["Strike_R","Defend_B"]},{"cards_removed":["Zap"],"damage_healed":0.0,"max_hp_gain":0.0,"max_hp_loss":0.0,"gold_gain":0.0,"event_name":"Bonfire Elementals","player_choice":"Offered Basic","floor":3.0,"gold_loss":0.0,"damage_taken":0.0},{"damage_healed":0.0,"max_hp_gain":0.0,"max_hp_loss":21.0,"gold_gain":0.0,"event_name":"Vampires","player_choice":"Became a vampire","floor":22.0,"gold_loss":0.0,"damage_taken":0.0,"cards_obtained":["Bite","Bite","Bite","Bite","Bite"]},{"damage_healed":0,"gold_gain":0,"player_choice":"Ignored","damage_taken":0,"max_hp_gain":0,"max_hp_loss":0,"event_name":"The Mausoleum","floor":29,"gold_loss":0},{"damage_healed":0,"gold_gain":0,"player_choice":"Fight","damage_taken":0,"max_hp_gain":0,"max_hp_loss":0,"event_name":"MindBloom","floor":39,"gold_loss":0},{"damage_healed":0,"gold_gain":0,"player_choice":"Ignored","damage_taken":0,"max_hp_gain":0,"max_hp_loss":0,"event_name":"Mysterious Sphere","floor":42,"gold_loss":0}],"is_beta":false,"boss_relics":[{"not_picked":["Eternal Feather","Velvet Choker"],"picked":"White Beast Statue"},{"not_picked":["HoveringKite","Snecko Eye"],"picked":"Cursed Key"}],"items_purged_floors":[],"is_endless":false,"potions_floor_spawned":[4,5,6,8,16,18,19,20,21,24,27,28,33,35,36,37,38,39,41,45,48],"ascension_level":0}