{"gold_per_floor":[367,367,384,101,111,111,146,146,194,369,387,421,421,432,432,504,504,521,540,553,468,468,468,468,468,468,493,493,518,272,285,285,363,363,377,377,391,266,266,266,285,285,308,19,29,63,79,29,29,29],"floor_reached":50,"playtime":2548,"items_purged":["Strike_R","Strike_R+1","Spot Weakness","Strike_R+1","Parasite"],"score":991,"play_id":"823ade2b-48d9-4e3f-bec6-ac3e25a57f47","local_time":"20190430120405","is_ascension_mode":true,"campfire_choices":[{"data":"Flex","floor":6.0,"key":"SMITH"},{"data":"Iron Wave","floor":13.0,"key":"SMITH"},{"floor":15.0,"key":"REST"},{"data":"Limit Break","floor":23.0,"key":"SMITH"},{"data":"Battle Trance","floor":25.0,"key":"SMITH"},{"floor":28.0,"key":"REST"},{"floor":32,"key":"REST"},{"floor":40,"key":"REST"},{"data":"Whirlwind","floor":42,"key":"SMITH"},{"data":"Iron Wave","floor":49,"key":"SMITH"}],"neow_cost":"TEN_PERCENT_HP_LOSS","seed_source_timestamp":0,"circlet_count":0,"master_deck":["AscendersBane","Strike_R+1","Strike_R+1","Defend_R+1","Defend_R+1","Defend_R+1","Defend_R+1","Bash","Iron Wave+1","Shrug It Off+1","Flex+1","Iron Wave+1","Dropkick","Flex","Battle Trance+1","Limit Break+1","Whirlwind+1","Limit Break+1"],"special_seed":0,"relics":["Burning Blood","Oddly Smooth Stone","Omamori","Regal Pillow","Art of War","War Paint","Busted Crown","Charon\u0027s Ashes","Ancient Tea Set","Vajra","Unceasing Top","Bag of Preparation","Runic Dome","Matryoshka","Smiling Mask","Bag of Marbles","Shuriken","Strawberry"],"potions_floor_usage":[33],"damage_taken":[{"damage":8.0,"enemies":"2 Louse","floor":1.0,"turns":3.0},{"damage":7.0,"enemies":"Jaw Worm","floor":3.0,"turns":3.0},{"damage":4.0,"enemies":"Small Slimes","floor":5.0,"turns":4.0},{"damage":51.0,"enemies":"Lagavulin","floor":7.0,"turns":7.0},{"damage":12.0,"enemies":"Exordium Wildlife","floor":11.0,"turns":4.0},{"damage":18.0,"enemies":"3 Sentries","floor":12.0,"turns":7.0},{"damage":0.0,"enemies":"Looter","floor":14.0,"turns":3.0},{"damage":41.0,"enemies":"The Guardian","floor":16.0,"turns":14.0},{"damage":18.0,"enemies":"Shell Parasite","floor":18.0,"turns":5.0},{"damage":15.0,"enemies":"2 Thieves","floor":19.0,"turns":4.0},{"damage":19.0,"enemies":"Cultist and Chosen","floor":20.0,"turns":5.0},{"damage":16.0,"enemies":"Book of Stabbing","floor":27.0,"turns":4.0},{"damage":44.0,"enemies":"Gremlin Leader","floor":29.0,"turns":5.0},{"damage":0.0,"enemies":"Snake Plant","floor":31.0,"turns":2.0},{"damage":35,"enemies":"Champ","floor":33,"turns":7},{"damage":21,"enemies":"3 Darklings","floor":35,"turns":2},{"damage":29,"enemies":"3 Shapes","floor":37,"turns":2},{"damage":15,"enemies":"Jaw Worm Horde","floor":41,"turns":3},{"damage":0,"enemies":"Writhing Mass","floor":45,"turns":2},{"damage":0,"enemies":"Reptomancer","floor":46,"turns":3},{"damage":0,"enemies":"4 Shapes","floor":47,"turns":2},{"damage":78,"enemies":"Time Eater","floor":50,"turns":5}],"seed_played":"-2666534236202949628","potions_obtained":[{"floor":7.0,"key":"Swift Potion"},{"floor":11.0,"key":"FearPotion"},{"floor":14.0,"key":"Energy Potion"},{"floor":18.0,"key":"AttackPotion"},{"floor":20.0,"key":"Strength Potion"},{"floor":45,"key":"SmokeBomb"},{"floor":47,"key":"Fire Potion"}],"is_trial":false,"path_per_floor":["M","?","M","$","M","R","E","?","T","?","M","E","R","M","R","B",null,"M","M","M","?","?","R","?","R","T","E","R","E","$","M","R","B",null,"M","?","M","$","T","R","M","R","T","$","M","E","M","$","R","B"],"character_chosen":"IRONCLAD","items_purchased":["Flex","Omamori","Bag of Preparation","Shuriken"],"campfire_rested":4,"item_purchase_floors":[4,4,30,44],"current_hp_per_floor":[66,63,62,62,64,64,19,36,36,36,30,18,18,24,59,24,57,45,36,23,23,23,23,45,45,45,35,68,30,30,36,68,39,61,46,46,23,23,23,58,49,49,49,49,55,68,74,72,72,0],"gold":29,"neow_bonus":"TWO_FIFTY_GOLD","is_prod":false,"is_daily":false,"chose_seed":false,"campfire_upgraded":6,"win_rate":0,"timestamp":1556597045,"path_taken":["M","?","M","$","M","R","E","?","T","?","M","E","R","M","R","BOSS","M","M","M","?","?","R","?","R","T","E","R","E","$","M","R","BOSS","M","?","M","$","?","R","M","R","T","$","M","E","?","$","R","BOSS"],"build_version":"2019-01-23","purchased_purges":5,"victory":false,"max_hp_per_floor":[68,68,68,68,68,68,68,68,68,68,68,68,68,68,68,68,68,68,68,68,68,68,68,68,68,68,68,68,68,68,68,68,68,68,68,68,68,68,68,68,68,68,68,68,68,75,75,72,72,72],"card_choices":[{"not_picked":["Perfected Strike","Clothesline"],"picked":"Iron Wave","floor":1.0},{"not_picked":["Infernal Blade","Carnage"],"picked":"Shrug It Off","floor":3.0},{"not_picked":["Corruption","Anger"],"picked":"Iron Wave","floor":5.0},{"not_picked":["Wild Strike","Disarm"],"picked":"Dropkick","floor":7.0},{"not_picked":["True Grit","Rampage"],"picked":"Flex","floor":11.0},{"not_picked":["Armaments","Double Tap"],"picked":"Spot Weakness","floor":12.0},{"not_picked":["Cleave","Uppercut"],"picked":"Battle Trance","floor":14.0},{"not_picked":["Double Tap","Brutality"],"picked":"Limit Break","floor":16.0},{"not_picked":["Shrug It Off+1"],"picked":"SKIP","floor":18.0},{"not_picked":["Clash"],"picked":"SKIP","floor":19.0},{"not_picked":["Power Through"],"picked":"SKIP","floor":20.0},{"not_picked":["Hemokinesis"],"picked":"SKIP","floor":27.0},{"not_picked":[],"picked":"Whirlwind","floor":29.0},{"not_picked":["Carnage"],"picked":"SKIP","floor":31},{"not_picked":["Combust"],"picked":"SKIP","floor":35},{"not_picked":["True Grit"],"picked":"SKIP","floor":37},{"not_picked":["Flex+1"],"picked":"SKIP","floor":41},{"not_picked":["Body Slam"],"picked":"SKIP","floor":45},{"not_picked":["Thunderclap"],"picked":"SKIP","floor":46},{"not_picked":["Cleave"],"picked":"SKIP","floor":47}],"player_experience":558862,"relics_obtained":[{"floor":7.0,"key":"Regal Pillow"},{"floor":9.0,"key":"Art of War"},{"floor":12.0,"key":"War Paint"},{"floor":26.0,"key":"Ancient Tea Set"},{"floor":27.0,"key":"Vajra"},{"floor":29.0,"key":"Unceasing Top"},{"floor":39,"key":"Matryoshka"},{"floor":43,"key":"Smiling Mask"},{"floor":43,"key":"Bag of Marbles"},{"floor":46,"key":"Strawberry"}],"event_choices":[{"damage_healed":0.0,"max_hp_gain":0.0,"max_hp_loss":0.0,"gold_gain":0.0,"event_name":"Scrap Ooze","player_choice":"Success","floor":2.0,"gold_loss":0.0,"damage_taken":3.0,"relics_obtained":["Oddly Smooth Stone"]},{"damage_healed":17.0,"max_hp_gain":0.0,"max_hp_loss":0.0,"gold_gain":0.0,"event_name":"Mushrooms","player_choice":"Healed and dodged fight","floor":8.0,"gold_loss":0.0,"damage_taken":0.0,"cards_obtained":["Parasite"]},{"damage_healed":0.0,"max_hp_gain":0.0,"max_hp_loss":0.0,"gold_gain":175.0,"event_name":"Liars Game","player_choice":"AGREE","floor":10.0,"gold_loss":0.0,"damage_taken":0.0,"cards_obtained":["Doubt"]},{"damage_healed":0.0,"max_hp_gain":0.0,"max_hp_loss":0.0,"gold_gain":0.0,"event_name":"Addict","player_choice":"Obtained Relic","floor":21.0,"gold_loss":85.0,"damage_taken":0.0,"relics_obtained":["Charon\u0027s Ashes"]},{"damage_healed":0.0,"max_hp_gain":0.0,"max_hp_loss":0.0,"gold_gain":0.0,"event_name":"Back to Basics","player_choice":"Simplicity","floor":22.0,"gold_loss":0.0,"damage_taken":0.0,"cards_upgraded":["Strike_R","Strike_R","Strike_R","Strike_R","Defend_R","Defend_R","Defend_R"]},{"damage_healed":22.0,"max_hp_gain":0.0,"max_hp_loss":0.0,"gold_gain":0.0,"event_name":"The Library","player_choice":"Heal","floor":24.0,"gold_loss":0.0,"damage_taken":0.0},{"damage_healed":0,"gold_gain":0,"player_choice":"Copied","damage_taken":0,"max_hp_gain":0,"max_hp_loss":0,"event_name":"Duplicator","floor":36,"gold_loss":0,"cards_obtained":["Limit Break"]}],"is_beta":false,"boss_relics":[{"not_picked":["Eternal Feather","Pandora\u0027s Box"],"picked":"Busted Crown"},{"not_picked":["Coffee Dripper","Mark of Pain"],"picked":"Runic Dome"}],"items_purged_floors":[4,30,38,44,48],"is_endless":false,"potions_floor_spawned":[7,11,14,18,20,29,45,47],"killed_by":"Time Eater","ascension_level":14}