{"gold_per_floor":[110,110,123,123,136,136,136,136,161,14,48,48,48,61,61,180,180,201,215,215,240,0,0,43,43,43,43,67,67,16,39,39,164,164,187,212,281,281,297,297,297,297,297,52,73,73],"floor_reached":46,"playtime":2901,"items_purged":[],"score":610,"play_id":"d57fbccf-34c0-4376-b203-feeec62e5157","local_time":"20190121225944","is_ascension_mode":true,"campfire_choices":[{"data":"Iron Wave","floor":6,"key":"SMITH"},{"data":"Bash","floor":8,"key":"SMITH"},{"data":"Whirlwind","floor":12,"key":"SMITH"},{"floor":15,"key":"REST"},{"floor":23,"key":"REST"},{"floor":25,"key":"REST"},{"floor":27,"key":"REST"},{"floor":32,"key":"REST"},{"data":"Clothesline","floor":40,"key":"SMITH"},{"data":"Impervious","floor":42,"key":"SMITH"}],"neow_cost":"NONE","seed_source_timestamp":0,"circlet_count":0,"master_deck":["Strike_R","Strike_R","Strike_R","Defend_R","Defend_R","Defend_R","Bash+1","Whirlwind+1","Iron Wave+1","Pommel Strike","Ghostly Armor","Impervious+1","Clothesline+1","Inflame","Thunderclap+1","Shrug It Off+1","Pummel+1","RitualDagger","Flex+1","Reaper","Limit Break+1","Twin Strike+1","Uppercut+1","Flex+1","Headbutt","Armaments+1","Limit Break+1","Heavy Blade+1"],"special_seed":0,"relics":["Burning Blood","Orichalcum","Golden Idol","Anchor","Red Skull","Unceasing Top","Eternal Feather","Vajra","Bottled Flame","Astrolabe","Bird Faced Urn","Kunai","Bronze Scales"],"potions_floor_usage":[16,16,19,24,33,33,33,36,45,45,46],"damage_taken":[{"damage":2.0,"enemies":"2 Louse","floor":1.0,"turns":3.0},{"damage":0.0,"enemies":"Cultist","floor":3.0,"turns":3.0},{"damage":2.0,"enemies":"Jaw Worm","floor":5.0,"turns":3.0},{"damage":34,"enemies":"Lagavulin","floor":11,"turns":6},{"damage":0,"enemies":"3 Louse","floor":14,"turns":2},{"damage":48,"enemies":"Slime Boss","floor":16,"turns":13},{"damage":26,"enemies":"Spheric Guardian","floor":18,"turns":6},{"damage":16,"enemies":"Shell Parasite","floor":19,"turns":6},{"damage":13,"enemies":"Colosseum Slavers","floor":20,"turns":6},{"damage":20,"enemies":"Snake Plant","floor":21,"turns":4},{"damage":43,"enemies":"Slavers","floor":24,"turns":6},{"damage":30,"enemies":"Snecko","floor":28,"turns":6},{"damage":13,"enemies":"Centurion and Healer","floor":31,"turns":6},{"damage":38,"enemies":"Automaton","floor":33,"turns":8},{"damage":6,"enemies":"3 Darklings","floor":35,"turns":3},{"damage":1,"enemies":"Orb Walker","floor":36,"turns":2},{"damage":47,"enemies":"2 Orb Walkers","floor":37,"turns":5},{"damage":10,"enemies":"Jaw Worm Horde","floor":39,"turns":3},{"damage":40,"enemies":"Maw","floor":45,"turns":8},{"damage":88,"enemies":"Nemesis","floor":46,"turns":6}],"seed_played":"-710435026331840454","potions_obtained":[{"floor":1.0,"key":"SteroidPotion"},{"floor":13,"key":"Poison Potion"},{"floor":13,"key":"SneckoOil"},{"floor":13,"key":"SteroidPotion"},{"floor":21,"key":"Weak Potion"},{"floor":24,"key":"PowerPotion"},{"floor":28,"key":"Poison Potion"},{"floor":31,"key":"Strength Potion"},{"floor":35,"key":"Fire Potion"},{"floor":39,"key":"SteroidPotion"}],"is_trial":false,"path_per_floor":["M","?","M","?","M","R","$","R","T","$","E","R","?","M","R","B",null,"M","M","?","M","?","R","E","R","T","R","M","?","$","M","R","B",null,"M","M","?","?","M","R","?","R","T","$","M","E"],"character_chosen":"IRONCLAD","items_purchased":["Red Skull","PowerPotion","Bronze Scales","Block Potion","Block Potion"],"campfire_rested":5,"item_purchase_floors":[10,30,44,44,44],"current_hp_per_floor":[76,56,62,62,66,66,66,66,66,66,38,38,38,44,68,26,67,47,37,30,16,16,49,12,45,45,78,54,48,48,41,77,45,71,71,76,35,35,47,62,62,77,77,77,45,0],"gold":73,"neow_bonus":"RANDOM_COMMON_RELIC","is_prod":false,"is_daily":false,"chose_seed":false,"campfire_upgraded":5,"win_rate":0,"timestamp":1548107984,"path_taken":["M","?","M","?","M","R","$","R","T","$","E","R","?","?","R","BOSS","M","M","?","M","?","R","E","R","T","R","M","?","$","M","R","BOSS","M","M","?","?","M","R","?","R","T","$","?","E"],"build_version":"2019-01-17v2","purchased_purges":0,"victory":false,"max_hp_per_floor":[80,80,80,80,80,80,80,80,80,80,80,80,80,80,80,80,80,80,80,80,80,80,80,80,80,80,80,80,80,80,80,80,80,80,80,80,80,80,80,80,80,80,80,80,80,80],"card_choices":[{"not_picked":["Burning Pact","True Grit"],"picked":"Whirlwind","floor":1.0},{"not_picked":["Anger","Headbutt"],"picked":"Iron Wave","floor":3.0},{"not_picked":["Anger","Whirlwind"],"picked":"Pommel Strike","floor":5.0},{"not_picked":["Warcry","Cleave"],"picked":"Ghostly Armor","floor":11},{"not_picked":["Feed","Havoc","Sword Boomerang"],"picked":"SKIP","floor":14},{"not_picked":["Demon Form","Double Tap"],"picked":"Impervious","floor":16},{"not_picked":["Headbutt","Evolve"],"picked":"Clothesline","floor":18},{"not_picked":["Iron Wave","Evolve"],"picked":"Inflame","floor":19},{"not_picked":["Cleave","Rage+1"],"picked":"Thunderclap+1","floor":21},{"not_picked":["Thunderclap","Barricade"],"picked":"Shrug It Off+1","floor":24},{"not_picked":["Sword Boomerang","Clash"],"picked":"Pummel+1","floor":28},{"not_picked":["Rupture","Twin Strike"],"picked":"Flex+1","floor":31},{"not_picked":["Offering","Bludgeon"],"picked":"Reaper","floor":33},{"not_picked":["Warcry+1","Headbutt+1"],"picked":"Flex+1","floor":35},{"not_picked":["Warcry+1","Sever Soul"],"picked":"Headbutt","floor":36},{"not_picked":["Sword Boomerang","Pummel"],"picked":"Armaments+1","floor":39},{"not_picked":["Warcry","Cleave"],"picked":"Heavy Blade+1","floor":45}],"player_experience":337803,"relics_obtained":[{"floor":9,"key":"Anchor"},{"floor":11,"key":"Unceasing Top"},{"floor":24,"key":"Vajra"},{"floor":26,"key":"Bottled Flame"},{"floor":37,"key":"Bird Faced Urn"},{"floor":43,"key":"Kunai"}],"event_choices":[{"damage_healed":0.0,"max_hp_gain":0.0,"max_hp_loss":0.0,"gold_gain":0.0,"event_name":"Golden Idol","player_choice":"Take Damage","floor":2.0,"gold_loss":0.0,"damage_taken":20.0,"relics_obtained":["Golden Idol"]},{"damage_healed":0.0,"max_hp_gain":0.0,"max_hp_loss":0.0,"gold_gain":0.0,"event_name":"Golden Wing","player_choice":"Ignored","floor":4.0,"gold_loss":0.0,"damage_taken":0.0},{"damage_healed":0,"gold_gain":0,"player_choice":"Got Potions","damage_taken":0,"max_hp_gain":0,"max_hp_loss":0,"event_name":"Lab","floor":13,"gold_loss":0},{"damage_healed":0,"gold_gain":0,"player_choice":"Fight","damage_taken":0,"max_hp_gain":0,"max_hp_loss":0,"event_name":"Colosseum","floor":20,"gold_loss":0},{"damage_healed":0,"gold_gain":0,"player_choice":"Fled From Nobs","damage_taken":0,"max_hp_gain":0,"max_hp_loss":0,"event_name":"Colosseum","floor":20,"gold_loss":0},{"damage_healed":0,"gold_gain":0,"player_choice":"Paid Fearfully","damage_taken":0,"max_hp_gain":0,"max_hp_loss":0,"event_name":"Masked Bandits","floor":22,"gold_loss":240},{"damage_healed":0,"gold_gain":0,"player_choice":"Joined the Cult","damage_taken":6,"max_hp_gain":0,"max_hp_loss":0,"event_name":"Nest","floor":29,"gold_loss":0,"cards_obtained":["RitualDagger"]},{"damage_healed":0,"gold_gain":0,"player_choice":"Fight","damage_taken":0,"max_hp_gain":0,"max_hp_loss":0,"event_name":"Mysterious Sphere","floor":37,"gold_loss":0},{"damage_healed":0,"gold_gain":0,"player_choice":"Ignored","damage_taken":0,"max_hp_gain":0,"max_hp_loss":0,"event_name":"Tomb of Lord Red Mask","floor":38,"gold_loss":0},{"damage_healed":0,"gold_gain":0,"player_choice":"Copied","damage_taken":0,"max_hp_gain":0,"max_hp_loss":0,"event_name":"Duplicator","floor":41,"gold_loss":0,"cards_obtained":["Limit Break"]}],"is_beta":false,"boss_relics":[{"not_picked":["Snecko Eye","White Beast Statue"],"picked":"Eternal Feather"},{"not_picked":["Philosopher\u0027s Stone","Calling Bell"],"picked":"Astrolabe"}],"items_purged_floors":[],"is_endless":false,"potions_floor_spawned":[1,21,24,28,31,35,39],"killed_by":"Nemesis","ascension_level":8}