{"gold_per_floor":[119,45,55,66,66,66,95,95,119,42,72,82,82,93,93,169,169,169],"floor_reached":18,"playtime":850,"items_purged":[],"score":340,"play_id":"fa1471b8-c6b2-4486-adc2-998ab80fd7fb","local_time":"20190506010118","is_ascension_mode":true,"campfire_choices":[{"data":"Predator","floor":6.0,"key":"SMITH"},{"floor":8.0,"key":"REST"},{"floor":13.0,"key":"REST"},{"floor":15.0,"key":"REST"}],"neow_cost":"NONE","seed_source_timestamp":127375922985500,"circlet_count":0,"master_deck":["AscendersBane","Defend_G+1","Defend_G","Defend_G","Defend_G","Defend_G","Strike_G","Survivor+1","Neutralize","Predator+1","Well Laid Plans","Footwork","Escape Plan","Footwork","Backstab","Escape Plan","Poisoned Stab","Glass Knife","Prepared+1","Blade Dance+1","Concentrate+1"],"special_seed":0,"relics":["Ring of the Snake","Lantern","War Paint","Bag of Preparation","Bottled Lightning","Astrolabe"],"potions_floor_usage":[],"damage_taken":[{"damage":3.0,"enemies":"Cultist","floor":1.0,"turns":5.0},{"damage":0.0,"enemies":"Jaw Worm","floor":3.0,"turns":3.0},{"damage":0.0,"enemies":"2 Louse","floor":4.0,"turns":3.0},{"damage":50.0,"enemies":"Gremlin Nob","floor":7.0,"turns":6.0},{"damage":2.0,"enemies":"Lagavulin","floor":11.0,"turns":8.0},{"damage":8.0,"enemies":"Large Slime","floor":12.0,"turns":5.0},{"damage":5.0,"enemies":"3 Louse","floor":14.0,"turns":3.0},{"damage":37.0,"enemies":"The Guardian","floor":16.0,"turns":14.0},{"damage":0,"enemies":"3 Byrds","floor":18,"turns":2}],"seed_played":"7414120785287874801","potions_obtained":[{"floor":4.0,"key":"SpeedPotion"},{"floor":12.0,"key":"EntropicBrew"}],"is_trial":false,"path_per_floor":["M","$","M","M","?","R","E","R","T","$","E","M","R","M","R","B",null,"M"],"character_chosen":"THE_SILENT","items_purchased":["Well Laid Plans","Footwork"],"campfire_rested":3,"item_purchase_floors":[2,10],"current_hp_per_floor":[56,56,56,56,56,56,6,25,25,25,23,15,34,29,48,11,52,52],"gold":169,"neow_bonus":"RANDOM_COMMON_RELIC","is_prod":false,"is_daily":false,"chose_seed":false,"campfire_upgraded":1,"win_rate":0,"timestamp":1557118878,"path_taken":["M","?","?","M","?","R","E","R","T","?","E","?","R","M","R","BOSS","M"],"build_version":"2019-04-23","purchased_purges":0,"victory":false,"max_hp_per_floor":[66,66,66,66,66,66,66,66,66,66,66,66,66,66,66,66,66,66],"card_choices":[{"not_picked":["Poisoned Stab","Slice"],"picked":"Predator","floor":1.0},{"not_picked":["Dagger Spray","Escape Plan"],"picked":"Footwork","floor":3.0},{"not_picked":["Acrobatics","Accuracy","Dagger Throw"],"picked":"SKIP","floor":4.0},{"not_picked":["Eviscerate","Poisoned Stab"],"picked":"Escape Plan","floor":7.0},{"not_picked":["Dodge and Roll","Setup"],"picked":"Backstab","floor":11.0},{"not_picked":["Quick Slash","Distraction"],"picked":"Escape Plan","floor":12.0},{"not_picked":["Bane","Sucker Punch"],"picked":"Poisoned Stab","floor":14.0},{"not_picked":["Phantasmal Killer","A Thousand Cuts"],"picked":"Glass Knife","floor":16.0}],"player_experience":1404152,"relics_obtained":[{"floor":7.0,"key":"War Paint"},{"floor":9.0,"key":"Bag of Preparation"},{"floor":11.0,"key":"Bottled Lightning"}],"event_choices":[{"cards_removed":["Strike_G"],"damage_healed":0.0,"max_hp_gain":0.0,"max_hp_loss":0.0,"gold_gain":0.0,"event_name":"Purifier","player_choice":"Purged","floor":5.0,"gold_loss":0.0,"damage_taken":0.0}],"is_beta":true,"boss_relics":[{"not_picked":["Pandora\u0027s Box","Snecko Eye"],"picked":"Astrolabe"}],"items_purged_floors":[],"is_endless":false,"potions_floor_spawned":[4,12],"killed_by":"3 Byrds","ascension_level":20}