{"path_per_floor":["M","?","?","M","M","R","?","$","T","M","M","?","R","M","R","B",null,"M","M","M","$","M","R","?","$","T","?","R","M","$","?","R"],"character_chosen":"DEFECT","items_purchased":["Mango","Capacitor","Seek"],"gold_per_floor":[110,285,235,248,267,267,330,21,75,87,104,104,104,118,118,216,216,216,216,216,216,216,216,216,170,170,170,170,170,18,18,18,18],"floor_reached":33,"campfire_rested":4,"playtime":1045,"current_hp_per_floor":[56,56,56,56,55,55,24,38,38,15,16,16,42,44,70,17,71,67,59,57,57,39,65,65,65,65,49,49,32,32,32,58,0],"items_purged":[],"gold":18,"score":381,"play_id":"e874d332-d582-45ac-963d-77b37e1fce4f","local_time":"20180517134615","is_prod":false,"is_daily":false,"chose_seed":false,"is_ascension_mode":true,"campfire_upgraded":2,"timestamp":1526579175,"campfire_choices":[{"data":"Ball Lightning","floor":6,"key":"SMITH"},{"floor":13,"key":"REST"},{"floor":15,"key":"REST"},{"floor":23,"key":"REST"},{"data":"Capacitor","floor":28,"key":"SMITH"},{"floor":32,"key":"REST"}],"path_taken":["M","?","?","M","?","R","?","$","T","?","?","?","R","M","R","BOSS","M","M","M","$","M","R","?","$","T","?","R","M","$","?","R","BOSS"],"build_version":"2018-05-16","seed_source_timestamp":108724317469275,"purchased_purges":1,"victory":false,"master_deck":["Defend_B","Defend_B","Defend_B","Zap","Dualcast","AscendersBane","Steam","Skim","Ball Lightning+1","Ball Lightning+1","Turbo","Sweeping Beam","Glacier","Biased Cognition","Leap+1","Lockon+1","Consume+1","Static Discharge","Capacitor+1","Necronomicurse","Hologram+1","Seek+1","Bite","Bite","Bite","Bite","Bite"],"max_hp_per_floor":[75,75,75,75,75,75,75,89,89,89,89,89,89,89,89,89,89,89,89,89,89,89,89,89,89,89,89,89,89,89,89,89,89],"relics":["Cracked Core","Bottled Lightning","Mango","Ectoplasm","Toxic Egg 2","Necronomicon"],"card_choices":[{"not_picked":["Leap","Gash"],"picked":"Steam","floor":1},{"not_picked":["Rebound","Force Field"],"picked":"Skim","floor":4},{"not_picked":["Steam","Sweeping Beam"],"picked":"Ball Lightning","floor":5},{"not_picked":["Capacitor","Steam"],"picked":"Ball Lightning","floor":7},{"not_picked":["Leap","Coolheaded"],"picked":"Turbo","floor":10},{"not_picked":["Echo Form","Genetic Algorithm"],"picked":"Sweeping Beam","floor":11},{"not_picked":["Axe Kick","Recycle"],"picked":"Glacier","floor":14},{"not_picked":["Nova","Meteor Strike"],"picked":"Biased Cognition","floor":16},{"not_picked":["Go for the Eyes","Aggregate+1"],"picked":"Leap+1","floor":18},{"not_picked":["Leap","Self Repair"],"picked":"Lockon+1","floor":19},{"not_picked":["Barrage","Cold Snap"],"picked":"Consume+1","floor":20},{"not_picked":["Ball Lightning","Blizzard","Axe Kick"],"picked":"SKIP","floor":22},{"not_picked":["White Noise+1","Beam Cell"],"picked":"Hologram+1","floor":29}],"player_experience":100376,"potions_floor_usage":[10,16,16,18,29,33],"damage_taken":[{"damage":12,"enemies":"Small Slimes","floor":1,"turns":4},{"damage":0,"enemies":"2 Louse","floor":4,"turns":2},{"damage":1,"enemies":"Cultist","floor":5,"turns":3},{"damage":31,"enemies":"Gremlin Nob","floor":7,"turns":4},{"damage":25,"enemies":"Large Slime","floor":10,"turns":4},{"damage":1,"enemies":"Exordium Thugs","floor":11,"turns":3},{"damage":0,"enemies":"3 Louse","floor":14,"turns":3},{"damage":55,"enemies":"Hexaghost","floor":16,"turns":12},{"damage":6,"enemies":"3 Byrds","floor":18,"turns":4},{"damage":10,"enemies":"Shell Parasite","floor":19,"turns":6},{"damage":4,"enemies":"Sentry and Sphere","floor":20,"turns":5},{"damage":20,"enemies":"Snecko","floor":22,"turns":5},{"damage":19,"enemies":"Snake Plant","floor":29,"turns":4},{"damage":75,"enemies":"Collector","floor":33,"turns":9}],"relics_obtained":[{"floor":7,"key":"Bottled Lightning"},{"floor":9,"key":"Blood Vial"},{"floor":26,"key":"Toxic Egg 2"},{"floor":27,"key":"Necronomicon"}],"event_choices":[{"event_name":"Liars Game","player_choice":"agreed","floor":2,"damage_taken":0},{"event_name":"The Cleric","player_choice":"Card Removal","floor":3,"damage_taken":0},{"event_name":"Dead Adventurer","player_choice":"Searched \u00271\u0027 times","floor":7,"damage_taken":0},{"event_name":"Living Wall","player_choice":"Grow","floor":12,"damage_taken":0},{"event_name":"Transmorgrifier","player_choice":"Transform","floor":24,"damage_taken":0},{"event_name":"Cursed Tome","player_choice":"Obtained Book","floor":27,"damage_taken":0},{"event_name":"Vampires","player_choice":"Became a vampire (Vial)","floor":31,"damage_taken":0}],"boss_relics":[{"not_picked":["White Beast Statue","Velvet Choker"],"picked":"Ectoplasm"}],"potions_floor_spawned":[7,10,11,16,19,29],"seed_played":"5606652659953960784","killed_by":"Collector","ascension_level":10,"potions_obtained":[{"floor":7,"key":"FearPotion"},{"floor":10,"key":"Strength Potion"},{"floor":11,"key":"SkillPotion"},{"floor":16,"key":"PowerPotion"},{"floor":19,"key":"FearPotion"},{"floor":29,"key":"PowerPotion"}],"is_trial":false}