{"gold_per_floor":[111,131,141,141,110,139,139,167,167,167,167,180,180,201,201,201],"floor_reached":16,"playtime":1654,"items_purged":[],"score":160,"play_id":"b7f64124-cb26-438d-86b9-5eb3948fd3b5","local_time":"20190126005432","is_ascension_mode":true,"campfire_choices":[{"floor":7,"key":"REST"},{"data":"Iron Wave","floor":10,"key":"SMITH"},{"floor":13,"key":"REST"},{"floor":15,"key":"REST"}],"neow_cost":"CURSE","seed_source_timestamp":121455103592651,"circlet_count":0,"master_deck":["Strike_R","Strike_R","Strike_R","Strike_R","Strike_R","Defend_R","Defend_R","Defend_R","Defend_R","Bash+1","Parasite","Iron Wave+1","Perfected Strike","Ghostly Armor","Dropkick","Battle Trance","Injury","Flame Barrier","Flex","Shrug It Off"],"relics":["Burning Blood","Peace Pipe","Pear","Dream Catcher","Question Card","Golden Idol"],"potions_floor_usage":[6,6,16],"damage_taken":[{"damage":1,"enemies":"Cultist","floor":1,"turns":3},{"damage":3,"enemies":"2 Louse","floor":2,"turns":4},{"damage":4,"enemies":"Jaw Worm","floor":3,"turns":3},{"damage":28,"enemies":"Lagavulin","floor":6,"turns":8},{"damage":50,"enemies":"3 Sentries","floor":8,"turns":12},{"damage":23,"enemies":"Exordium Wildlife","floor":12,"turns":5},{"damage":1,"enemies":"2 Fungi Beasts","floor":14,"turns":4},{"damage":93,"enemies":"The Guardian","floor":16,"turns":15}],"seed_played":"3978923528497998411","potions_obtained":[{"floor":1,"key":"Dexterity Potion"},{"floor":2,"key":"AttackPotion"},{"floor":12,"key":"Energy Potion"}],"is_trial":false,"path_per_floor":["M","M","M","?","?","E","R","E","T","R","?","M","R","M","R","B"],"character_chosen":"IRONCLAD","items_purchased":[],"campfire_rested":3,"item_purchase_floors":[],"current_hp_per_floor":[77,80,80,80,80,68,90,46,46,46,46,29,56,61,88,0],"gold":201,"neow_bonus":"ONE_RARE_RELIC","is_prod":false,"is_daily":false,"chose_seed":false,"campfire_upgraded":1,"win_rate":0,"timestamp":1548460472,"path_taken":["M","M","M","?","?","E","R","E","T","R","?","M","R","M","R","BOSS"],"build_version":"2019-01-23","purchased_purges":0,"victory":false,"max_hp_per_floor":[80,80,80,80,80,90,90,90,90,90,90,90,90,90,90,90],"card_choices":[{"not_picked":["Havoc","Wild Strike"],"picked":"Iron Wave","floor":1},{"not_picked":["Flex","Armaments"],"picked":"Perfected Strike","floor":2},{"not_picked":["Exhume","Intimidate"],"picked":"Ghostly Armor","floor":3},{"not_picked":["Perfected Strike","Flex"],"picked":"Dropkick","floor":6},{"not_picked":["Havoc","Thunderclap"],"picked":"Battle Trance","floor":8},{"not_picked":["Armaments","Anger","Hemokinesis"],"picked":"Flame Barrier","floor":12},{"not_picked":["Warcry","Dropkick","Rage"],"picked":"Flex","floor":13},{"not_picked":["True Grit","Anger","Feed"],"picked":"Shrug It Off","floor":14}],"player_experience":373769,"relics_obtained":[{"floor":6,"key":"Pear"},{"floor":8,"key":"Dream Catcher"},{"floor":9,"key":"Question Card"}],"event_choices":[{"damage_healed":0,"gold_gain":0,"player_choice":"Grow","damage_taken":0,"max_hp_gain":0,"max_hp_loss":0,"event_name":"Living Wall","floor":4,"gold_loss":0,"cards_upgraded":["Bash"]},{"damage_healed":0,"gold_gain":0,"player_choice":"Left Gold","damage_taken":0,"max_hp_gain":0,"max_hp_loss":0,"event_name":"World of Goop","floor":5,"gold_loss":31},{"damage_healed":0,"gold_gain":0,"player_choice":"Take Wound","damage_taken":0,"relics_obtained":["Golden Idol"],"max_hp_gain":0,"max_hp_loss":0,"event_name":"Golden Idol","floor":11,"gold_loss":0,"cards_obtained":["Injury"]}],"is_beta":false,"boss_relics":[],"items_purged_floors":[],"is_endless":false,"potions_floor_spawned":[1,2,12],"killed_by":"The Guardian","ascension_level":9}