{"gold_per_floor":[109,126,141,216,216,216,230,230,230,230,271,296,33,52,52,171,171,187,16,40,40,54,54,54],"floor_reached":24,"playtime":974,"items_purged":["Injury","Normality"],"score":198,"play_id":"89189176-ea11-458e-bff2-143b32ef5f8c","local_time":"20190421111344","is_ascension_mode":false,"campfire_choices":[{"data":"Armaments","floor":6,"key":"SMITH"},{"data":"Pommel Strike","floor":8,"key":"SMITH"},{"data":"Rampage","floor":10,"key":"SMITH"},{"data":"Infernal Blade","floor":15,"key":"SMITH"},{"data":"Barricade","floor":23,"key":"SMITH"}],"neow_cost":"NONE","seed_source_timestamp":873850812495500,"circlet_count":0,"master_deck":["Strike_R","Strike_R","Strike_R","Strike_R","Strike_R","Defend_R","Defend_R","Defend_R","Defend_R","Bash","Battle Trance","Armaments+1","Body Slam","Rampage+1","Pommel Strike+1","Thunderclap","Juggernaut","Burning Pact","Infernal Blade+1","Barricade+1","Clumsy","Decay","True Grit","Rage","Body Slam","Pain","Body Slam+1"],"relics":["Burning Blood","Golden Idol","Bronze Scales","Kunai","Pen Nib","Calling Bell","Art of War","Paper Frog","Dead Branch","WarpedTongs"],"potions_floor_usage":[14,20,20,20,22,22,22],"damage_taken":[{"damage":9,"enemies":"Cultist","floor":1,"turns":4},{"damage":3,"enemies":"Jaw Worm","floor":2,"turns":7},{"damage":1,"enemies":"2 Louse","floor":3,"turns":4},{"damage":8,"enemies":"Red Slaver","floor":7,"turns":3},{"damage":14,"enemies":"Gremlin Nob","floor":11,"turns":4},{"damage":13,"enemies":"Gremlin Gang","floor":12,"turns":3},{"damage":0,"enemies":"Blue Slaver","floor":14,"turns":3},{"damage":28,"enemies":"The Guardian","floor":16,"turns":9},{"damage":42,"enemies":"2 Thieves","floor":18,"turns":4},{"damage":28,"enemies":"Spheric Guardian","floor":20,"turns":6},{"damage":21,"enemies":"3 Cultists","floor":22,"turns":4},{"damage":17,"enemies":"Snecko","floor":24,"turns":2}],"seed_played":"-2562929127143948233","potions_obtained":[{"floor":2,"key":"Strength Potion"},{"floor":7,"key":"Dexterity Potion"},{"floor":12,"key":"Block Potion"},{"floor":18,"key":"EntropicBrew"},{"floor":20,"key":"AttackPotion"}],"is_trial":false,"path_per_floor":["M","M","M","?","?","R","M","R","T","R","E","M","$","M","R","B",null,"M","$","M","?","M","R","M"],"character_chosen":"IRONCLAD","items_purchased":["Burning Pact","Pen Nib","Rage"],"campfire_rested":0,"item_purchase_floors":[13,13,19],"current_hp_per_floor":[77,80,80,69,69,69,67,67,67,67,59,52,52,58,58,36,80,44,44,22,22,7,7,0],"gold":54,"neow_bonus":"THREE_CARDS","is_prod":false,"is_daily":false,"chose_seed":false,"campfire_upgraded":5,"win_rate":0,"timestamp":1555816424,"path_taken":["M","?","M","?","?","R","M","R","T","R","E","M","$","M","R","BOSS","M","$","M","?","M","R","M"],"build_version":"2019-01-23","purchased_purges":2,"victory":false,"max_hp_per_floor":[80,80,80,80,80,80,80,80,80,80,80,80,80,80,80,80,80,80,80,80,80,80,80,80],"card_choices":[{"not_picked":["Twin Strike","True Grit"],"picked":"Battle Trance","floor":0},{"not_picked":["Cleave","Sentinel"],"picked":"Armaments","floor":1},{"not_picked":["Pummel","Heavy Blade"],"picked":"Body Slam","floor":2},{"not_picked":["Iron Wave","True Grit"],"picked":"Rampage","floor":3},{"not_picked":["Perfected Strike","Havoc"],"picked":"Pommel Strike","floor":7},{"not_picked":["Intimidate","Second Wind"],"picked":"Thunderclap","floor":11},{"not_picked":["Headbutt","Battle Trance"],"picked":"Juggernaut","floor":12},{"not_picked":["Power Through","Havoc"],"picked":"Infernal Blade","floor":14},{"not_picked":["Berserk","Limit Break"],"picked":"Barricade","floor":16},{"not_picked":["Heavy Blade","Blood for Blood"],"picked":"True Grit","floor":18},{"not_picked":["Combust+1","Flex"],"picked":"Body Slam","floor":20},{"not_picked":["Battle Trance","Cleave"],"picked":"Body Slam+1","floor":22}],"player_experience":517584,"relics_obtained":[{"floor":9,"key":"Bronze Scales"},{"floor":11,"key":"Kunai"},{"floor":17,"key":"Art of War"},{"floor":17,"key":"Paper Frog"},{"floor":17,"key":"Dead Branch"}],"event_choices":[{"damage_healed":0,"gold_gain":75,"player_choice":"Gather Gold","damage_taken":11,"max_hp_gain":0,"max_hp_loss":0,"event_name":"World of Goop","floor":4,"gold_loss":0},{"damage_healed":0,"gold_gain":0,"player_choice":"Take Wound","damage_taken":0,"relics_obtained":["Golden Idol"],"max_hp_gain":0,"max_hp_loss":0,"event_name":"Golden Idol","floor":5,"gold_loss":0,"cards_obtained":["Injury"]},{"damage_healed":0,"gold_gain":0,"player_choice":"Rummage","damage_taken":0,"relics_obtained":["WarpedTongs"],"max_hp_gain":0,"max_hp_loss":0,"event_name":"Accursed Blacksmith","floor":21,"gold_loss":0,"cards_obtained":["Pain"]}],"is_beta":false,"boss_relics":[{"not_picked":["Eternal Feather","Lizard Tail"],"picked":"Calling Bell"}],"items_purged_floors":[13,19],"is_endless":false,"potions_floor_spawned":[2,7,12,18,20],"killed_by":"Snecko","ascension_level":0}