{"gold_per_floor":[117,136,136,150,75,109,123,123,123,135,160,187,212,224],"floor_reached":14,"playtime":488,"items_purged":["Strike_B"],"score":146,"play_id":"762baabc-8568-434c-9b40-5da32d95fc04","local_time":"20190422220400","is_ascension_mode":true,"campfire_choices":[{"floor":8.0,"key":"REST"},{"data":"Zap","floor":10.0,"key":"SMITH"}],"neow_cost":"TEN_PERCENT_HP_LOSS","seed_source_timestamp":0,"circlet_count":0,"master_deck":["AscendersBane","Strike_B","Strike_B","Defend_B","Defend_B","Defend_B","Zap+1","Dualcast","Gash","Gash","Zap","Coolheaded","Echo Form","Leap","Gash"],"special_seed":0,"relics":["Cracked Core","Blood Vial","MawBank"],"potions_floor_usage":[13],"damage_taken":[{"damage":1.0,"enemies":"Cultist","floor":1.0,"turns":3.0},{"damage":7.0,"enemies":"Jaw Worm","floor":2.0,"turns":2.0},{"damage":7.0,"enemies":"2 Louse","floor":4.0,"turns":2.0},{"damage":31.0,"enemies":"3 Sentries","floor":6.0,"turns":6.0},{"damage":23.0,"enemies":"Lots of Slimes","floor":7.0,"turns":4.0},{"damage":6.0,"enemies":"Blue Slaver","floor":11.0,"turns":3.0},{"damage":13,"enemies":"Large Slime","floor":12,"turns":5},{"damage":6,"enemies":"Red Slaver","floor":13,"turns":3},{"damage":8,"enemies":"3 Louse","floor":14,"turns":1}],"seed_played":"-1714201694874801278","potions_obtained":[{"floor":2.0,"key":"SteroidPotion"},{"floor":7.0,"key":"Block Potion"},{"floor":11.0,"key":"EssenceOfSteel"},{"floor":13,"key":"Explosive Potion"}],"is_trial":false,"path_per_floor":["M","M","?","M","$","E","M","R","T","R","M","M","M","M"],"character_chosen":"DEFECT","items_purchased":[],"campfire_rested":1,"item_purchase_floors":[],"current_hp_per_floor":[67,60,60,53,53,22,1,21,21,21,17,6,2,0],"gold":224,"neow_bonus":"REMOVE_TWO","is_prod":false,"is_daily":false,"chose_seed":false,"campfire_upgraded":1,"win_rate":0,"timestamp":1555941840,"path_taken":["M","?","?","?","$","E","M","R","T","R","M","M","M","M"],"build_version":"2019-01-23","purchased_purges":1,"victory":false,"max_hp_per_floor":[68,68,68,68,68,68,68,68,68,68,68,68,68,68],"card_choices":[{"not_picked":["Stack","Ball Lightning"],"picked":"Gash","floor":1.0},{"not_picked":["Go for the Eyes","Conserve Battery"],"picked":"Gash","floor":2.0},{"not_picked":["Steam","Barrage"],"picked":"Coolheaded","floor":4.0},{"not_picked":["Heatsinks","Rip and Tear"],"picked":"Echo Form","floor":6.0},{"not_picked":["Ball Lightning","Blizzard"],"picked":"Leap","floor":7.0},{"not_picked":["Turbo","Barrage","Steam"],"picked":"SKIP","floor":11.0},{"not_picked":["Redo","Lockon","Cold Snap"],"picked":"SKIP","floor":12},{"not_picked":["Compile Driver","Redo"],"picked":"Gash","floor":13}],"player_experience":522614,"relics_obtained":[{"floor":6.0,"key":"Blood Vial"},{"floor":9.0,"key":"MawBank"}],"event_choices":[{"damage_healed":0.0,"max_hp_gain":0.0,"max_hp_loss":0.0,"gold_gain":0.0,"event_name":"Match and Keep!","player_choice":"1 cards matched","floor":3.0,"gold_loss":0.0,"damage_taken":0.0,"cards_obtained":["Zap"]}],"is_beta":false,"boss_relics":[],"items_purged_floors":[5],"is_endless":false,"potions_floor_spawned":[2,7,11,12,13],"killed_by":"3 Louse","ascension_level":11}