{"gold_per_floor":[110,110,110,110,285,285,316,316,365,335,354,367,367,33,33,157,157,180,206,241,253,61,61],"floor_reached":23,"playtime":704,"items_purged":["Doubt"],"score":231,"play_id":"770fd577-6ae9-46e2-9e0c-1f72ee16e99d","local_time":"20190402200123","is_ascension_mode":true,"campfire_choices":[{"floor":6,"key":"REST"},{"data":"Zap","floor":8,"key":"SMITH"},{"floor":13,"key":"REST"},{"data":"Redo","floor":15,"key":"SMITH"}],"neow_cost":"TEN_PERCENT_HP_LOSS","seed_source_timestamp":1768411226748348,"circlet_count":0,"master_deck":["Strike_B+1","Strike_B","Strike_B","Strike_B","Defend_B","Defend_B+1","Defend_B","Zap+1","Dualcast","Ball Lightning","Injury","Leap","Redo+1","Streamline","Storm","Scrape","Creative AI","Gash","Go for the Eyes+1","Necronomicurse","BootSequence","FTL"],"relics":["Cracked Core","Calipers","Golden Idol","Vajra","Juzu Bracelet","Ancient Tea Set","Busted Crown","MawBank","Necronomicon"],"potions_floor_usage":[7,7,7,16,16,16,23,23,23],"damage_taken":[{"damage":7,"enemies":"Jaw Worm","floor":1,"turns":3},{"damage":21,"enemies":"Gremlin Nob","floor":7,"turns":4},{"damage":0,"enemies":"2 Louse","floor":11,"turns":2},{"damage":0,"enemies":"Cultist","floor":12,"turns":3},{"damage":30,"enemies":"Slime Boss","floor":16,"turns":9},{"damage":24,"enemies":"2 Thieves","floor":18,"turns":4},{"damage":1,"enemies":"Spheric Guardian","floor":20,"turns":3},{"damage":18,"enemies":"Gremlin Leader","floor":23,"turns":2}],"seed_played":"7698017565547286295","potions_obtained":[{"floor":1,"key":"EntropicBrew"},{"floor":10,"key":"Ancient Potion"},{"floor":10,"key":"Block Potion"},{"floor":20,"key":"FocusPotion"}],"is_trial":false,"path_per_floor":["M","?","?","?","?","R","E","R","T","?","M","M","R","$","R","B",null,"M","T","M","?","$","E"],"character_chosen":"DEFECT","items_purchased":["Ancient Tea Set","Storm","Scrape","BootSequence","SkillPotion","Block Potion","FTL"],"campfire_rested":2,"item_purchase_floors":[14,14,14,22,22,22,22],"current_hp_per_floor":[61,54,40,40,40,60,39,39,39,39,39,39,59,59,59,29,58,34,34,33,17,17,0],"gold":61,"neow_bonus":"ONE_RARE_RELIC","is_prod":false,"is_daily":false,"chose_seed":false,"campfire_upgraded":2,"win_rate":0,"timestamp":1554260483,"path_taken":["M","?","?","?","?","R","E","R","T","?","M","M","R","$","R","BOSS","M","?","M","?","?","E"],"build_version":"2019-01-23","purchased_purges":1,"victory":false,"max_hp_per_floor":[68,68,68,68,68,68,68,68,68,68,68,68,68,68,68,68,68,68,68,68,68,68,68],"card_choices":[{"not_picked":["Hello World","Leap"],"picked":"Ball Lightning","floor":1},{"not_picked":["Meteor Strike","Coolheaded"],"picked":"Leap","floor":7},{"not_picked":["Stack","Sweeping Beam"],"picked":"Redo","floor":11},{"not_picked":["Rebound","Beam Cell"],"picked":"Streamline","floor":12},{"not_picked":["Amplify","Fission"],"picked":"Creative AI","floor":16},{"not_picked":[],"picked":"Gash","floor":18},{"not_picked":[],"picked":"Go for the Eyes+1","floor":20}],"player_experience":492542,"relics_obtained":[{"floor":7,"key":"Vajra"},{"floor":9,"key":"Juzu Bracelet"},{"floor":19,"key":"MawBank"},{"floor":21,"key":"Necronomicon"}],"event_choices":[{"cards_removed":["Defend_B"],"damage_healed":0,"gold_gain":0,"player_choice":"Card Removal","damage_taken":7,"max_hp_gain":0,"max_hp_loss":0,"event_name":"Golden Wing","floor":2,"gold_loss":0},{"damage_healed":0,"gold_gain":0,"player_choice":"Entered Light","damage_taken":14,"max_hp_gain":0,"max_hp_loss":0,"event_name":"Shining Light","floor":3,"gold_loss":0,"cards_upgraded":["Defend_B","Strike_B"]},{"damage_healed":0,"gold_gain":0,"player_choice":"Take Wound","damage_taken":0,"relics_obtained":["Golden Idol"],"max_hp_gain":0,"max_hp_loss":0,"event_name":"Golden Idol","floor":4,"gold_loss":0,"cards_obtained":["Injury"]},{"damage_healed":0,"gold_gain":175,"player_choice":"AGREE","damage_taken":0,"max_hp_gain":0,"max_hp_loss":0,"event_name":"Liars Game","floor":5,"gold_loss":0,"cards_obtained":["Doubt"]},{"damage_healed":0,"gold_gain":0,"player_choice":"Bought 2 Potions","damage_taken":0,"max_hp_gain":0,"max_hp_loss":0,"event_name":"The Woman in Blue","floor":10,"gold_loss":0},{"damage_healed":0,"gold_gain":0,"player_choice":"Obtained Book","damage_taken":16,"max_hp_gain":0,"max_hp_loss":0,"event_name":"Cursed Tome","floor":21,"gold_loss":0}],"is_beta":false,"boss_relics":[{"not_picked":["Runic Pyramid","Runic Dome"],"picked":"Busted Crown"}],"items_purged_floors":[14],"is_endless":false,"potions_floor_spawned":[1,12,20],"killed_by":"Gremlin Leader","ascension_level":5}