{"gold_per_floor":[118,118,118,118,92,103,119,119,201,276,289,308,308,320,320,422,422,439,439,450,450,7,7,7],"floor_reached":24,"playtime":717,"items_purged":["Writhe"],"score":242,"play_id":"2ad7a67c-e31f-41c3-859d-92f871b5bbb6","local_time":"20180905142452","is_ascension_mode":true,"campfire_choices":[{"data":"Genetic Algorithm","floor":8.0,"key":"SMITH"},{"floor":13.0,"key":"REST"},{"data":"Sunder","floor":15.0,"key":"SMITH"},{"floor":23.0,"key":"REST"}],"neow_cost":"NONE","seed_source_timestamp":0,"circlet_count":0,"master_deck":["Strike_B","Strike_B","Strike_B","Strike_B","Defend_B","Defend_B","Defend_B","Defend_B","Zap","Dualcast","Beam Cell","Streamline","Genetic Algorithm+1","Defragment","Sweeping Beam","Sunder+1","Ball Lightning","Rainbow","Coolheaded","Zap","Biased Cognition","Hologram","Echo Form"],"special_seed":0,"relics":["Cracked Core","Blood Vial","Ice Cream","Blue Candle","Kunai","Inserter","Regal Pillow","Thread and Needle"],"potions_floor_usage":[24],"damage_taken":[{"damage":4.0,"enemies":"Small Slimes","floor":1.0,"turns":3.0},{"damage":0.0,"enemies":"2 Louse","floor":6.0,"turns":2.0},{"damage":0.0,"enemies":"Cultist","floor":7.0,"turns":2.0},{"damage":18.0,"enemies":"Exordium Wildlife","floor":11.0,"turns":5.0},{"damage":21.0,"enemies":"Large Slime","floor":12.0,"turns":5.0},{"damage":0.0,"enemies":"3 Louse","floor":14.0,"turns":3.0},{"damage":28.0,"enemies":"Hexaghost","floor":16.0,"turns":7.0},{"damage":26.0,"enemies":"Shell Parasite","floor":18.0,"turns":7.0},{"damage":22.0,"enemies":"Spheric Guardian","floor":20.0,"turns":4.0},{"damage":65,"enemies":"Gremlin Leader","floor":24,"turns":8}],"seed_played":"2573633905491813185","potions_obtained":[{"floor":1.0,"key":"Dexterity Potion"},{"floor":7.0,"key":"SteroidPotion"},{"floor":14.0,"key":"FearPotion"},{"floor":18.0,"key":"Regen Potion"},{"floor":20.0,"key":"Energy Potion"}],"is_trial":false,"path_per_floor":["M","?","?","?","$","M","M","R","T","?","M","M","R","M","R","B",null,"M","?","M","?","$","R"],"character_chosen":"DEFECT","items_purchased":["Streamline","Echo Form","Thread and Needle"],"campfire_rested":2,"item_purchase_floors":[5,22,22],"current_hp_per_floor":[66,66,63,56,56,58,60,60,60,49,33,14,36,38,38,12,59,35,35,24,24,24,61,0],"gold":7,"neow_bonus":"RANDOM_COMMON_RELIC","is_prod":false,"is_daily":false,"chose_seed":false,"campfire_upgraded":2,"win_rate":0,"timestamp":1536171892,"path_taken":["M","?","?","?","$","M","?","R","T","?","?","M","R","?","R","BOSS","M","?","M","?","?","R","E"],"build_version":"2018-08-30","purchased_purges":1,"victory":false,"max_hp_per_floor":[75,75,75,75,75,75,75,75,75,75,75,75,75,75,75,75,75,75,75,75,75,75,75,75],"card_choices":[{"not_picked":["Reinforced Body","Steam Power"],"picked":"Beam Cell","floor":1.0},{"not_picked":["Barrage","Beam Cell"],"picked":"Genetic Algorithm","floor":6.0},{"not_picked":["Turbo","Static Discharge"],"picked":"Defragment","floor":7.0},{"not_picked":["Go for the Eyes","Compile Driver"],"picked":"Sweeping Beam","floor":11.0},{"not_picked":["Conserve Battery","Stack"],"picked":"Sunder","floor":12.0},{"not_picked":["Beam Cell","Scrape"],"picked":"Ball Lightning","floor":14.0},{"not_picked":["Core Surge","Fission"],"picked":"Rainbow","floor":16.0},{"not_picked":["Gash","Lockon"],"picked":"Coolheaded","floor":18.0},{"not_picked":["Streamline","Storm","Conserve Battery"],"picked":"SKIP","floor":20.0}],"player_experience":512447,"relics_obtained":[{"floor":9.0,"key":"Kunai"}],"event_choices":[{"event_name":"Big Fish","player_choice":"Box","floor":2.0,"damage_taken":0.0},{"event_name":"Scrap Ooze","player_choice":"success","floor":3.0,"damage_taken":3.0},{"event_name":"Golden Wing","player_choice":"Card Removal","floor":4.0,"damage_taken":0.0},{"event_name":"World of Goop","player_choice":"Gather Gold","floor":10.0,"damage_taken":0.0},{"event_name":"The Mausoleum","player_choice":"Yes","floor":19.0,"damage_taken":0.0},{"event_name":"Match and Keep!","player_choice":"3 cards matched","floor":21.0,"damage_taken":0.0}],"is_beta":false,"boss_relics":[{"not_picked":["Snecko Eye","Fusion Hammer"],"picked":"Inserter"}],"items_purged_floors":[22],"is_endless":false,"potions_floor_spawned":[1,7,14,18,20],"killed_by":"Gremlin Leader","ascension_level":6}