{"gold_per_floor":[118,128,30,30,130,130,156,56,110,110,126,138,138,152,152,152],"floor_reached":16,"playtime":391,"items_purged":["Defend_B","Strike_B"],"score":155,"play_id":"d6a2491c-175c-4076-baa8-6f1ee73acdff","local_time":"20190427145328","is_ascension_mode":true,"campfire_choices":[{"data":"Zap","floor":6,"key":"SMITH"},{"data":"Dualcast","floor":10,"key":"SMITH"},{"data":"Coolheaded","floor":15,"key":"SMITH"}],"neow_cost":"NONE","seed_source_timestamp":320774808671500,"circlet_count":0,"master_deck":["AscendersBane","Strike_B","Strike_B","Defend_B","Defend_B","Zap+1","Dualcast+1","Self Repair","Coolheaded+1","Glacier"],"relics":["Cracked Core","Oddly Smooth Stone","Anchor"],"potions_floor_usage":[],"damage_taken":[{"damage":1,"enemies":"Cultist","floor":1,"turns":3},{"damage":2,"enemies":"2 Louse","floor":2,"turns":3},{"damage":57,"enemies":"Lagavulin","floor":7,"turns":8},{"damage":0,"enemies":"Small Slimes","floor":11,"turns":3},{"damage":0,"enemies":"Looter","floor":12,"turns":4},{"damage":1,"enemies":"2 Fungi Beasts","floor":14,"turns":4},{"damage":23,"enemies":"Hexaghost","floor":16,"turns":10}],"seed_played":"4544339271878960474","potions_obtained":[{"floor":7,"key":"GamblersBrew"},{"floor":12,"key":"Explosive Potion"}],"is_trial":false,"path_per_floor":["M","M","$","$","?","R","E","$","T","R","M","M","?","M","R","B"],"character_chosen":"DEFECT","items_purchased":["Coolheaded"],"campfire_rested":0,"item_purchase_floors":[3],"current_hp_per_floor":[67,65,65,65,65,65,15,15,15,15,22,29,29,35,35,12],"gold":152,"neow_bonus":"REMOVE_CARD","is_prod":false,"is_daily":false,"chose_seed":false,"campfire_upgraded":3,"win_rate":0,"timestamp":1556348008,"path_taken":["M","M","?","$","?","R","E","$","T","R","M","?","?","M","R","BOSS"],"build_version":"2019-01-23","purchased_purges":2,"victory":false,"max_hp_per_floor":[75,75,75,75,75,75,75,75,75,75,75,75,75,75,75,75],"card_choices":[{"not_picked":["Beam Cell","Leap","Aggregate"],"picked":"SKIP","floor":1},{"not_picked":["Reprogram","Go for the Eyes"],"picked":"Self Repair","floor":2},{"not_picked":["Steam","Compile Driver","Stack"],"picked":"SKIP","floor":7},{"not_picked":["Scrape","Go for the Eyes"],"picked":"Glacier","floor":11},{"not_picked":["Compile Driver","Redo","Cold Snap"],"picked":"SKIP","floor":12},{"not_picked":["Steam","Lockon","BootSequence"],"picked":"SKIP","floor":14}],"player_experience":540895,"relics_obtained":[{"floor":7,"key":"Oddly Smooth Stone"},{"floor":9,"key":"Anchor"}],"event_choices":[{"damage_healed":0,"gold_gain":100,"player_choice":"Pray","damage_taken":0,"max_hp_gain":0,"max_hp_loss":0,"event_name":"Golden Shrine","floor":5,"gold_loss":0},{"cards_removed":["Defend_B"],"damage_healed":0,"gold_gain":0,"player_choice":"Forget","damage_taken":0,"max_hp_gain":0,"max_hp_loss":0,"event_name":"Living Wall","floor":13,"gold_loss":0}],"is_beta":false,"boss_relics":[],"items_purged_floors":[3,8],"is_endless":false,"potions_floor_spawned":[7,12],"killed_by":"Hexaghost","ascension_level":11}