{"gold_per_floor":[109,119,119,119,119,150,162,172,199,229,244,244,23,39,39,165,165,183,204,204,204,228,228,248,248,248,248,286,310,346,359,359,488,488,525,537,567,275,300,300,633,651,651,651,651,669,699,717,717,717],"floor_reached":50,"playtime":3804,"items_purged":["Regret","Doubt"],"score":838,"play_id":"ada02d6e-c043-475a-a4df-0fdf5641923b","local_time":"20190124014518","is_ascension_mode":true,"campfire_choices":[{"floor":15,"key":"REST"},{"data":"Berserk","floor":23,"key":"SMITH"},{"data":"Uppercut","floor":25,"key":"SMITH"},{"data":"Double Tap","floor":27,"key":"SMITH"},{"data":"Uppercut","floor":32,"key":"SMITH"},{"floor":40,"key":"REST"},{"floor":45,"key":"REST"},{"floor":49,"key":"REST"}],"neow_cost":"NONE","seed_source_timestamp":88190989904937,"circlet_count":0,"master_deck":["Strike_R+1","Strike_R+1","Strike_R+1","Strike_R+1","Strike_R+1","Defend_R+1","Defend_R+1","Defend_R+1","Defend_R+1","Bash","Double Tap+1","Iron Wave","Rampage","Feed","Whirlwind","Clothesline","Reaper","Uppercut+1","Second Wind","Berserk+1","Headbutt+1","Flex+1","Clothesline+1","Metallicize","Battle Trance","Uppercut+1","Wild Strike+1","Offering","Decay","True Grit+1","Warcry+1","Shrug It Off+1","Ghostly Armor+1","Exhume+1","Shrug It Off+1","Body Slam"],"relics":["Burning Blood","Omamori","WarpedTongs","Bag of Preparation","Ancient Tea Set","Pen Nib","Orichalcum","Mark of Pain","Oddly Smooth Stone","Champion Belt","Art of War","Calling Bell","MawBank","Toxic Egg 2","Bird Faced Urn","Happy Flower","Potion Belt","Question Card"],"potions_floor_usage":[6,18,22,24,28,31,33,42,50,50],"damage_taken":[{"damage":1,"enemies":"Cultist","floor":1,"turns":3},{"damage":2,"enemies":"2 Louse","floor":2,"turns":4},{"damage":9,"enemies":"3 Sentries","floor":6,"turns":4},{"damage":4,"enemies":"Jaw Worm","floor":7,"turns":2},{"damage":17,"enemies":"2 Fungi Beasts","floor":8,"turns":3},{"damage":27,"enemies":"Lagavulin","floor":10,"turns":5},{"damage":20,"enemies":"3 Louse","floor":11,"turns":2},{"damage":12,"enemies":"Looter","floor":14,"turns":3},{"damage":28,"enemies":"Hexaghost","floor":16,"turns":9},{"damage":3,"enemies":"3 Byrds","floor":18,"turns":4},{"damage":1,"enemies":"Spheric Guardian","floor":19,"turns":3},{"damage":16,"enemies":"Snake Plant","floor":22,"turns":4},{"damage":0,"enemies":"Snecko","floor":24,"turns":2},{"damage":24,"enemies":"Slavers","floor":28,"turns":5},{"damage":7,"enemies":"Chosen and Byrds","floor":29,"turns":5},{"damage":10,"enemies":"Book of Stabbing","floor":30,"turns":5},{"damage":9,"enemies":"Snake Plant","floor":31,"turns":3},{"damage":60,"enemies":"Automaton","floor":33,"turns":9},{"damage":22,"enemies":"3 Shapes","floor":35,"turns":7},{"damage":3,"enemies":"Orb Walker","floor":37,"turns":2},{"damage":63,"enemies":"Writhing Mass","floor":39,"turns":7},{"damage":23,"enemies":"4 Shapes","floor":42,"turns":6},{"damage":29,"enemies":"Maw","floor":46,"turns":8},{"damage":60,"enemies":"Nemesis","floor":47,"turns":9},{"damage":13,"enemies":"Sphere and 2 Shapes","floor":48,"turns":4},{"damage":102,"enemies":"Time Eater","floor":50,"turns":9}],"seed_played":"4101904046709552462","potions_obtained":[{"floor":2,"key":"AttackPotion"},{"floor":7,"key":"SpeedPotion"},{"floor":11,"key":"BloodPotion"},{"floor":16,"key":"Strength Potion"},{"floor":18,"key":"SteroidPotion"},{"floor":24,"key":"Fire Potion"},{"floor":28,"key":"BloodPotion"},{"floor":30,"key":"Block Potion"},{"floor":31,"key":"LiquidBronze"},{"floor":37,"key":"Dexterity Potion"},{"floor":39,"key":"BloodPotion"}],"is_trial":false,"path_per_floor":["M","M","?","?","?","E","M","M","T","E","M","?","$","M","R","B",null,"M","M","?","?","M","R","M","R","T","R","E","M","E","M","R","B",null,"M","?","M","$","M","R","?","M","T","?","R","M","E","M","R","B"],"character_chosen":"IRONCLAD","items_purchased":["Orichalcum","Happy Flower","Shrug It Off+1"],"campfire_rested":4,"item_purchase_floors":[13,38,38],"current_hp_per_floor":[77,80,80,80,80,77,82,75,75,58,59,59,59,56,82,60,80,87,87,87,87,77,77,87,87,87,87,83,92,88,85,85,38,81,85,85,90,90,37,65,65,66,66,66,95,86,41,36,65,0],"gold":717,"neow_bonus":"ONE_RANDOM_RARE_CARD","is_prod":false,"is_daily":false,"chose_seed":false,"campfire_upgraded":4,"win_rate":0,"timestamp":1548290718,"path_taken":["M","M","?","?","?","E","M","?","T","E","M","?","$","M","R","BOSS","M","M","?","?","M","R","M","R","T","R","E","M","E","M","R","BOSS","M","?","M","$","M","R","?","M","T","?","R","M","E","M","R","BOSS"],"build_version":"2019-01-23","purchased_purges":2,"victory":false,"max_hp_per_floor":[80,80,80,80,80,80,83,87,87,91,91,84,84,87,87,87,87,87,87,87,87,87,87,87,87,87,87,91,95,95,95,95,95,95,95,95,95,95,95,95,95,98,98,98,98,98,98,98,98,98],"card_choices":[{"not_picked":["Body Slam","Headbutt"],"picked":"Iron Wave","floor":1},{"not_picked":["Blood for Blood","Flex"],"picked":"Rampage","floor":2},{"not_picked":["Perfected Strike","Thunderclap"],"picked":"Feed","floor":6},{"not_picked":["Heavy Blade","Clash"],"picked":"Whirlwind","floor":7},{"not_picked":["Battle Trance","Heavy Blade"],"picked":"Clothesline","floor":8},{"not_picked":["Twin Strike","Perfected Strike"],"picked":"Reaper","floor":10},{"not_picked":["Rampage","Heavy Blade"],"picked":"Uppercut","floor":11},{"not_picked":["Anger","Wild Strike"],"picked":"Second Wind","floor":14},{"not_picked":["Feed","Immolate"],"picked":"Berserk","floor":16},{"not_picked":["Second Wind","Searing Blow"],"picked":"Headbutt+1","floor":18},{"not_picked":["Burning Pact","Clash+1"],"picked":"Flex+1","floor":19},{"not_picked":["Flex+1","Iron Wave"],"picked":"Clothesline+1","floor":22},{"not_picked":["Thunderclap","Hemokinesis","Havoc"],"picked":"SKIP","floor":24},{"not_picked":["Twin Strike+1","Shockwave"],"picked":"Metallicize","floor":28},{"not_picked":["Combust","True Grit+1"],"picked":"Battle Trance","floor":29},{"not_picked":["Brutality","Heavy Blade"],"picked":"Uppercut","floor":30},{"not_picked":["Thunderclap","Heavy Blade"],"picked":"Wild Strike+1","floor":31},{"not_picked":["Juggernaut","Feed"],"picked":"Offering","floor":33},{"not_picked":["Bloodletting+1","Clothesline+1"],"picked":"True Grit+1","floor":35},{"not_picked":["Blood for Blood+1","Armaments+1"],"picked":"Warcry+1","floor":37},{"not_picked":["Iron Wave+1","Cleave"],"picked":"Ghostly Armor+1","floor":39},{"not_picked":["Sword Boomerang","Havoc+1","Anger"],"picked":"SKIP","floor":42},{"not_picked":["Sever Soul","Fire Breathing+1"],"picked":"Exhume+1","floor":46},{"not_picked":["Spot Weakness+1","Thunderclap+1"],"picked":"Shrug It Off+1","floor":47},{"not_picked":["Perfected Strike+1","Inflame+1","Havoc+1"],"picked":"Body Slam","floor":48}],"player_experience":362625,"relics_obtained":[{"floor":6,"key":"Bag of Preparation"},{"floor":9,"key":"Ancient Tea Set"},{"floor":10,"key":"Pen Nib"},{"floor":26,"key":"Oddly Smooth Stone"},{"floor":28,"key":"Champion Belt"},{"floor":30,"key":"Art of War"},{"floor":34,"key":"MawBank"},{"floor":34,"key":"Toxic Egg 2"},{"floor":34,"key":"Bird Faced Urn"},{"floor":43,"key":"Potion Belt"},{"floor":47,"key":"Question Card"}],"event_choices":[{"damage_healed":0,"gold_gain":0,"player_choice":"Box","damage_taken":0,"relics_obtained":["Omamori"],"max_hp_gain":0,"max_hp_loss":0,"event_name":"Big Fish","floor":3,"gold_loss":0,"cards_obtained":["Regret"]},{"damage_healed":0,"gold_gain":0,"player_choice":"Ignored","damage_taken":0,"max_hp_gain":0,"max_hp_loss":0,"event_name":"Liars Game","floor":4,"gold_loss":0},{"damage_healed":0,"gold_gain":0,"player_choice":"Rummage","damage_taken":0,"relics_obtained":["WarpedTongs"],"max_hp_gain":0,"max_hp_loss":0,"event_name":"Accursed Blacksmith","floor":5,"gold_loss":0,"cards_obtained":["Pain"]},{"damage_healed":0,"gold_gain":0,"player_choice":"Lose Max HP","damage_taken":0,"relics_obtained":["Golden Idol"],"max_hp_gain":0,"max_hp_loss":7,"event_name":"Golden Idol","floor":12,"gold_loss":0},{"damage_healed":0,"gold_gain":0,"player_choice":"Ignored","damage_taken":0,"max_hp_gain":0,"max_hp_loss":0,"event_name":"Ghosts","floor":20,"gold_loss":0},{"damage_healed":0,"gold_gain":0,"player_choice":"Simplicity","damage_taken":0,"max_hp_gain":0,"max_hp_loss":0,"event_name":"Back to Basics","floor":21,"gold_loss":0,"cards_upgraded":["Strike_R","Strike_R","Strike_R","Strike_R","Strike_R","Defend_R","Defend_R","Defend_R","Defend_R"]},{"damage_healed":0,"gold_gain":0,"player_choice":"Ignored","damage_taken":0,"max_hp_gain":0,"max_hp_loss":0,"event_name":"Tomb of Lord Red Mask","floor":36,"gold_loss":0},{"damage_healed":0,"gold_gain":333,"player_choice":"Gave Idol","damage_taken":0,"max_hp_gain":0,"max_hp_loss":0,"event_name":"The Moai Head","floor":41,"relics_lost":["Golden Idol"],"gold_loss":0},{"damage_healed":0,"gold_gain":0,"player_choice":"Leave","damage_taken":0,"max_hp_gain":0,"max_hp_loss":0,"event_name":"FaceTrader","floor":44,"gold_loss":0}],"is_beta":false,"boss_relics":[{"not_picked":["Fusion Hammer","Ectoplasm"],"picked":"Mark of Pain"},{"not_picked":["Runic Pyramid","Runic Dome"],"picked":"Calling Bell"}],"items_purged_floors":[13,38],"is_endless":false,"potions_floor_spawned":[2,7,11,16,18,24,28,30,31,37,39],"killed_by":"Time Eater","ascension_level":9}