{"gold_per_floor":[112,112,112,112,130,161,178,212,212,212,242,260,285,296,296,392,392,411,426,341,341,164,196,211,211,236,271,76,76,76,103,103,103],"floor_reached":33,"playtime":1166,"items_purged":["Normality"],"score":397,"play_id":"7ba26bc7-450f-47fa-8765-0a78f7863e01","local_time":"20180817131951","is_ascension_mode":true,"campfire_choices":[{"floor":10,"key":"REST"},{"floor":15,"key":"REST"},{"data":"Reinforced Body","floor":25,"key":"SMITH"},{"data":"Conserve Battery","floor":30,"key":"SMITH"},{"data":"Self Repair","floor":32,"key":"SMITH"}],"neow_cost":"TEN_PERCENT_HP_LOSS","seed_source_timestamp":68956290369688,"circlet_count":0,"master_deck":["Strike_B","Strike_B","Defend_B","Defend_B","Defend_B","Defend_B","Zap","Dualcast","Coolheaded+1","Biased Cognition","Rainbow","Conserve Battery+1","Ball Lightning+1","Rainbow+1","Reinforced Body+1","Recycle+1","Sweeping Beam+1","Leap","Self Repair+1","Sunder+1"],"relics":["Cracked Core","Torii","Ornamental Fan","Mummified Hand","Mango","Darkstone Periapt","Molten Egg 2","Blood Vial","Coffee Dripper","Orichalcum","Emotion Chip","War Paint","Dream Catcher","Toolbox","Shuriken"],"potions_floor_usage":[13,16,23,33,33],"damage_taken":[{"damage":0,"enemies":"Small Slimes","floor":1,"turns":2},{"damage":2,"enemies":"2 Louse","floor":5,"turns":3},{"damage":19,"enemies":"3 Sentries","floor":6,"turns":15},{"damage":0,"enemies":"Jaw Worm","floor":7,"turns":4},{"damage":24,"enemies":"Gremlin Nob","floor":8,"turns":4},{"damage":6,"enemies":"Lagavulin","floor":11,"turns":6},{"damage":14,"enemies":"Lots of Slimes","floor":12,"turns":5},{"damage":12,"enemies":"Gremlin Nob","floor":13,"turns":4},{"damage":7,"enemies":"3 Louse","floor":14,"turns":2},{"damage":24,"enemies":"Slime Boss","floor":16,"turns":8},{"damage":2,"enemies":"Shell Parasite","floor":18,"turns":5},{"damage":1,"enemies":"2 Thieves","floor":19,"turns":3},{"damage":13,"enemies":"Gremlin Leader","floor":23,"turns":5},{"damage":9,"enemies":"Snake Plant","floor":24,"turns":3},{"damage":12,"enemies":"Book of Stabbing","floor":27,"turns":4},{"damage":40,"enemies":"Gremlin Leader","floor":31,"turns":8},{"damage":52,"enemies":"Automaton","floor":33,"turns":6}],"seed_played":"1084666208222835839","potions_obtained":[{"floor":1,"key":"FearPotion"},{"floor":5,"key":"SpeedPotion"},{"floor":8,"key":"FearPotion"},{"floor":12,"key":"SkillPotion"},{"floor":13,"key":"Fire Potion"},{"floor":23,"key":"Strength Potion"},{"floor":27,"key":"Dexterity Potion"},{"floor":31,"key":"Energy Potion"}],"is_trial":false,"path_per_floor":["M","?","?","?","M","E","M","E","T","R","E","M","E","M","R","B",null,"M","M","?","?","$","E","M","R","T","E","$","$","R","E","R"],"character_chosen":"DEFECT","items_purchased":["Leap","Self Repair","Toolbox"],"campfire_rested":2,"item_purchase_floors":[22,22,28],"current_hp_per_floor":[68,61,61,61,59,40,40,30,30,54,48,34,22,17,41,19,82,80,81,81,81,81,76,69,69,69,66,66,66,66,38,38,0],"gold":103,"neow_bonus":"ONE_RARE_RELIC","is_prod":false,"is_daily":false,"chose_seed":false,"campfire_upgraded":3,"win_rate":0,"timestamp":1534504791,"path_taken":["M","?","?","?","M","E","M","E","T","R","E","M","E","M","R","BOSS","M","M","?","?","$","E","M","R","T","E","?","$","R","E","R","BOSS"],"build_version":"2018-08-16","purchased_purges":1,"victory":false,"max_hp_per_floor":[68,68,68,68,68,68,68,82,82,82,82,82,82,82,82,82,82,82,82,82,82,82,82,82,82,82,82,82,82,82,82,82,82],"card_choices":[{"not_picked":["Darkness","Blizzard"],"picked":"Coolheaded","floor":1},{"not_picked":["Heatsinks","Stack","Steam"],"picked":"SKIP","floor":5},{"not_picked":["Reinforced Body","Steam"],"picked":"Rainbow","floor":6},{"not_picked":["Compile Driver","Cold Snap"],"picked":"Conserve Battery","floor":7},{"not_picked":["Chaos","Steam","Conserve Battery"],"picked":"SKIP","floor":8},{"not_picked":["Cold Snap","Rip and Tear","Chill"],"picked":"SKIP","floor":11},{"not_picked":["Consume","Skim"],"picked":"Ball Lightning+1","floor":12},{"not_picked":["Glacier","Meteor Strike+1","Recycle"],"picked":"SKIP","floor":13},{"not_picked":["Scrape+1","Gash+1","Streamline+1"],"picked":"SKIP","floor":14},{"not_picked":["All For One+1","Reboot"],"picked":"Rainbow","floor":16},{"not_picked":["Stack+1","Gash+1"],"picked":"Reinforced Body","floor":18},{"not_picked":["Compile Driver+1","Turbo"],"picked":"Recycle+1","floor":19},{"not_picked":["Stack","Blizzard+1","Hello World"],"picked":"SKIP","floor":23},{"not_picked":["Hello World","Reinforced Body+1"],"picked":"Sunder+1","floor":24},{"not_picked":["Storm","Rip and Tear+1","Hologram"],"picked":"SKIP","floor":27},{"not_picked":["Reinforced Body","Ball Lightning+1","Redo"],"picked":"SKIP","floor":31}],"player_experience":75445,"relics_obtained":[{"floor":6,"key":"Mummified Hand"},{"floor":8,"key":"Mango"},{"floor":9,"key":"Darkstone Periapt"},{"floor":11,"key":"Molten Egg 2"},{"floor":13,"key":"Blood Vial"},{"floor":23,"key":"Emotion Chip"},{"floor":26,"key":"War Paint"},{"floor":27,"key":"Dream Catcher"},{"floor":31,"key":"Shuriken"}],"event_choices":[{"event_name":"Golden Wing","player_choice":"Card Removal","floor":2,"damage_taken":0},{"event_name":"Living Wall","player_choice":"Change","floor":3,"damage_taken":0},{"event_name":"Accursed Blacksmith","player_choice":"Rummage","floor":4,"damage_taken":0},{"event_name":"Addict","player_choice":"Obtained Relic","floor":20,"damage_taken":0},{"event_name":"The Library","player_choice":"Read","floor":21,"damage_taken":0}],"is_beta":true,"boss_relics":[{"not_picked":["Velvet Choker","Tiny House"],"picked":"Coffee Dripper"}],"items_purged_floors":[22],"is_endless":false,"potions_floor_spawned":[1,5,8,12,13,23,27,31],"killed_by":"Automaton","ascension_level":4}