{"gold_per_floor":[110,128,128,128,15,15,15,44,44,44,77,97,130,143,143,214,264,281,11,28,28,61,61,75,75,101,101,135,135,60,72,72,149,149,166,166,166,183,200,200,214,214,261,275,291,321,10,110,110,110,110,110,110,31,60,60],"floor_reached":57,"playtime":3608,"items_purged":["Strike_B","Strike_B"],"score":2786,"play_id":"b7add7e3-cdf7-490b-a99a-0f66e2c8ecfc","local_time":"20190421002207","is_ascension_mode":true,"campfire_choices":[{"data":"Zap","floor":6.0,"key":"SMITH"},{"data":"Dualcast","floor":10.0,"key":"SMITH"},{"data":"Blizzard","floor":15.0,"key":"SMITH"},{"data":"Fusion","floor":23.0,"key":"SMITH"},{"data":"Recycle","floor":25.0,"key":"SMITH"},{"data":"Coolheaded","floor":27.0,"key":"SMITH"},{"data":"Skim","floor":29.0,"key":"SMITH"},{"data":"Glacier","floor":32.0,"key":"SMITH"},{"data":"Creative AI","floor":40.0,"key":"SMITH"},{"floor":42.0,"key":"RECALL"},{"data":"Tempest","floor":49.0,"key":"SMITH"},{"data":"Core Surge","floor":53.0,"key":"SMITH"}],"neow_cost":"NONE","seed_source_timestamp":0,"circlet_count":0,"master_deck":["AscendersBane","Defend_B","Defend_B","Defend_B","Defend_B","Zap+1","Dualcast+1","Skim+1","Cold Snap","Coolheaded+1","Melter","Blizzard+1","Glacier+1","Core Surge+1","Fusion+1","Recycle+1","Double Energy+1","Go for the Eyes+1","Glacier+1","Ball Lightning","Creative AI+1","Hologram+1","Compile Driver+1","Skim+1","Loop+1","Tempest+1","Stack+1","Heatsinks+1","Hologram","Steam+1"],"special_seed":0,"relics":["Cracked Core","NeowsBlessing","Ice Cream","StoneCalendar","Gambling Chip","Blood Vial","Thread and Needle","Tiny House","Sundial","Red Mask","Bag of Marbles","Boot","Runic Pyramid","Juzu Bracelet","OrangePellets","Bag of Preparation"],"potions_floor_usage":[56],"damage_taken":[{"damage":0.0,"enemies":"2 Louse","floor":1.0,"turns":1.0},{"damage":0.0,"enemies":"Small Slimes","floor":2.0,"turns":1.0},{"damage":0.0,"enemies":"Gremlin Nob","floor":8.0,"turns":1.0},{"damage":13.0,"enemies":"Lagavulin","floor":11.0,"turns":7.0},{"damage":0.0,"enemies":"Jaw Worm","floor":12.0,"turns":3.0},{"damage":12.0,"enemies":"3 Sentries","floor":13.0,"turns":7.0},{"damage":3.0,"enemies":"2 Fungi Beasts","floor":14.0,"turns":3.0},{"damage":0.0,"enemies":"The Guardian","floor":16.0,"turns":10.0},{"damage":0.0,"enemies":"Spheric Guardian","floor":18.0,"turns":1.0},{"damage":14.0,"enemies":"Chosen","floor":20.0,"turns":5.0},{"damage":21.0,"enemies":"Masked Bandits","floor":22.0,"turns":5.0},{"damage":2.0,"enemies":"Snecko","floor":24.0,"turns":6.0},{"damage":9.0,"enemies":"Book of Stabbing","floor":28.0,"turns":7.0},{"damage":0.0,"enemies":"Snake Plant","floor":31.0,"turns":5.0},{"damage":26.0,"enemies":"Collector","floor":33.0,"turns":9.0},{"damage":0.0,"enemies":"3 Darklings","floor":35.0,"turns":4.0},{"damage":0.0,"enemies":"Orb Walker","floor":38.0,"turns":4.0},{"damage":0.0,"enemies":"Writhing Mass","floor":39.0,"turns":7.0},{"damage":1.0,"enemies":"4 Shapes","floor":41.0,"turns":7.0},{"damage":0.0,"enemies":"Spire Growth","floor":44.0,"turns":5.0},{"damage":0.0,"enemies":"Maw","floor":45.0,"turns":7.0},{"damage":2.0,"enemies":"Nemesis","floor":46.0,"turns":13.0},{"damage":0.0,"enemies":"Mind Bloom Boss Battle","floor":48.0,"turns":7.0},{"damage":13.0,"enemies":"Time Eater","floor":50.0,"turns":12.0},{"damage":8.0,"enemies":"Awakened One","floor":51.0,"turns":11.0},{"damage":42.0,"enemies":"Shield and Spear","floor":55.0,"turns":9.0},{"damage":28,"enemies":"The Heart","floor":56,"turns":9}],"seed_played":"5399279869123495042","potions_obtained":[{"floor":8.0,"key":"Fire Potion"},{"floor":11.0,"key":"FearPotion"},{"floor":14.0,"key":"SneckoOil"},{"floor":17.0,"key":"Swift Potion"},{"floor":24.0,"key":"FocusPotion"},{"floor":31.0,"key":"Explosive Potion"},{"floor":38.0,"key":"SpeedPotion"},{"floor":46.0,"key":"FocusPotion"}],"is_trial":false,"path_per_floor":["M","M","?","?","$","R","?","E","T","R","E","M","E","M","R","B",null,"M","$","M","?","?","R","M","R","T","R","E","R","$","M","R","B",null,"M","?","?","M","M","R","M","R","T","M","M","E","$","?","R","B","B",null,"R","$","E","B",null],"character_chosen":"DEFECT","items_purchased":["Cold Snap","Compile Driver","Sundial","OrangePellets","Hologram","Weak Potion"],"campfire_rested":0,"item_purchase_floors":[5,5,19,47,54,54],"current_hp_per_floor":[64,64,57,57,57,57,57,57,57,57,44,46,36,35,35,37,68,70,70,58,58,39,39,39,39,39,39,32,32,32,34,34,10,60,62,62,62,64,66,66,67,67,67,69,71,71,71,73,73,62,56,71,71,71,31,5],"gold":60,"neow_bonus":"THREE_ENEMY_KILL","is_prod":false,"is_daily":false,"chose_seed":false,"campfire_upgraded":11,"win_rate":0,"timestamp":1555777327,"path_taken":["M","M","?","?","?","R","?","E","T","R","E","M","E","M","R","BOSS","M","$","M","?","?","R","M","R","T","R","E","R","$","?","R","BOSS","M","?","?","?","M","R","M","R","T","M","M","E","$","?","R","BOSS","BOSS","R","$","E","BOSS"],"build_version":"2019-01-23","purchased_purges":2,"victory":true,"max_hp_per_floor":[71,71,71,71,71,71,71,71,71,71,71,71,71,71,71,71,76,76,76,76,76,76,76,76,76,76,76,76,76,76,76,76,76,76,76,76,76,76,76,76,76,76,76,76,76,76,76,76,76,76,76,76,76,76,76,76],"card_choices":[{"not_picked":["Steam","Go for the Eyes","Streamline"],"picked":"SKIP","floor":1.0},{"not_picked":["Chaos","Fusion"],"picked":"Skim","floor":2.0},{"not_picked":["Reboot","Hologram"],"picked":"Coolheaded","floor":8.0},{"not_picked":["Stack","Gash","Redo"],"picked":"SKIP","floor":11.0},{"not_picked":["Steam","Force Field"],"picked":"Melter","floor":12.0},{"not_picked":["Turbo","Rebound"],"picked":"Blizzard","floor":13.0},{"not_picked":["Redo","Storm"],"picked":"Glacier","floor":14.0},{"not_picked":["Amplify","Reboot"],"picked":"Core Surge","floor":16.0},{"not_picked":["Redo","Barrage"],"picked":"Fusion","floor":17.0},{"not_picked":["Steam+1","Aggregate"],"picked":"Recycle","floor":18.0},{"not_picked":["Beam Cell","Compile Driver"],"picked":"Double Energy+1","floor":20.0},{"not_picked":["Barrage+1","Ball Lightning"],"picked":"Go for the Eyes+1","floor":22.0},{"not_picked":["Leap","Compile Driver+1"],"picked":"Glacier","floor":24.0},{"not_picked":["Doom and Gloom+1","Hello World","Recycle"],"picked":"SKIP","floor":28.0},{"not_picked":["Barrage","Ball Lightning","Rip and Tear+1"],"picked":"SKIP","floor":31.0},{"not_picked":["Barrage","Rip and Tear+1"],"picked":"Ball Lightning","floor":31.0},{"not_picked":["Fission","Electrodynamics"],"picked":"Creative AI","floor":33.0},{"not_picked":["Doom and Gloom","Hello World"],"picked":"Hologram+1","floor":35.0},{"not_picked":["Undo+1","Streamline+1"],"picked":"Compile Driver+1","floor":38.0},{"not_picked":["Chill","Sweeping Beam+1"],"picked":"Skim+1","floor":39.0},{"not_picked":["Ball Lightning","Compile Driver"],"picked":"Loop+1","floor":41.0},{"not_picked":["Steam","Self Repair","Compile Driver"],"picked":"SKIP","floor":44.0},{"not_picked":["Hologram","Leap+1"],"picked":"Tempest","floor":45.0},{"not_picked":["Aggregate","Rebound"],"picked":"Stack+1","floor":46.0},{"not_picked":["Seek","Hologram"],"picked":"Heatsinks+1","floor":48.0},{"not_picked":["Barrage","Sweeping Beam+1"],"picked":"Steam+1","floor":55.0}],"player_experience":1437055,"relics_obtained":[{"floor":8.0,"key":"StoneCalendar"},{"floor":9.0,"key":"Gambling Chip"},{"floor":11.0,"key":"Blood Vial"},{"floor":13.0,"key":"Thread and Needle"},{"floor":22.0,"key":"Red Mask"},{"floor":26.0,"key":"Bag of Marbles"},{"floor":28.0,"key":"Boot"},{"floor":46.0,"key":"Juzu Bracelet"},{"floor":55.0,"key":"Bag of Preparation"}],"event_choices":[{"cards_removed":["Strike_B"],"damage_healed":0.0,"max_hp_gain":0.0,"max_hp_loss":0.0,"gold_gain":0.0,"event_name":"Golden Wing","player_choice":"Card Removal","floor":3.0,"gold_loss":0.0,"damage_taken":7.0},{"damage_healed":0.0,"max_hp_gain":0.0,"max_hp_loss":0.0,"gold_gain":0.0,"event_name":"Liars Game","player_choice":"Ignored","floor":4.0,"gold_loss":0.0,"damage_taken":0.0},{"damage_healed":0.0,"max_hp_gain":0.0,"max_hp_loss":0.0,"gold_gain":0.0,"event_name":"Dead Adventurer","player_choice":"Searched \u00271\u0027 times","floor":7.0,"gold_loss":0.0,"damage_taken":0.0,"relics_obtained":["Ice Cream"]},{"damage_healed":0.0,"max_hp_gain":0.0,"max_hp_loss":0.0,"gold_gain":0.0,"event_name":"Vampires","player_choice":"Ignored","floor":21.0,"gold_loss":0.0,"damage_taken":0.0},{"damage_healed":0.0,"max_hp_gain":0.0,"max_hp_loss":0.0,"gold_gain":0.0,"event_name":"Masked Bandits","player_choice":"Fought Bandits","floor":22.0,"gold_loss":0.0,"damage_taken":0.0},{"cards_removed":["Compile Driver"],"damage_healed":0.0,"max_hp_gain":0.0,"max_hp_loss":0.0,"gold_gain":0.0,"event_name":"Falling","player_choice":"Removed Attack","floor":36.0,"gold_loss":0.0,"damage_taken":0.0},{"cards_removed":["Strike_B"],"damage_healed":0.0,"max_hp_gain":0.0,"max_hp_loss":0.0,"gold_gain":0.0,"event_name":"Bonfire Elementals","player_choice":"Offered Basic","floor":37.0,"gold_loss":0.0,"damage_taken":0.0},{"damage_healed":0.0,"max_hp_gain":0.0,"max_hp_loss":0.0,"gold_gain":0.0,"event_name":"MindBloom","player_choice":"Fight","floor":48.0,"gold_loss":0.0,"damage_taken":0.0}],"is_beta":false,"boss_relics":[{"not_picked":["Cursed Key","Busted Crown"],"picked":"Tiny House"},{"not_picked":["Lizard Tail","Philosopher\u0027s Stone"],"picked":"Runic Pyramid"}],"items_purged_floors":[30,47],"is_endless":false,"potions_floor_spawned":[8,11,14,18,20,24,31,38,46],"ascension_level":20}