{"gold_per_floor":[112,92,103,28,47,47,64,64,64,82,117,134,134,151,151,227,227,202,217,217,237,248,248],"floor_reached":23,"playtime":773,"items_purged":["Strike_R"],"score":355,"play_id":"9683bec3-23df-4de7-aee2-97d3c0878332","local_time":"20190507165453","is_ascension_mode":true,"campfire_choices":[{"data":"Demon Form","floor":6.0,"key":"SMITH"},{"data":"Shrug It Off","floor":8.0,"key":"SMITH"},{"data":"Sword Boomerang","floor":13.0,"key":"SMITH"},{"floor":15.0,"key":"REST"}],"neow_cost":"PERCENT_DAMAGE","seed_source_timestamp":200357579167700,"circlet_count":0,"master_deck":["AscendersBane","Strike_R","Strike_R","Strike_R","Strike_R","Defend_R","Defend_R","Defend_R","Defend_R","Bash","Demon Form+1","Sword Boomerang+1","Seeing Red","Shrug It Off+1","Shrug It Off","Offering","Impervious","Burning Pact"],"special_seed":0,"relics":["Burning Blood","Molten Egg 2","Pantograph","Busted Crown"],"potions_floor_usage":[],"damage_taken":[{"damage":10.0,"enemies":"Jaw Worm","floor":1.0,"turns":5.0},{"damage":1.0,"enemies":"Cultist","floor":3.0,"turns":3.0},{"damage":8.0,"enemies":"2 Louse","floor":5.0,"turns":3.0},{"damage":9.0,"enemies":"Exordium Wildlife","floor":7.0,"turns":4.0},{"damage":1.0,"enemies":"2 Fungi Beasts","floor":10.0,"turns":4.0},{"damage":10.0,"enemies":"Lagavulin","floor":11.0,"turns":5.0},{"damage":10.0,"enemies":"Gremlin Gang","floor":12.0,"turns":5.0},{"damage":20.0,"enemies":"Lots of Slimes","floor":14.0,"turns":4.0},{"damage":33.0,"enemies":"Slime Boss","floor":16.0,"turns":8.0},{"damage":16.0,"enemies":"2 Thieves","floor":18.0,"turns":5.0},{"damage":0.0,"enemies":"Chosen","floor":19.0,"turns":4.0},{"damage":20.0,"enemies":"Snake Plant","floor":21.0,"turns":5.0},{"damage":19.0,"enemies":"Snecko","floor":22.0,"turns":6.0},{"damage":38,"enemies":"Book of Stabbing","floor":23,"turns":4}],"seed_played":"65473519340604325","potions_obtained":[{"floor":1.0,"key":"SpeedPotion"},{"floor":2.0,"key":"GamblersBrew"},{"floor":10.0,"key":"BloodPotion"},{"floor":14.0,"key":"SmokeBomb"},{"floor":16.0,"key":"Fire Potion"},{"floor":18.0,"key":"Weak Potion"}],"is_trial":false,"path_per_floor":["M","?","M","$","M","R","M","R","T","M","E","M","R","M","R","B",null,"M","M","?","M","M","E"],"character_chosen":"IRONCLAD","items_purchased":[],"campfire_rested":1,"item_purchase_floors":[],"current_hp_per_floor":[46,46,51,51,49,49,46,46,46,51,54,50,50,36,58,48,68,58,64,64,50,37,0],"gold":248,"neow_bonus":"THREE_RARE_CARDS","is_prod":false,"is_daily":false,"chose_seed":false,"campfire_upgraded":3,"win_rate":0,"timestamp":1557219293,"path_taken":["M","?","?","$","M","R","M","R","T","M","E","M","R","?","R","BOSS","M","M","?","M","M","E"],"build_version":"2019-01-23","purchased_purges":1,"victory":false,"max_hp_per_floor":[75,75,75,75,75,75,75,75,75,75,75,75,75,75,75,75,75,75,75,75,75,75,75],"card_choices":[{"not_picked":["Dark Embrace","Brutality"],"picked":"Demon Form","floor":0.0},{"not_picked":["Body Slam","Anger"],"picked":"Sword Boomerang","floor":1.0},{"not_picked":["Iron Wave","Clash"],"picked":"Seeing Red","floor":3.0},{"not_picked":["Corruption","Infernal Blade","Headbutt"],"picked":"SKIP","floor":5.0},{"not_picked":["Burning Pact","Disarm"],"picked":"Shrug It Off","floor":7.0},{"not_picked":["Blood for Blood+1","Headbutt+1","Searing Blow+1"],"picked":"SKIP","floor":10.0},{"not_picked":["Entrench","Combust","Disarm"],"picked":"SKIP","floor":11.0},{"not_picked":["Wild Strike+1","Twin Strike+1"],"picked":"Shrug It Off","floor":12.0},{"not_picked":["Cleave+1","Metallicize"],"picked":"Offering","floor":14.0},{"not_picked":["Barricade","Exhume"],"picked":"Impervious","floor":16.0},{"not_picked":["Burning Pact"],"picked":"SKIP","floor":18.0},{"not_picked":[],"picked":"Burning Pact","floor":18.0},{"not_picked":["Inflame"],"picked":"SKIP","floor":19.0},{"not_picked":["Inflame"],"picked":"SKIP","floor":19.0},{"not_picked":["Clothesline+1"],"picked":"SKIP","floor":21.0},{"not_picked":["True Grit"],"picked":"SKIP","floor":22.0}],"player_experience":576268,"relics_obtained":[{"floor":9.0,"key":"Molten Egg 2"},{"floor":11.0,"key":"Pantograph"}],"event_choices":[{"damage_healed":0.0,"max_hp_gain":0.0,"max_hp_loss":0.0,"gold_gain":0.0,"event_name":"The Woman in Blue","player_choice":"Bought 1 Potion","floor":2.0,"gold_loss":0.0,"damage_taken":0.0},{"damage_healed":0.0,"max_hp_gain":0.0,"max_hp_loss":0.0,"gold_gain":0.0,"event_name":"Ghosts","player_choice":"Ignored","floor":20.0,"gold_loss":0.0,"damage_taken":0.0}],"is_beta":false,"boss_relics":[{"not_picked":["Pandora\u0027s Box","Cursed Key"],"picked":"Busted Crown"}],"items_purged_floors":[4],"is_endless":false,"potions_floor_spawned":[1,10,14,16,18],"killed_by":"Book of Stabbing","ascension_level":16}