{"gold_per_floor":[110,110,285,295,315,343,354,372,372,401,401,436,436,230,230,333,333,351,315,315,315,315,349,349,362,362,362],"floor_reached":27,"playtime":2007,"items_purged":["Doubt"],"score":261,"play_id":"c9cdd547-b1de-42d6-857b-925b579dd50a","local_time":"20190401141855","is_ascension_mode":true,"campfire_choices":[{"floor":11,"key":"REST"},{"floor":15,"key":"RECALL"},{"floor":24,"key":"REST"}],"neow_cost":"NONE","seed_source_timestamp":1698322282887854,"circlet_count":0,"master_deck":["Defend_G+1","Defend_G+1","Defend_G+1","Defend_G+1","Defend_G+1","Strike_G+1","Strike_G+1","Strike_G+1","Strike_G+1","Strike_G+1","Survivor","Neutralize","Infinite Blades","Deadly Poison","Infinite Blades","Blade Dance","Flying Knee","Venomology","Slice","Bane","Distraction","Flying Knee","After Image","Noxious Fumes","Calculated Gamble","Bane","Deadly Poison","Finisher","Calculated Gamble+1","Noxious Fumes","Infinite Blades","Prepared+1"],"relics":["Ring of the Snake","Snake Skull","Pantograph","Orichalcum","Bottled Lightning","Orrery","MutagenicStrength","Dodecahedron","The Courier"],"potions_floor_usage":[7,10,12,16,16,18,18,23,25,27,27],"damage_taken":[{"damage":0,"enemies":"2 Louse","floor":1,"turns":4},{"damage":0,"enemies":"Small Slimes","floor":4,"turns":3},{"damage":7,"enemies":"Jaw Worm","floor":5,"turns":4},{"damage":10,"enemies":"Lagavulin","floor":6,"turns":8},{"damage":0,"enemies":"2 Fungi Beasts","floor":7,"turns":2},{"damage":3,"enemies":"Exordium Thugs","floor":8,"turns":4},{"damage":30,"enemies":"Gremlin Nob","floor":10,"turns":5},{"damage":22,"enemies":"3 Sentries","floor":12,"turns":9},{"damage":9,"enemies":"Hexaghost","floor":16,"turns":9},{"damage":4,"enemies":"2 Thieves","floor":18,"turns":3},{"damage":63,"enemies":"Book of Stabbing","floor":23,"turns":7},{"damage":15,"enemies":"Spheric Guardian","floor":25,"turns":5},{"damage":23,"enemies":"Snake Plant","floor":27,"turns":3}],"seed_played":"-276042698032014355","potions_obtained":[{"floor":1,"key":"Swift Potion"},{"floor":4,"key":"Fire Potion"},{"floor":12,"key":"EntropicBrew"},{"floor":16,"key":"Explosive Potion"}],"is_trial":false,"path_per_floor":["M","?","?","M","M","E","M","M","T","E","R","E","?","$","R","B",null,"M","$","?","?","?","E","R","M","T","M"],"character_chosen":"THE_SILENT","items_purchased":["Distraction","Flying Knee","Noxious Fumes"],"campfire_rested":2,"item_purchase_floors":[14,14,19],"current_hp_per_floor":[77,59,59,59,52,42,42,39,39,9,32,10,10,10,10,26,77,73,73,73,73,73,10,33,18,18,0],"gold":362,"neow_bonus":"TEN_PERCENT_HP_BONUS","is_prod":false,"is_daily":false,"chose_seed":false,"campfire_upgraded":0,"win_rate":0,"timestamp":1554146335,"path_taken":["M","?","?","M","M","E","?","M","T","E","R","E","?","?","R","BOSS","M","$","?","?","?","E","R","M","T","M"],"build_version":"2019-01-23","purchased_purges":1,"victory":false,"max_hp_per_floor":[77,77,77,77,77,77,77,77,77,77,77,77,77,77,77,77,77,77,77,77,77,77,77,77,77,77,77],"card_choices":[{"not_picked":["Crippling Poison","Blade Dance"],"picked":"Infinite Blades","floor":1},{"not_picked":["Dodge and Roll","Slice"],"picked":"Deadly Poison","floor":4},{"not_picked":["Blur","Dodge and Roll"],"picked":"Infinite Blades","floor":5},{"not_picked":["Deadly Poison","Deflect"],"picked":"Blade Dance","floor":6},{"not_picked":["Crippling Poison","Dodge and Roll"],"picked":"Flying Knee","floor":7},{"not_picked":["Acrobatics","Skewer"],"picked":"Venomology","floor":8},{"not_picked":["Eviscerate","Backflip"],"picked":"Slice","floor":10},{"not_picked":["All Out Attack","PiercingWail"],"picked":"Bane","floor":12},{"not_picked":["Unload","Glass Knife"],"picked":"After Image","floor":16},{"not_picked":["Deflect","Flying Knee"],"picked":"Noxious Fumes","floor":17},{"not_picked":["PiercingWail","Acrobatics"],"picked":"Calculated Gamble","floor":17},{"not_picked":["Prepared","PiercingWail"],"picked":"Bane","floor":17},{"not_picked":["Catalyst","Outmaneuver"],"picked":"Deadly Poison","floor":17},{"not_picked":["Dodge and Roll","Concentrate"],"picked":"Finisher","floor":17},{"not_picked":["Eviscerate","Choke"],"picked":"Calculated Gamble+1","floor":18},{"not_picked":["Underhanded Strike","A Thousand Cuts"],"picked":"Infinite Blades","floor":23},{"not_picked":["PiercingWail+1","Concentrate+1"],"picked":"Prepared+1","floor":25}],"player_experience":142029,"relics_obtained":[{"floor":6,"key":"Pantograph"},{"floor":10,"key":"Orichalcum"},{"floor":12,"key":"Bottled Lightning"},{"floor":23,"key":"Dodecahedron"},{"floor":26,"key":"The Courier"}],"event_choices":[{"damage_healed":0,"gold_gain":0,"player_choice":"Success","damage_taken":18,"relics_obtained":["Snake Skull"],"max_hp_gain":0,"max_hp_loss":0,"event_name":"Scrap Ooze","floor":2,"gold_loss":0},{"damage_healed":0,"gold_gain":175,"player_choice":"AGREE","damage_taken":0,"max_hp_gain":0,"max_hp_loss":0,"event_name":"Liars Game","floor":3,"gold_loss":0,"cards_obtained":["Doubt"]},{"damage_healed":0,"gold_gain":0,"player_choice":"Leave","damage_taken":0,"max_hp_gain":0,"max_hp_loss":0,"event_name":"The Cleric","floor":13,"gold_loss":0},{"damage_healed":0,"gold_gain":0,"player_choice":"Inject Mutagens","damage_taken":0,"relics_obtained":["MutagenicStrength"],"max_hp_gain":0,"max_hp_loss":0,"event_name":"Drug Dealer","floor":20,"gold_loss":0},{"damage_healed":0,"gold_gain":0,"player_choice":"Simplicity","damage_taken":0,"max_hp_gain":0,"max_hp_loss":0,"event_name":"Back to Basics","floor":21,"gold_loss":0,"cards_upgraded":["Defend_G","Defend_G","Defend_G","Defend_G","Defend_G","Strike_G","Strike_G","Strike_G","Strike_G","Strike_G"]},{"damage_healed":0,"gold_gain":0,"player_choice":"Ignored","damage_taken":0,"max_hp_gain":0,"max_hp_loss":0,"event_name":"Vampires","floor":22,"gold_loss":0}],"is_beta":false,"boss_relics":[{"not_picked":["Lizard Tail","Busted Crown"],"picked":"Orrery"}],"items_purged_floors":[14],"is_endless":false,"potions_floor_spawned":[1,4,12,16],"killed_by":"Snake Plant","ascension_level":1}