{"gold_per_floor":[115,129,49,63,79,110,121,121,174,202,202,259,259,331,331,434,434,452,452,472,203,219,251,266,266,290,325,337,352,352,352,352,448,448,468,172,184,196,196,196,210,229,229,229,240,240,240,251,251,251,251,251,12,42,42],"floor_reached":56,"playtime":5371,"items_purged":[],"score":1260,"play_id":"9d0031b4-1a69-49d7-b521-10b211cb808c","local_time":"20190430171002","is_ascension_mode":false,"campfire_choices":[{"data":"White Noise","floor":8.0,"key":"SMITH"},{"floor":11.0,"key":"REST"},{"data":"Hologram","floor":13.0,"key":"SMITH"},{"floor":15.0,"key":"RECALL"},{"floor":25.0,"key":"REST"},{"floor":30.0,"key":"REST"},{"data":"Loop","floor":32.0,"key":"SMITH"},{"data":"Echo Form","floor":40.0,"key":"SMITH"},{"floor":44.0,"key":"REST"},{"data":"Loop","floor":47.0,"key":"SMITH"},{"data":"Swift Strike","floor":49.0,"key":"SMITH"},{"data":"Blizzard","floor":52.0,"key":"SMITH"}],"neow_cost":"NONE","seed_source_timestamp":0,"circlet_count":0,"master_deck":["Strike_B","Strike_B","Strike_B","Strike_B","Defend_B","Defend_B","Defend_B","Defend_B","Zap","Dualcast","Coolheaded","Gash","Gash","Coolheaded","White Noise+1","Static Discharge","All For One","Hologram+1","Leap","Leap","Echo Form+1","Go for the Eyes+1","Hologram+1","Loop+1","Glacier+1","Hologram+1","Streamline","Conserve Battery+1","Consume+1","Gash","Force Field+1","Reboot+1","Coolheaded+1","Streamline","Chill+1","Aggregate+1","Stack+1","Beam Cell+1","Blizzard+1","Blind+1","White Noise+1","Gash+1","Leap+1","Barrage","Beam Cell","Swift Strike+1","Loop+1","Stack+1","Seek+1"],"special_seed":0,"relics":["Cracked Core","Bag of Marbles","Art of War","Omamori","Gremlin Horn","Tiny Chest","Calling Bell","Vajra","Toxic Egg 2","Thread and Needle","Spirit Poop","Membership Card","Dream Catcher","Happy Flower","DataDisk","Centennial Puzzle","Orrery","Pantograph","Lee\u0027s Waffle","Ice Cream","Medical Kit","Bag of Preparation"],"potions_floor_usage":[55],"damage_taken":[{"damage":0.0,"enemies":"2 Louse","floor":1.0,"turns":1.0},{"damage":6.0,"enemies":"Small Slimes","floor":2.0,"turns":3.0},{"damage":0.0,"enemies":"Cultist","floor":4.0,"turns":3.0},{"damage":7.0,"enemies":"2 Fungi Beasts","floor":5.0,"turns":4.0},{"damage":12.0,"enemies":"Lagavulin","floor":6.0,"turns":9.0},{"damage":9.0,"enemies":"Blue Slaver","floor":7.0,"turns":3.0},{"damage":24.0,"enemies":"3 Sentries","floor":10.0,"turns":6.0},{"damage":1.0,"enemies":"Gremlin Nob","floor":12.0,"turns":3.0},{"damage":19.0,"enemies":"The Guardian","floor":16.0,"turns":11.0},{"damage":11.0,"enemies":"Spheric Guardian","floor":18.0,"turns":5.0},{"damage":22.0,"enemies":"3 Byrds","floor":20.0,"turns":5.0},{"damage":9.0,"enemies":"Shelled Parasite and Fungi","floor":22.0,"turns":8.0},{"damage":18.0,"enemies":"Book of Stabbing","floor":23.0,"turns":5.0},{"damage":6.0,"enemies":"Snecko","floor":24.0,"turns":6.0},{"damage":44.0,"enemies":"Slavers","floor":27.0,"turns":7.0},{"damage":2.0,"enemies":"Snake Plant","floor":28.0,"turns":7.0},{"damage":1.0,"enemies":"Sentry and Sphere","floor":29.0,"turns":4.0},{"damage":0.0,"enemies":"Champ","floor":33.0,"turns":13.0},{"damage":1.0,"enemies":"3 Darklings","floor":35.0,"turns":11.0},{"damage":2.0,"enemies":"Orb Walker","floor":37.0,"turns":5.0},{"damage":1.0,"enemies":"Jaw Worm Horde","floor":38.0,"turns":4.0},{"damage":8.0,"enemies":"Sphere and 2 Shapes","floor":41.0,"turns":10.0},{"damage":31.0,"enemies":"Maw","floor":42.0,"turns":11.0},{"damage":5.0,"enemies":"Spire Growth","floor":45.0,"turns":7.0},{"damage":8.0,"enemies":"Jaw Worm Horde","floor":48.0,"turns":5.0},{"damage":37.0,"enemies":"Donu and Deca","floor":50.0,"turns":15.0},{"damage":24.0,"enemies":"Shield and Spear","floor":54.0,"turns":9.0},{"damage":39,"enemies":"The Heart","floor":55,"turns":11}],"seed_played":"5601630126915534844","potions_obtained":[{"floor":6.0,"key":"EntropicBrew"},{"floor":7.0,"key":"Weak Potion"},{"floor":12.0,"key":"Energy Potion"},{"floor":16.0,"key":"Dexterity Potion"},{"floor":20.0,"key":"Weak Potion"},{"floor":22.0,"key":"AttackPotion"},{"floor":23.0,"key":"Regen Potion"},{"floor":33.0,"key":"Explosive Potion"},{"floor":37.0,"key":"Dexterity Potion"},{"floor":42.0,"key":"LiquidBronze"},{"floor":45.0,"key":"Fire Potion"}],"is_trial":false,"path_per_floor":["M","M","$","M","M","E","M","R","T","E","R","E","R","?","R","B",null,"M","?","M","$","M","E","M","R","T","E","M","M","R","?","R","B",null,"M","$","M","M","?","R","M","M","T","R","M","?","R","M","R","B",null,"R","$","E","B",null],"character_chosen":"DEFECT","items_purchased":["Gash","Coolheaded","Membership Card","Dream Catcher","Blizzard","Pantograph","Lee\u0027s Waffle","Blind+1","Ice Cream","Medical Kit"],"campfire_rested":4,"item_purchase_floors":[3,3,21,21,36,36,36,36,53,53],"current_hp_per_floor":[75,69,69,69,62,50,41,41,41,17,39,38,38,38,38,19,75,64,64,42,42,33,15,21,43,43,13,11,10,32,32,32,32,75,74,82,80,79,82,82,74,43,43,67,62,62,62,54,54,42,82,82,82,58,43],"gold":42,"neow_bonus":"RANDOM_COMMON_RELIC","is_prod":false,"is_daily":false,"chose_seed":false,"campfire_upgraded":7,"win_rate":0,"timestamp":1556662202,"path_taken":["M","M","$","M","M","E","M","R","T","E","R","E","R","?","R","BOSS","M","?","M","$","?","E","M","R","T","E","M","M","R","?","R","BOSS","M","$","M","M","?","R","?","M","T","R","M","?","R","?","R","BOSS","R","$","E","BOSS"],"build_version":"2019-01-23","purchased_purges":0,"victory":true,"max_hp_per_floor":[75,75,75,75,75,75,75,75,75,75,75,75,75,75,75,75,75,75,75,75,75,75,75,75,75,75,75,75,75,75,75,75,75,75,75,82,82,82,82,82,82,82,82,82,82,82,82,82,82,82,82,82,82,82,82],"card_choices":[{"not_picked":["Redo","Go for the Eyes"],"picked":"Coolheaded","floor":1.0},{"not_picked":["Hello World","Turbo"],"picked":"Gash","floor":2.0},{"not_picked":["Hello World","Sunder"],"picked":"White Noise","floor":4.0},{"not_picked":["Compile Driver","Thunder Strike"],"picked":"Static Discharge","floor":5.0},{"not_picked":["Buffer","FTL"],"picked":"All For One","floor":6.0},{"not_picked":["Chill","Barrage"],"picked":"Hologram","floor":7.0},{"not_picked":["Beam Cell","Ball Lightning"],"picked":"Leap","floor":10.0},{"not_picked":["Sweeping Beam","Amplify"],"picked":"Leap","floor":12.0},{"not_picked":["Rainbow","Seek"],"picked":"Echo Form","floor":16.0},{"not_picked":["Genetic Algorithm+1","Turbo+1"],"picked":"Go for the Eyes+1","floor":18.0},{"not_picked":["Genetic Algorithm+1","Redo+1"],"picked":"Hologram+1","floor":20.0},{"not_picked":["Beam Cell","Auto Shields+1"],"picked":"Loop","floor":22.0},{"not_picked":["Stack+1","Beam Cell"],"picked":"Glacier+1","floor":23.0},{"not_picked":["Go for the Eyes","BootSequence+1"],"picked":"Hologram+1","floor":24.0},{"not_picked":["Capacitor","Recycle+1"],"picked":"Streamline","floor":25.0},{"not_picked":["Hyperbeam","Static Discharge"],"picked":"Conserve Battery+1","floor":27.0},{"not_picked":["Hologram+1","Aggregate+1"],"picked":"Consume+1","floor":28.0},{"not_picked":["Heatsinks","Storm+1"],"picked":"Gash","floor":29.0},{"not_picked":["Conserve Battery+1","Leap+1"],"picked":"Force Field+1","floor":30.0},{"not_picked":["Meteor Strike","Rainbow+1"],"picked":"Reboot+1","floor":33.0},{"not_picked":["Undo+1","Steam+1"],"picked":"Coolheaded+1","floor":34.0},{"not_picked":["Compile Driver","Hologram+1"],"picked":"Streamline","floor":34.0},{"not_picked":["Streamline+1","Go for the Eyes"],"picked":"Chill+1","floor":34.0},{"not_picked":["Rebound","Leap+1"],"picked":"Aggregate+1","floor":34.0},{"not_picked":["Capacitor+1","Hologram+1"],"picked":"Stack+1","floor":34.0},{"not_picked":["Hello World","Reprogram+1"],"picked":"Beam Cell+1","floor":35.0},{"not_picked":["Creative AI","Melter+1"],"picked":"White Noise+1","floor":37.0},{"not_picked":["Sweeping Beam","Coolheaded+1","Turbo+1"],"picked":"SKIP","floor":38.0},{"not_picked":["FTL+1","Rebound+1"],"picked":"Gash+1","floor":41.0},{"not_picked":["Fission+1","Conserve Battery+1"],"picked":"Leap+1","floor":42.0},{"not_picked":["Sweeping Beam+1","Force Field+1"],"picked":"Barrage","floor":44.0},{"not_picked":["Barrage+1","Coolheaded+1"],"picked":"Beam Cell","floor":45.0},{"not_picked":["Beam Cell+1","Consume+1"],"picked":"Stack+1","floor":48.0},{"not_picked":["Beam Cell+1","Electrodynamics"],"picked":"Seek+1","floor":54.0}],"player_experience":246979,"relics_obtained":[{"floor":6.0,"key":"Art of War"},{"floor":9.0,"key":"Omamori"},{"floor":10.0,"key":"Gremlin Horn"},{"floor":12.0,"key":"Tiny Chest"},{"floor":17.0,"key":"Vajra"},{"floor":17.0,"key":"Toxic Egg 2"},{"floor":17.0,"key":"Thread and Needle"},{"floor":23.0,"key":"Happy Flower"},{"floor":26.0,"key":"DataDisk"},{"floor":27.0,"key":"Centennial Puzzle"},{"floor":54.0,"key":"Bag of Preparation"}],"event_choices":[{"damage_healed":0.0,"max_hp_gain":0.0,"max_hp_loss":0.0,"gold_gain":72.0,"event_name":"Golden Wing","player_choice":"Gained Gold","floor":14.0,"gold_loss":0.0,"damage_taken":0.0},{"cards_removed":["Regret"],"damage_healed":0.0,"max_hp_gain":0.0,"max_hp_loss":0.0,"gold_gain":0.0,"event_name":"Bonfire Elementals","player_choice":"Offered Curse","floor":19.0,"gold_loss":0.0,"damage_taken":0.0,"relics_obtained":["Spirit Poop"]},{"damage_healed":0.0,"max_hp_gain":0.0,"max_hp_loss":0.0,"gold_gain":0.0,"event_name":"Beggar","player_choice":"Ignored","floor":31.0,"gold_loss":0.0,"damage_taken":0.0},{"damage_healed":3.0,"max_hp_gain":0.0,"max_hp_loss":0.0,"gold_gain":0.0,"event_name":"Wheel of Change","player_choice":"Full Heal","floor":39.0,"gold_loss":0.0,"damage_taken":0.0},{"damage_healed":0.0,"max_hp_gain":0.0,"max_hp_loss":0.0,"gold_gain":0.0,"event_name":"Match and Keep!","player_choice":"2 cards matched","floor":46.0,"gold_loss":0.0,"damage_taken":0.0,"cards_obtained":["Swift Strike","Loop"]}],"is_beta":false,"boss_relics":[{"not_picked":["Nuclear Battery","Astrolabe"],"picked":"Calling Bell"},{"not_picked":["White Beast Statue","Runic Dome"],"picked":"Orrery"}],"items_purged_floors":[],"is_endless":false,"potions_floor_spawned":[6,7,12,16,20,22,23,33,37,42,45],"ascension_level":0}