{"gold_per_floor":[119,119,194,210,210,238,24,24,49,100,112,122,122,132,132,230,230,249,249,249,30,0],"floor_reached":22,"playtime":966,"items_purged":[],"score":232,"play_id":"5c6c5e51-c809-4be9-9cc0-34d974a7ee1f","local_time":"20190429182816","is_ascension_mode":false,"campfire_choices":[{"floor":8,"key":"RECALL"},{"data":"Apotheosis","floor":13,"key":"SMITH"},{"floor":15,"key":"REST"}],"neow_cost":"NONE","seed_source_timestamp":276708610124157,"circlet_count":0,"master_deck":["Defend_B","Defend_B","Defend_B","Defend_B","Zap","Dualcast","Doom and Gloom","Regret","Glacier","Glacier","Apotheosis+1","Melter","White Noise","Defragment","Hologram","All For One","Turbo","Bite","Bite","Bite","Bite","Bite","Loop","Gash","Go for the Eyes","Tempest"],"relics":["Cracked Core","NeowsBlessing","Gremlin Horn","Vajra","Question Card","Runic Pyramid"],"potions_floor_usage":[18],"damage_taken":[{"damage":0,"enemies":"2 Louse","floor":1,"turns":1},{"damage":0,"enemies":"Jaw Worm","floor":4,"turns":1},{"damage":0,"enemies":"Gremlin Nob","floor":6,"turns":1},{"damage":2,"enemies":"Small Slimes","floor":11,"turns":3},{"damage":5,"enemies":"Looter","floor":12,"turns":3},{"damage":0,"enemies":"3 Louse","floor":14,"turns":2},{"damage":21,"enemies":"Slime Boss","floor":16,"turns":13},{"damage":36,"enemies":"3 Byrds","floor":18,"turns":4},{"damage":35,"enemies":"2 Thieves","floor":22,"turns":2}],"seed_played":"-1290247143386926675","potions_obtained":[{"floor":6,"key":"Poison Potion"},{"floor":11,"key":"Strength Potion"},{"floor":14,"key":"Dexterity Potion"},{"floor":18,"key":"FocusPotion"}],"is_trial":false,"path_per_floor":["M","?","?","M","?","E","$","R","T","?","M","M","R","M","R","B",null,"M","?","?","$","M"],"character_chosen":"DEFECT","items_purchased":["Apotheosis","Melter","Loop","Gash","Go for the Eyes","Tempest"],"campfire_rested":1,"item_purchase_floors":[7,7,21,21,21,21],"current_hp_per_floor":[75,75,64,64,52,52,52,52,52,52,50,45,45,45,67,46,75,39,25,25,25,0],"gold":0,"neow_bonus":"THREE_ENEMY_KILL","is_prod":false,"is_daily":false,"chose_seed":false,"campfire_upgraded":1,"win_rate":0,"timestamp":1556587696,"path_taken":["M","?","?","M","?","E","?","R","T","?","M","M","R","M","R","BOSS","M","?","?","?","M"],"build_version":"2019-01-23","purchased_purges":0,"victory":false,"max_hp_per_floor":[75,75,75,75,75,75,75,75,75,75,75,75,75,75,75,75,75,75,80,56,56,56],"card_choices":[{"not_picked":["Conserve Battery","BootSequence"],"picked":"Doom and Gloom","floor":1},{"not_picked":["Streamline","Beam Cell"],"picked":"Glacier","floor":4},{"not_picked":["Cold Snap","Recycle"],"picked":"Glacier","floor":6},{"not_picked":["Turbo","Auto Shields","Compile Driver"],"picked":"White Noise","floor":11},{"not_picked":["Steam","Gash","Cold Snap"],"picked":"Defragment","floor":12},{"not_picked":["Glacier","Steam Power","Genetic Algorithm"],"picked":"Hologram","floor":14},{"not_picked":["Amplify","Thunder Strike","Machine Learning"],"picked":"All For One","floor":16},{"not_picked":["Go for the Eyes+1","Consume","Streamline"],"picked":"Turbo","floor":18}],"player_experience":513499,"relics_obtained":[{"floor":6,"key":"Question Card"}],"event_choices":[{"damage_healed":0,"gold_gain":0,"player_choice":"Box","damage_taken":0,"relics_obtained":["Gremlin Horn"],"max_hp_gain":0,"max_hp_loss":0,"event_name":"Big Fish","floor":2,"gold_loss":0,"cards_obtained":["Regret"]},{"damage_healed":0,"gold_gain":75,"player_choice":"Gather Gold","damage_taken":11,"max_hp_gain":0,"max_hp_loss":0,"event_name":"World of Goop","floor":3,"gold_loss":0},{"damage_healed":0,"gold_gain":0,"player_choice":"Success","damage_taken":12,"relics_obtained":["Vajra"],"max_hp_gain":0,"max_hp_loss":0,"event_name":"Scrap Ooze","floor":5,"gold_loss":0},{"damage_healed":0,"gold_gain":51,"player_choice":"Gained Gold","damage_taken":0,"max_hp_gain":0,"max_hp_loss":0,"event_name":"Golden Wing","floor":10,"gold_loss":0},{"damage_healed":0,"gold_gain":0,"player_choice":"Shed Blood","damage_taken":19,"max_hp_gain":5,"max_hp_loss":0,"event_name":"Forgotten Altar","floor":19,"gold_loss":0},{"damage_healed":0,"gold_gain":0,"player_choice":"Became a vampire","damage_taken":0,"max_hp_gain":0,"max_hp_loss":24,"event_name":"Vampires","floor":20,"gold_loss":0,"cards_obtained":["Bite","Bite","Bite","Bite","Bite"]}],"is_beta":false,"boss_relics":[{"not_picked":["Coffee Dripper","Astrolabe"],"picked":"Runic Pyramid"}],"items_purged_floors":[],"is_endless":false,"potions_floor_spawned":[6,11,14,18],"killed_by":"2 Thieves","ascension_level":0}