{"gold_per_floor":[113,133,133,133,152,185,28,28,53,70,70],"floor_reached":11,"playtime":342,"items_purged":[],"score":146,"play_id":"651ade08-d5d9-42ff-a722-bc8a57e1af1a","local_time":"20190205142208","is_ascension_mode":true,"campfire_choices":[{"data":"Noxious Fumes","floor":8,"key":"SMITH"}],"neow_cost":"NONE","seed_source_timestamp":69841211833588,"circlet_count":0,"master_deck":["AscendersBane","Defend_G","Defend_G","Defend_G","Defend_G","Defend_G","Strike_G","Strike_G","Strike_G","Strike_G","Strike_G","Survivor","Neutralize","Well Laid Plans","Noxious Fumes+1","Regret","Heel Hook","Terror","Footwork","Burst","PiercingWail"],"relics":["Ring of the Snake","NeowsBlessing","Anchor","Regal Pillow","Bag of Preparation"],"potions_floor_usage":[6,6],"damage_taken":[{"damage":0,"enemies":"Cultist","floor":1,"turns":1},{"damage":0,"enemies":"2 Louse","floor":2,"turns":2},{"damage":0,"enemies":"Jaw Worm","floor":5,"turns":1},{"damage":30,"enemies":"3 Sentries","floor":6,"turns":8},{"damage":3,"enemies":"Red Slaver","floor":10,"turns":5},{"damage":52,"enemies":"Gremlin Nob","floor":11,"turns":4}],"seed_played":"-5223184431419022742","potions_obtained":[{"floor":1,"key":"Poison Potion"},{"floor":2,"key":"Weak Potion"}],"is_trial":false,"path_per_floor":["M","M","?","?","M","E","$","R","T","M","E"],"character_chosen":"THE_SILENT","items_purchased":["Footwork","Burst"],"campfire_rested":0,"item_purchase_floors":[7,7],"current_hp_per_floor":[59,59,59,59,59,29,29,29,29,26,0],"gold":70,"neow_bonus":"THREE_ENEMY_KILL","is_prod":false,"is_daily":false,"chose_seed":false,"campfire_upgraded":1,"win_rate":0,"timestamp":1549394528,"path_taken":["M","?","?","?","M","E","$","R","T","M","E"],"build_version":"2019-01-23","purchased_purges":0,"victory":false,"max_hp_per_floor":[66,66,66,66,66,66,66,66,66,66,66],"card_choices":[{"not_picked":["Eviscerate","Underhanded Strike"],"picked":"Well Laid Plans","floor":1},{"not_picked":["Footwork","Backflip"],"picked":"Noxious Fumes","floor":2},{"not_picked":["Quick Slash","Backflip"],"picked":"Heel Hook","floor":5},{"not_picked":["Slice","Caltrops"],"picked":"Terror","floor":6},{"not_picked":["Underhanded Strike","Outmaneuver"],"picked":"PiercingWail","floor":10}],"player_experience":818607,"relics_obtained":[{"floor":6,"key":"Regal Pillow"},{"floor":9,"key":"Bag of Preparation"}],"event_choices":[{"damage_healed":0,"gold_gain":0,"player_choice":"Box","damage_taken":0,"relics_obtained":["Anchor"],"max_hp_gain":0,"max_hp_loss":0,"event_name":"Big Fish","floor":3,"gold_loss":0,"cards_obtained":["Regret"]},{"damage_healed":0,"gold_gain":0,"player_choice":"Fled","damage_taken":0,"max_hp_gain":0,"max_hp_loss":0,"event_name":"Scrap Ooze","floor":4,"gold_loss":0}],"is_beta":false,"boss_relics":[],"items_purged_floors":[],"is_endless":false,"potions_floor_spawned":[1,2],"killed_by":"Gremlin Nob","ascension_level":20}