{"gold_per_floor":[113,126,126,140,140,184,196,224,236,260,292,316,328,340,352,469,481,510,522,534,556,587,599,611],"floor_reached":24,"playtime":1692,"items_purged":[],"score":295,"play_id":"3cf198f8-6c9c-40d7-80fc-353a0106b615","local_time":"20190427232341","is_ascension_mode":true,"campfire_choices":[{"floor":7,"key":"REST"},{"data":"Glacier","floor":13,"key":"SMITH"},{"floor":15,"key":"REST"},{"data":"Creative AI","floor":23,"key":"SMITH"}],"neow_cost":"NONE","seed_source_timestamp":350339514962800,"circlet_count":0,"master_deck":["Defend_B","Defend_B","Defend_B","Defend_B","Zap","Dualcast","Leap","Cold Snap","Blizzard","Leap","Ball Lightning","Glacier+1","Barrage","Creative AI+1","RitualDagger","Bite","Bite","Bite","Bite","Bite","Hologram","Consume"],"relics":["Cracked Core","Centennial Puzzle","MawBank","Letter Opener","Potion Belt","Inserter"],"potions_floor_usage":[8,10,16,21,24,24],"damage_taken":[{"damage":2,"enemies":"Jaw Worm","floor":1,"turns":4},{"damage":0,"enemies":"Cultist","floor":2,"turns":3},{"damage":0,"enemies":"Small Slimes","floor":4,"turns":2},{"damage":35,"enemies":"Lagavulin","floor":6,"turns":8},{"damage":0,"enemies":"3 Louse","floor":8,"turns":3},{"damage":4,"enemies":"Exordium Wildlife","floor":10,"turns":4},{"damage":6,"enemies":"Gremlin Gang","floor":11,"turns":4},{"damage":0,"enemies":"2 Fungi Beasts","floor":12,"turns":3},{"damage":42,"enemies":"Hexaghost","floor":16,"turns":11},{"damage":18,"enemies":"Spheric Guardian","floor":18,"turns":6},{"damage":20,"enemies":"Shell Parasite","floor":21,"turns":8},{"damage":22,"enemies":"Centurion and Healer","floor":22,"turns":13},{"damage":59,"enemies":"Gremlin Leader","floor":24,"turns":9}],"seed_played":"2391784616618199890","potions_obtained":[{"floor":6,"key":"EntropicBrew"},{"floor":12,"key":"Regen Potion"},{"floor":16,"key":"Explosive Potion"}],"is_trial":false,"path_per_floor":["M","M","?","M","?","E","R","M","T","M","M","M","R","?","R","B",null,"M","?","?","M","M","R","E"],"character_chosen":"DEFECT","items_purchased":[],"campfire_rested":2,"item_purchase_floors":[],"current_hp_per_floor":[66,66,66,66,63,28,50,50,50,46,40,40,40,33,55,13,60,42,36,36,45,47,47,0],"gold":611,"neow_bonus":"RANDOM_COMMON_RELIC","is_prod":false,"is_daily":false,"chose_seed":false,"campfire_upgraded":2,"win_rate":0,"timestamp":1556421821,"path_taken":["M","M","?","?","?","E","R","M","T","M","M","M","R","?","R","BOSS","M","?","?","M","M","R","E"],"build_version":"2019-01-23","purchased_purges":0,"victory":false,"max_hp_per_floor":[75,75,75,75,75,75,75,75,75,75,75,75,75,75,75,75,75,75,75,52,52,52,52,52],"card_choices":[{"not_picked":["Beam Cell","Barrage"],"picked":"Leap","floor":1},{"not_picked":["Darkness","Redo"],"picked":"Cold Snap","floor":2},{"not_picked":["Skim","Steam Power"],"picked":"Blizzard","floor":4},{"not_picked":["Steam Power","Rebound"],"picked":"Leap","floor":6},{"not_picked":["Multi-Cast","Steam"],"picked":"Ball Lightning","floor":8},{"not_picked":["Melter","Self Repair"],"picked":"Glacier","floor":10},{"not_picked":["Aggregate","Storm","Turbo"],"picked":"SKIP","floor":11},{"not_picked":["Recycle","Consume"],"picked":"Barrage","floor":12},{"not_picked":["Machine Learning","Amplify"],"picked":"Creative AI","floor":16},{"not_picked":["Melter","Redo+1","Steam"],"picked":"SKIP","floor":18},{"not_picked":["Static Discharge","Compile Driver+1"],"picked":"Hologram","floor":21},{"not_picked":["Tempest","Gash"],"picked":"Consume","floor":22}],"player_experience":383918,"relics_obtained":[{"floor":6,"key":"Letter Opener"},{"floor":9,"key":"Potion Belt"}],"event_choices":[{"cards_removed":["Strike_B"],"damage_healed":0,"gold_gain":0,"player_choice":"Offered Basic","damage_taken":0,"max_hp_gain":0,"max_hp_loss":0,"event_name":"Bonfire Elementals","floor":3,"gold_loss":0},{"damage_healed":0,"gold_gain":0,"player_choice":"Success","damage_taken":3,"relics_obtained":["MawBank"],"max_hp_gain":0,"max_hp_loss":0,"event_name":"Scrap Ooze","floor":5,"gold_loss":0},{"cards_removed":["Strike_B"],"damage_healed":0,"gold_gain":0,"player_choice":"Card Removal","damage_taken":7,"max_hp_gain":0,"max_hp_loss":0,"event_name":"Golden Wing","floor":14,"gold_loss":0},{"damage_healed":0,"gold_gain":0,"player_choice":"Joined the Cult","damage_taken":6,"max_hp_gain":0,"max_hp_loss":0,"event_name":"Nest","floor":19,"gold_loss":0,"cards_obtained":["RitualDagger"]},{"damage_healed":0,"gold_gain":0,"player_choice":"Became a vampire","damage_taken":0,"max_hp_gain":0,"max_hp_loss":23,"event_name":"Vampires","floor":20,"gold_loss":0,"cards_obtained":["Bite","Bite","Bite","Bite","Bite"]}],"is_beta":false,"boss_relics":[{"not_picked":["Empty Cage","White Beast Statue"],"picked":"Inserter"}],"items_purged_floors":[],"is_endless":false,"potions_floor_spawned":[6,12,16],"killed_by":"Gremlin Leader","ascension_level":7}