{"gold_per_floor":[113,125,49,59,24,24,24,36,36,63,63,77,88,107,107,184,184,201,89,39,50,62,62,62,62,62,62,62,62,62,95,95,95],"floor_reached":33,"playtime":909,"items_purged":[],"score":530,"play_id":"36529fcd-a6a7-403a-b14d-fd7077838bc2","local_time":"20190427080746","is_ascension_mode":true,"campfire_choices":[{"data":"Evolve","floor":6,"key":"SMITH"},{"floor":15,"key":"REST"},{"floor":23,"key":"REST"},{"data":"Heavy Blade","floor":29,"key":"SMITH"},{"floor":32,"key":"REST"}],"neow_cost":"NONE","seed_source_timestamp":324897426968347,"circlet_count":0,"master_deck":["AscendersBane","Strike_R","Strike_R","Strike_R","Strike_R","Defend_R","Defend_R","Defend_R","Defend_R","Bash","Wild Strike","Blood for Blood","Evolve+1","Dropkick","Sword Boomerang","Heavy Blade+1","Pummel","Havoc","Inflame","Reaper","Shrug It Off+1","Writhe"],"relics":["Burning Blood","Red Skull","Letter Opener","Dodecahedron","Busted Crown","Pantograph","Bag of Marbles","Smiling Mask"],"potions_floor_usage":[8,13,16,21,31],"damage_taken":[{"damage":10,"enemies":"2 Louse","floor":1,"turns":4},{"damage":17,"enemies":"Small Slimes","floor":2,"turns":4},{"damage":7,"enemies":"Cultist","floor":4,"turns":4},{"damage":13,"enemies":"Blue Slaver","floor":8,"turns":2},{"damage":32,"enemies":"Gremlin Nob","floor":10,"turns":4},{"damage":9,"enemies":"Red Slaver","floor":12,"turns":2},{"damage":9,"enemies":"Exordium Wildlife","floor":13,"turns":3},{"damage":11,"enemies":"Exordium Thugs","floor":14,"turns":2},{"damage":41,"enemies":"Hexaghost","floor":16,"turns":7},{"damage":25,"enemies":"Spheric Guardian","floor":18,"turns":4},{"damage":14,"enemies":"3 Byrds","floor":21,"turns":5},{"damage":31,"enemies":"Snecko","floor":22,"turns":4},{"damage":38,"enemies":"Book of Stabbing","floor":31,"turns":4},{"damage":79,"enemies":"Champ","floor":33,"turns":9}],"seed_played":"2727586504025980949","potions_obtained":[{"floor":4,"key":"SteroidPotion"},{"floor":8,"key":"LiquidBronze"},{"floor":12,"key":"SteroidPotion"},{"floor":18,"key":"SteroidPotion"},{"floor":22,"key":"FearPotion"},{"floor":24,"key":"BloodPotion"}],"is_trial":false,"path_per_floor":["M","M","$","M","?","R","?","M","T","E","$","M","M","M","R","B",null,"M","$","?","M","M","R","?","$","T","?","$","R","?","E","R","B"],"character_chosen":"IRONCLAD","items_purchased":["Evolve","FairyPotion"],"campfire_rested":3,"item_purchase_floors":[3,19],"current_hp_per_floor":[64,53,53,52,70,70,70,63,63,37,37,34,31,26,48,13,60,41,41,41,33,18,40,40,40,40,40,40,40,33,8,30,0],"gold":95,"neow_bonus":"RANDOM_COMMON_RELIC","is_prod":false,"is_daily":false,"chose_seed":false,"campfire_upgraded":2,"win_rate":0,"timestamp":1556366866,"path_taken":["M","M","$","M","?","R","?","M","T","E","$","M","?","M","R","BOSS","M","$","?","?","M","R","?","?","T","?","$","R","?","E","R","BOSS"],"build_version":"2019-01-23","purchased_purges":0,"victory":false,"max_hp_per_floor":[75,75,75,75,75,75,75,75,75,75,75,75,75,75,75,75,75,75,75,75,75,75,75,75,75,75,75,75,75,75,75,75,75],"card_choices":[{"not_picked":["Sentinel","Warcry"],"picked":"Wild Strike","floor":1},{"not_picked":["Warcry","Havoc"],"picked":"Blood for Blood","floor":2},{"not_picked":["Searing Blow","Thunderclap"],"picked":"Dropkick","floor":4},{"not_picked":["Shrug It Off","Armaments"],"picked":"Heavy Blade","floor":8},{"not_picked":["Thunderclap","Cleave"],"picked":"Pummel","floor":10},{"not_picked":["Carnage","Fire Breathing"],"picked":"Havoc","floor":12},{"not_picked":["Shrug It Off","Armaments","Warcry"],"picked":"SKIP","floor":13},{"not_picked":["Berserk","Uppercut"],"picked":"Inflame","floor":14},{"not_picked":["Fiend Fire","Juggernaut"],"picked":"Reaper","floor":16},{"not_picked":["Clash"],"picked":"SKIP","floor":18},{"not_picked":[],"picked":"Shrug It Off+1","floor":21},{"not_picked":["Anger"],"picked":"SKIP","floor":22},{"not_picked":["Hemokinesis"],"picked":"SKIP","floor":31}],"player_experience":931436,"relics_obtained":[{"floor":9,"key":"Letter Opener"},{"floor":10,"key":"Dodecahedron"},{"floor":26,"key":"Pantograph"},{"floor":31,"key":"Smiling Mask"}],"event_choices":[{"damage_healed":18,"gold_gain":0,"player_choice":"Healed","damage_taken":0,"max_hp_gain":0,"max_hp_loss":0,"event_name":"The Cleric","floor":5,"gold_loss":35},{"damage_healed":0,"gold_gain":0,"cards_transformed":["Strike_R"],"player_choice":"Transformed","damage_taken":0,"max_hp_gain":0,"max_hp_loss":0,"event_name":"Transmorgrifier","floor":7,"gold_loss":0,"cards_obtained":["Sword Boomerang"]},{"damage_healed":0,"gold_gain":0,"player_choice":"Bet on Murderer","damage_taken":0,"max_hp_gain":0,"max_hp_loss":0,"event_name":"The Joust","floor":20,"gold_loss":50},{"damage_healed":0,"gold_gain":0,"player_choice":"Got Potions","damage_taken":0,"max_hp_gain":0,"max_hp_loss":0,"event_name":"Lab","floor":24,"gold_loss":0},{"damage_healed":0,"gold_gain":0,"player_choice":"Opened","damage_taken":0,"relics_obtained":["Bag of Marbles"],"max_hp_gain":0,"max_hp_loss":0,"event_name":"The Mausoleum","floor":27,"gold_loss":0,"cards_obtained":["Writhe"]},{"damage_healed":0,"gold_gain":0,"player_choice":"","damage_taken":7,"max_hp_gain":0,"max_hp_loss":0,"event_name":"Knowing Skull","floor":30,"potions_obtained":[],"gold_loss":0,"cards_obtained":[]}],"is_beta":false,"boss_relics":[{"not_picked":["Ectoplasm","Tiny House"],"picked":"Busted Crown"}],"items_purged_floors":[],"is_endless":false,"potions_floor_spawned":[4,8,12,18,22],"killed_by":"Champ","ascension_level":20}