{"gold_per_floor":[115,130,148,148,164,164,182,216,216,216],"floor_reached":10,"playtime":1153,"items_purged":[],"score":74,"play_id":"2ff1a60a-d76a-4d7c-9cf9-72237e4e2656","local_time":"20190421214844","is_ascension_mode":true,"campfire_choices":[{"floor":6,"key":"RECALL"}],"neow_cost":"NONE","seed_source_timestamp":37949742822000,"circlet_count":0,"master_deck":["Strike_B","Strike_B+1","Strike_B","Strike_B","Defend_B","Defend_B","Defend_B","Defend_B","Zap","Dualcast","FTL+1","Steam","Coolheaded","Turbo","Leap","Reinforced Body"],"relics":["Cracked Core","Regal Pillow","Potion Belt"],"potions_floor_usage":[8,8,8],"damage_taken":[{"damage":5,"enemies":"Small Slimes","floor":1,"turns":3},{"damage":2,"enemies":"2 Louse","floor":2,"turns":2},{"damage":1,"enemies":"Jaw Worm","floor":3,"turns":3},{"damage":0,"enemies":"Looter","floor":5,"turns":3},{"damage":8,"enemies":"3 Louse","floor":7,"turns":3},{"damage":40,"enemies":"Gremlin Nob","floor":8,"turns":5},{"damage":8,"enemies":"Lots of Slimes","floor":10,"turns":2}],"seed_played":"6421164244161132769","potions_obtained":[{"floor":3,"key":"Energy Potion"},{"floor":5,"key":"Block Potion"},{"floor":7,"key":"SteroidPotion"}],"is_trial":false,"path_per_floor":["M","M","M","?","M","R","M","E","T","M"],"character_chosen":"DEFECT","items_purchased":[],"campfire_rested":0,"item_purchase_floors":[],"current_hp_per_floor":[70,68,67,52,52,52,44,4,4,0],"gold":216,"neow_bonus":"RANDOM_COMMON_RELIC","is_prod":false,"is_daily":false,"chose_seed":false,"campfire_upgraded":0,"win_rate":0,"timestamp":1555876124,"path_taken":["M","M","M","?","M","R","M","E","T","M"],"build_version":"2019-01-23","purchased_purges":0,"victory":false,"max_hp_per_floor":[75,75,75,75,75,75,75,75,75,75],"card_choices":[{"not_picked":["Gash","Steam"],"picked":"FTL","floor":1},{"not_picked":["Lockon","Stack"],"picked":"Steam","floor":2},{"not_picked":["Stack","Turbo"],"picked":"Coolheaded","floor":3},{"not_picked":["Streamline","Gash"],"picked":"Turbo","floor":5},{"not_picked":["FTL","Static Discharge"],"picked":"Leap","floor":7},{"not_picked":["Hello World","Chill"],"picked":"Reinforced Body","floor":8}],"player_experience":145403,"relics_obtained":[{"floor":8,"key":"Potion Belt"}],"event_choices":[{"damage_healed":0,"gold_gain":0,"player_choice":"Entered Light","damage_taken":15,"max_hp_gain":0,"max_hp_loss":0,"event_name":"Shining Light","floor":4,"gold_loss":0,"cards_upgraded":["FTL","Strike_B"]}],"is_beta":false,"boss_relics":[],"items_purged_floors":[],"is_endless":false,"potions_floor_spawned":[3,5,7],"killed_by":"Lots of Slimes","ascension_level":1}