{"gold_per_floor":[114,129,23,23,23,23,42,61,111,130,149,187,187,206,206,331,331,350,313,332,351,370,370,389,389,389,407,426,445,464,14,14,139,139,158,158,491,506,164,164,494,509,509,524,524,58,58,73,73,73],"floor_reached":50,"playtime":3810,"items_purged":["Injury"],"score":555,"play_id":"71410258-9e42-4be8-a69a-85bbc860bb77","local_time":"20190501231106","daily_mods":["Shiny","Green Cards","DeadlyEvents"],"is_ascension_mode":false,"campfire_choices":[{"data":"Buffer","floor":6,"key":"SMITH"},{"floor":13,"key":"REST"},{"data":"Bullet Time","floor":15,"key":"SMITH"},{"floor":23,"key":"REST"},{"floor":25,"key":"REST"},{"floor":32,"key":"REST"},{"data":"Buffer","floor":40,"key":"SMITH"},{"floor":47,"key":"REST"},{"floor":49,"key":"REST"}],"neow_cost":"","seed_source_timestamp":459179479629095,"circlet_count":0,"master_deck":["Venomology","Corpse Explosion","Malaise","Phantasmal Killer","Die Die Die","Adrenaline","Envenom","Doppelganger","Burst","Wraith Form v2","Tools of the Trade","Night Terror","Unload","After Image","Bullet Time+1","Storm of Steel","Glass Knife","A Thousand Cuts","Grand Finale","Multi-Cast","Hyperbeam","Thunder Strike","Biased Cognition","Machine Learning","Electrodynamics","Buffer+1","Rainbow","Seek","Meteor Strike","Echo Form","All For One","Reboot","Amplify","Creative AI","Fission","Core Surge","Static Discharge","Backstab","Static Discharge","Leap","Backstab","Go for the Eyes","White Noise","Flechettes","Endless Agony","Defragment","Buffer+1","FTL+1","Static Discharge","Crippling Poison","Caltrops","Prepared+1","Envenom","Concentrate","Glacier+1","Well Laid Plans+1","Tactician+1","Seek","Prepared","Madness","Madness","Stack+1","Accuracy","All Out Attack","Double Energy","Ball Lightning","Barrage+1","Endless Agony+1","Cold Snap","Backstab","PiercingWail","Footwork+1","Choke+1"],"special_seed":18018,"relics":["Cracked Core","Unceasing Top","Centennial Puzzle","Thread and Needle","Sozu","PreservedInsect","Red Mask","Bottled Flame","Strange Spoon","Runic Pyramid","Oddly Smooth Stone","Old Coin","Prayer Wheel","Ice Cream","Blood Vial","Ancient Tea Set"],"potions_floor_usage":[10,10,10,11,16,16,16,16],"damage_taken":[{"damage":0,"enemies":"Cultist","floor":1,"turns":3},{"damage":0,"enemies":"Small Slimes","floor":2,"turns":3},{"damage":0,"enemies":"2 Louse","floor":7,"turns":1},{"damage":15,"enemies":"Exordium Wildlife","floor":8,"turns":4},{"damage":3,"enemies":"Exordium Thugs","floor":10,"turns":2},{"damage":10,"enemies":"Looter","floor":11,"turns":2},{"damage":1,"enemies":"Lagavulin","floor":12,"turns":6},{"damage":0,"enemies":"Large Slime","floor":14,"turns":4},{"damage":41,"enemies":"The Guardian","floor":16,"turns":8},{"damage":0,"enemies":"2 Thieves","floor":18,"turns":3},{"damage":8,"enemies":"Chosen","floor":20,"turns":5},{"damage":11,"enemies":"Centurion and Healer","floor":21,"turns":2},{"damage":14,"enemies":"Cultist and Chosen","floor":22,"turns":5},{"damage":24,"enemies":"Shelled Parasite and Fungi","floor":24,"turns":7},{"damage":6,"enemies":"Masked Bandits","floor":27,"turns":4},{"damage":13,"enemies":"Snake Plant","floor":28,"turns":4},{"damage":5,"enemies":"Centurion and Healer","floor":29,"turns":5},{"damage":2,"enemies":"Cultist and Chosen","floor":30,"turns":4},{"damage":25,"enemies":"Automaton","floor":33,"turns":7},{"damage":5,"enemies":"Orb Walker","floor":35,"turns":3},{"damage":0,"enemies":"3 Shapes","floor":38,"turns":2},{"damage":3,"enemies":"Reptomancer","floor":41,"turns":5},{"damage":11,"enemies":"Maw","floor":42,"turns":9},{"damage":0,"enemies":"Transient","floor":44,"turns":5},{"damage":22,"enemies":"Spire Growth","floor":48,"turns":4},{"damage":75,"enemies":"Time Eater","floor":50,"turns":10}],"seed_played":"-526792732789097336","potions_obtained":[{"floor":2,"key":"FearPotion"},{"floor":8,"key":"Fire Potion"},{"floor":11,"key":"Explosive Potion"},{"floor":14,"key":"Energy Potion"}],"is_trial":false,"path_per_floor":["M","M","$","?","?","R","M","M","T","M","M","E","R","M","R","B",null,"M","$","M","M","M","R","M","R","T","?","M","M","M","$","R","B",null,"M","?","?","M","$","R","E","M","T","M","T","$","R","M","R","B"],"character_chosen":"DEFECT","items_purchased":["Static Discharge","Leap","Static Discharge","Bottled Flame","Strange Spoon","Accuracy","All Out Attack","Double Energy","Oddly Smooth Stone","Backstab","Blood Vial","Ancient Tea Set","PiercingWail"],"campfire_rested":6,"item_purchase_floors":[3,3,19,31,31,39,39,39,39,46,46,46,46],"current_hp_per_floor":[75,75,75,68,68,68,68,53,53,50,40,39,61,61,61,35,75,75,75,67,56,42,64,40,62,62,56,43,38,36,36,58,33,75,70,61,61,61,61,61,58,47,47,47,47,47,69,49,71,0],"gold":73,"neow_bonus":"","is_prod":false,"is_daily":true,"chose_seed":false,"campfire_upgraded":3,"win_rate":0,"timestamp":1556777466,"path_taken":["M","M","?","?","?","R","?","?","T","M","M","E","R","M","R","BOSS","M","$","M","M","M","R","M","R","T","?","M","?","M","$","R","BOSS","M","?","?","M","?","R","?","?","T","M","?","$","R","M","R","BOSS"],"build_version":"2019-01-23","purchased_purges":1,"victory":false,"max_hp_per_floor":[75,75,75,75,75,75,75,75,75,75,75,75,75,75,75,75,75,75,75,75,75,75,75,75,75,75,75,75,75,75,75,75,75,75,75,75,75,75,75,75,75,75,75,75,75,75,75,75,75,75],"card_choices":[{"not_picked":["Redo","Bane"],"picked":"Static Discharge","floor":1},{"not_picked":["Expertise","Go for the Eyes"],"picked":"Backstab","floor":2},{"not_picked":["Self Repair","Infinite Blades"],"picked":"Backstab","floor":7},{"not_picked":["Dagger Spray","Heel Hook"],"picked":"Go for the Eyes","floor":8},{"not_picked":["Coolheaded","Bane"],"picked":"White Noise","floor":10},{"not_picked":["Force Field","Leap"],"picked":"Flechettes","floor":11},{"not_picked":["Outmaneuver","Coolheaded"],"picked":"Endless Agony","floor":12},{"not_picked":["Cold Snap","Acrobatics"],"picked":"Defragment","floor":14},{"not_picked":["Malaise","Electrodynamics"],"picked":"Buffer","floor":16},{"not_picked":["Acrobatics+1","Beam Cell"],"picked":"FTL+1","floor":18},{"not_picked":["Leap+1","Redo"],"picked":"Crippling Poison","floor":20},{"not_picked":["Capacitor","Hologram+1"],"picked":"Caltrops","floor":21},{"not_picked":["Bane","Skim"],"picked":"Prepared+1","floor":22},{"not_picked":["Blur","Deadly Poison+1"],"picked":"Envenom","floor":24},{"not_picked":["Barrage","Ball Lightning"],"picked":"Concentrate","floor":27},{"not_picked":["Chill","Rebound"],"picked":"Glacier+1","floor":28},{"not_picked":["Backflip","Leg Sweep"],"picked":"Well Laid Plans+1","floor":29},{"not_picked":["Noxious Fumes","Hello World+1"],"picked":"Tactician+1","floor":30},{"not_picked":["Amplify","Buffer"],"picked":"Seek","floor":33},{"not_picked":["Rebound","Steam"],"picked":"Prepared","floor":35},{"not_picked":["Slice+1","Underhanded Strike+1"],"picked":"Stack+1","floor":38},{"not_picked":["FTL+1","Dagger Spray"],"picked":"Ball Lightning","floor":41},{"not_picked":["Steam","White Noise"],"picked":"Barrage+1","floor":42},{"not_picked":["Deadly Poison","Double Energy+1"],"picked":"Endless Agony+1","floor":44},{"not_picked":["Bullet Time","Compile Driver"],"picked":"Cold Snap","floor":44},{"not_picked":["Bane+1","Dodge and Roll"],"picked":"Footwork+1","floor":48},{"not_picked":["Conserve Battery+1","Sucker Punch"],"picked":"Choke+1","floor":48}],"player_experience":524007,"relics_obtained":[{"floor":9,"key":"Centennial Puzzle"},{"floor":12,"key":"Thread and Needle"},{"floor":26,"key":"PreservedInsect"},{"floor":27,"key":"Red Mask"},{"floor":41,"key":"Old Coin"},{"floor":43,"key":"Prayer Wheel"},{"floor":45,"key":"Ice Cream"}],"event_choices":[{"damage_healed":0,"gold_gain":0,"player_choice":"Success","damage_taken":7,"relics_obtained":["Unceasing Top"],"max_hp_gain":0,"max_hp_loss":0,"event_name":"Scrap Ooze","floor":4,"gold_loss":0},{"damage_healed":0,"gold_gain":0,"player_choice":"Take Wound","damage_taken":0,"relics_obtained":["Golden Idol"],"max_hp_gain":0,"max_hp_loss":0,"event_name":"Golden Idol","floor":5,"gold_loss":0,"cards_obtained":["Injury"]},{"damage_healed":0,"gold_gain":0,"player_choice":"Fought Bandits","damage_taken":0,"max_hp_gain":0,"max_hp_loss":0,"event_name":"Masked Bandits","floor":27,"gold_loss":0},{"damage_healed":0,"gold_gain":0,"player_choice":"Embrace Madness","damage_taken":9,"max_hp_gain":0,"max_hp_loss":0,"event_name":"Winding Halls","floor":36,"gold_loss":0,"cards_obtained":["Madness","Madness"]},{"damage_healed":0,"gold_gain":333,"player_choice":"Gave Idol","damage_taken":0,"max_hp_gain":0,"max_hp_loss":0,"event_name":"The Moai Head","floor":37,"relics_lost":["Golden Idol"],"gold_loss":0}],"is_beta":false,"boss_relics":[{"not_picked":["Coffee Dripper","Runic Dome"],"picked":"Sozu"},{"not_picked":["Orrery","Astrolabe"],"picked":"Runic Pyramid"}],"items_purged_floors":[46],"is_endless":false,"potions_floor_spawned":[2,8,11,14,21,22,24,28,33,42,44,48],"killed_by":"Time Eater","ascension_level":0}