{"gold_per_floor":[109,184,184,194,207,207,239,239,312,324,324,324,341,357,357,458,458,442,469,482,99,111,111,145,145,145,145],"floor_reached":27,"playtime":1360,"items_purged":[],"score":268,"play_id":"b963de30-7b59-497b-abe1-25e78cf0c8e5","local_time":"20190507195020","is_ascension_mode":true,"campfire_choices":[{"floor":6,"key":"REST"},{"floor":8,"key":"REST"},{"floor":12,"key":"REST"},{"floor":15,"key":"REST"},{"floor":23,"key":"REST"}],"neow_cost":"NONE","seed_source_timestamp":283513850269400,"circlet_count":0,"master_deck":["Strike_R","Strike_R","Strike_R","Strike_R","Defend_R","Defend_R","Defend_R","Bash","Clothesline","Warcry","Shrug It Off","Flame Barrier","Inflame","Infernal Blade","Shockwave","Cleave","Impervious","Metallicize","Thunderclap"],"relics":["Empty Cage","Bag of Preparation","Darkstone Periapt","Potion Belt","Velvet Choker","Red Mask","Vajra","Toxic Egg 2","Strawberry","Bottled Flame"],"potions_floor_usage":[16,18,19,27,27],"damage_taken":[{"damage":7,"enemies":"2 Louse","floor":1,"turns":4},{"damage":0,"enemies":"Cultist","floor":4,"turns":3},{"damage":5,"enemies":"Small Slimes","floor":5,"turns":3},{"damage":39,"enemies":"Gremlin Nob","floor":7,"turns":5},{"damage":8,"enemies":"Looter","floor":10,"turns":4},{"damage":9,"enemies":"Exordium Wildlife","floor":13,"turns":4},{"damage":9,"enemies":"3 Louse","floor":14,"turns":5},{"damage":41,"enemies":"Slime Boss","floor":16,"turns":11},{"damage":0,"enemies":"2 Thieves","floor":18,"turns":4},{"damage":7,"enemies":"Masked Bandits","floor":19,"turns":4},{"damage":0,"enemies":"Chosen","floor":20,"turns":6},{"damage":9,"enemies":"Snake Plant","floor":22,"turns":4},{"damage":73,"enemies":"Slavers","floor":24,"turns":7},{"damage":17,"enemies":"Sentry and Sphere","floor":27,"turns":7}],"seed_played":"-2249576005201772227","potions_obtained":[{"floor":7,"key":"SneckoOil"},{"floor":14,"key":"Swift Potion"},{"floor":16,"key":"Block Potion"},{"floor":18,"key":"Poison Potion"},{"floor":19,"key":"Weak Potion"}],"is_trial":false,"path_per_floor":["M","?","?","M","M","R","E","R","T","M","?","R","M","M","R","B",null,"M","?","M","$","M","R","E","?","T","M"],"character_chosen":"IRONCLAD","items_purchased":["Vajra","Toxic Egg 2"],"campfire_rested":5,"item_purchase_floors":[21,21],"current_hp_per_floor":[73,62,62,62,57,80,41,65,65,57,57,80,71,62,80,39,80,80,73,73,73,64,80,14,14,14,0],"gold":145,"neow_bonus":"BOSS_RELIC","is_prod":false,"is_daily":false,"chose_seed":false,"campfire_upgraded":0,"win_rate":0,"timestamp":1557273020,"path_taken":["M","?","?","?","M","R","E","R","T","M","?","R","M","M","R","BOSS","M","?","M","$","M","R","E","?","T","M"],"build_version":"2019-01-23","purchased_purges":0,"victory":false,"max_hp_per_floor":[80,80,80,80,80,80,80,80,80,80,80,80,80,80,80,80,80,80,80,80,80,80,80,87,87,87,87],"card_choices":[{"not_picked":["Body Slam","Iron Wave"],"picked":"Clothesline","floor":1},{"not_picked":["Clothesline","Clash"],"picked":"Shrug It Off","floor":4},{"not_picked":["Sever Soul","Clothesline"],"picked":"Flame Barrier","floor":5},{"not_picked":["Sword Boomerang","Havoc"],"picked":"Inflame","floor":7},{"not_picked":["Flame Barrier","Twin Strike"],"picked":"Infernal Blade","floor":10},{"not_picked":["Pummel","Wild Strike"],"picked":"Shockwave","floor":13},{"not_picked":["Body Slam","Heavy Blade"],"picked":"Cleave","floor":14},{"not_picked":["Double Tap","Exhume"],"picked":"Impervious","floor":16},{"not_picked":["Dual Wield","Clothesline","Havoc"],"picked":"SKIP","floor":18},{"not_picked":["Feel No Pain","Ghostly Armor"],"picked":"Metallicize","floor":19},{"not_picked":["Clash","Blood for Blood","Hemokinesis"],"picked":"SKIP","floor":20},{"not_picked":["Wild Strike+1","Iron Wave"],"picked":"Thunderclap","floor":22},{"not_picked":["Headbutt+1","Anger+1","Wild Strike"],"picked":"SKIP","floor":24}],"player_experience":136890,"relics_obtained":[{"floor":7,"key":"Bag of Preparation"},{"floor":9,"key":"Darkstone Periapt"},{"floor":19,"key":"Red Mask"},{"floor":24,"key":"Strawberry"},{"floor":26,"key":"Bottled Flame"}],"event_choices":[{"damage_healed":0,"gold_gain":75,"player_choice":"Gather Gold","damage_taken":11,"max_hp_gain":0,"max_hp_loss":0,"event_name":"World of Goop","floor":2,"gold_loss":0},{"damage_healed":0,"gold_gain":0,"player_choice":"1 cards matched","damage_taken":0,"max_hp_gain":0,"max_hp_loss":0,"event_name":"Match and Keep!","floor":3,"gold_loss":0,"cards_obtained":["Warcry"]},{"damage_healed":0,"gold_gain":0,"player_choice":"Searched \u00271\u0027 times","damage_taken":0,"relics_obtained":["Potion Belt"],"max_hp_gain":0,"max_hp_loss":0,"event_name":"Dead Adventurer","floor":11,"gold_loss":0},{"damage_healed":0,"gold_gain":0,"player_choice":"Fought Bandits","damage_taken":0,"max_hp_gain":0,"max_hp_loss":0,"event_name":"Masked Bandits","floor":19,"gold_loss":0},{"damage_healed":0,"gold_gain":0,"player_choice":"Ignored","damage_taken":0,"max_hp_gain":0,"max_hp_loss":0,"event_name":"Beggar","floor":25,"gold_loss":0}],"is_beta":false,"boss_relics":[{"not_picked":["Runic Dome","Busted Crown"],"picked":"Velvet Choker"}],"items_purged_floors":[],"is_endless":false,"potions_floor_spawned":[7,14,16,18,19],"killed_by":"Sentry and Sphere","ascension_level":3}