{"gold_per_floor":[110,124,45,93,110,110,137,137,137,153,188,206,226,226,226,297,297,309,309,309,80,93,93,125,125],"floor_reached":25,"playtime":1016,"items_purged":[],"score":439,"play_id":"204ad2c2-69aa-4fe3-bbc6-8f9a5e9699b3","local_time":"20181115194847","is_ascension_mode":true,"campfire_choices":[{"data":"Noxious Fumes","floor":6,"key":"SMITH"},{"data":"Bouncing Flask","floor":8,"key":"SMITH"},{"floor":15,"key":"REST"},{"data":"Adrenaline","floor":23,"key":"SMITH"}],"neow_cost":"NONE","seed_source_timestamp":93113077436606,"circlet_count":0,"master_deck":["AscendersBane","Defend_G","Defend_G","Defend_G","Defend_G","Defend_G","Strike_G+1","Strike_G","Strike_G","Strike_G","Strike_G+1","Survivor","Neutralize","Cloak And Dagger","Noxious Fumes+1","Noxious Fumes+1","Blur","Bouncing Flask+1","Acrobatics","Distraction","Dodge and Roll","Adrenaline+1","Adrenaline"],"relics":["Ring of the Snake","NeowsBlessing","Oddly Smooth Stone","Mummified Hand","Pen Nib","Blood Vial","Busted Crown","PrismaticShard","Whetstone"],"potions_floor_usage":[13,24],"damage_taken":[{"damage":0,"enemies":"Cultist","floor":1,"turns":1},{"damage":0,"enemies":"Jaw Worm","floor":2,"turns":1},{"damage":0,"enemies":"2 Louse","floor":5,"turns":2},{"damage":17,"enemies":"Lagavulin","floor":7,"turns":7},{"damage":5,"enemies":"Lots of Slimes","floor":10,"turns":5},{"damage":14,"enemies":"3 Sentries","floor":11,"turns":5},{"damage":6,"enemies":"Large Slime","floor":12,"turns":5},{"damage":18,"enemies":"Exordium Thugs","floor":13,"turns":7},{"damage":21,"enemies":"Hexaghost","floor":16,"turns":9},{"damage":3,"enemies":"Spheric Guardian","floor":18,"turns":5},{"damage":22,"enemies":"Colosseum Slavers","floor":19,"turns":5},{"damage":11,"enemies":"2 Thieves","floor":22,"turns":4},{"damage":12,"enemies":"Gremlin Leader","floor":24,"turns":8},{"damage":20,"enemies":"Sentry and Sphere","floor":25,"turns":5}],"seed_played":"-748844828661649217","potions_obtained":[{"floor":2,"key":"GhostInAJar"},{"floor":5,"key":"SpeedPotion"},{"floor":22,"key":"EssenceOfSteel"}],"is_trial":false,"path_per_floor":["M","M","$","T","M","R","E","R","T","M","E","M","M","?","R","B",null,"M","?","?","$","M","R","E","M"],"character_chosen":"THE_SILENT","items_purchased":["Noxious Fumes","PrismaticShard"],"campfire_rested":1,"item_purchase_floors":[3,21],"current_hp_per_floor":[59,59,59,59,59,59,42,42,42,37,23,19,3,3,22,3,50,49,29,29,29,20,20,10,0],"gold":125,"neow_bonus":"THREE_ENEMY_KILL","is_prod":false,"is_daily":false,"chose_seed":false,"campfire_upgraded":3,"win_rate":0,"timestamp":1542329327,"path_taken":["M","?","$","?","M","R","E","R","T","M","E","M","?","?","R","BOSS","M","?","?","$","?","R","E","M"],"build_version":"2018-11-15","purchased_purges":0,"victory":false,"max_hp_per_floor":[66,66,66,66,66,66,66,66,66,66,66,66,66,66,66,66,66,66,66,66,66,66,66,66,66],"card_choices":[{"not_picked":["Prepared","PiercingWail"],"picked":"Cloak And Dagger","floor":1},{"not_picked":["Predator","Bouncing Flask"],"picked":"Noxious Fumes","floor":2},{"not_picked":["Deflect","Prepared"],"picked":"Blur","floor":5},{"not_picked":["Flying Knee","Quick Slash"],"picked":"Bouncing Flask","floor":7},{"not_picked":["Underhanded Strike","Bouncing Flask"],"picked":"Acrobatics","floor":10},{"not_picked":["Slice","Blur"],"picked":"Distraction","floor":11},{"not_picked":["Flying Knee","Dash"],"picked":"Dodge and Roll","floor":12},{"not_picked":["Skewer","Prepared","Predator"],"picked":"SKIP","floor":13},{"not_picked":["A Thousand Cuts","Envenom"],"picked":"Adrenaline","floor":16},{"not_picked":["Crippling Poison"],"picked":"SKIP","floor":18},{"not_picked":["Tempest"],"picked":"SKIP","floor":22},{"not_picked":["Bloodletting"],"picked":"SKIP","floor":24}],"player_experience":726200,"relics_obtained":[{"floor":4,"key":"Oddly Smooth Stone"},{"floor":7,"key":"Mummified Hand"},{"floor":9,"key":"Pen Nib"},{"floor":11,"key":"Blood Vial"},{"floor":24,"key":"Whetstone"}],"event_choices":[{"damage_healed":0,"gold_gain":0,"player_choice":"Grow","damage_taken":0,"max_hp_gain":0,"max_hp_loss":0,"event_name":"Living Wall","floor":14,"gold_loss":0,"cards_upgraded":["Noxious Fumes"]},{"damage_healed":0,"gold_gain":0,"player_choice":"Fight","damage_taken":0,"max_hp_gain":0,"max_hp_loss":0,"event_name":"Colosseum","floor":19,"gold_loss":0},{"damage_healed":0,"gold_gain":0,"player_choice":"Fled From Nobs","damage_taken":0,"max_hp_gain":0,"max_hp_loss":0,"event_name":"Colosseum","floor":19,"gold_loss":0},{"damage_healed":0,"gold_gain":0,"player_choice":"Copied","damage_taken":0,"max_hp_gain":0,"max_hp_loss":0,"event_name":"Duplicator","floor":20,"gold_loss":0,"cards_obtained":["Adrenaline"]}],"is_beta":false,"boss_relics":[{"not_picked":["Runic Pyramid","Sozu"],"picked":"Busted Crown"}],"items_purged_floors":[],"is_endless":false,"potions_floor_spawned":[2,5,11,19,22],"killed_by":"Sentry and Sphere","ascension_level":18}