{"gold_per_floor":[111,111,36,56,70,105,123,123,123,136,136,146,146,181,181,259,259,271,271,51,51,101,136,148,148,195,195,227,50,50],"floor_reached":30,"playtime":918,"items_purged":["Pain"],"score":602,"play_id":"39608f0c-e874-490d-bd5a-64f992b04782","local_time":"20190317235726","is_ascension_mode":true,"campfire_choices":[{"data":"Zap","floor":8,"key":"SMITH"},{"data":"Creative AI","floor":11,"key":"SMITH"},{"floor":13,"key":"REST"},{"data":"Dualcast","floor":15,"key":"SMITH"},{"floor":25,"key":"REST"},{"data":"Chill","floor":27,"key":"SMITH"}],"neow_cost":"NONE","seed_source_timestamp":1314071775313645,"circlet_count":0,"master_deck":["AscendersBane","Zap+1","Dualcast+1","Hologram","White Noise","Ball Lightning","Chill+1","Undo","Creative AI+1","Leap","Compile Driver","Biased Cognition","Sunder","Redo+1","Sweeping Beam","Beam Cell","Meteor Strike","Meteor Strike","Storm","Machine Learning","Cold Snap","Core Surge","Heatsinks","Hologram","Ghostly+1","Ghostly","Ghostly","Echo Form","Coolheaded+1","Conserve Battery","Double Energy","Panacea"],"relics":["Cracked Core","PreservedInsect","WarpedTongs","WingedGreaves","Kunai","Letter Opener","Pandora\u0027s Box","Enchiridion","Torii","Oddly Smooth Stone","War Paint"],"potions_floor_usage":[16,23,24,28],"damage_taken":[{"damage":0,"enemies":"Cultist","floor":1,"turns":3},{"damage":2,"enemies":"Jaw Worm","floor":4,"turns":4},{"damage":5,"enemies":"Small Slimes","floor":5,"turns":4},{"damage":24,"enemies":"3 Sentries","floor":6,"turns":6},{"damage":3,"enemies":"Blue Slaver","floor":7,"turns":4},{"damage":11,"enemies":"Exordium Thugs","floor":10,"turns":3},{"damage":3,"enemies":"Large Slime","floor":12,"turns":4},{"damage":0,"enemies":"Lagavulin","floor":14,"turns":6},{"damage":26,"enemies":"Slime Boss","floor":16,"turns":9},{"damage":0,"enemies":"Chosen","floor":18,"turns":3},{"damage":26,"enemies":"Gremlin Leader","floor":23,"turns":6},{"damage":1,"enemies":"Shell Parasite","floor":24,"turns":8},{"damage":8,"enemies":"Book of Stabbing","floor":28,"turns":5},{"damage":0,"enemies":"Snake Plant","floor":30,"turns":1}],"seed_played":"-5688514956784319023","potions_obtained":[{"floor":4,"key":"GamblersBrew"},{"floor":5,"key":"Poison Potion"},{"floor":18,"key":"PowerPotion"},{"floor":23,"key":"GamblersBrew"}],"is_trial":false,"path_per_floor":["M","?","$","M","M","E","M","R","T","M","R","M","R","E","R","B",null,"M","?","$","?","?","E","M","R","T","R","E","$","M"],"character_chosen":"DEFECT","items_purchased":["Core Surge","Heatsinks","Hologram","Double Energy","Panacea"],"campfire_rested":2,"item_purchase_floors":[20,20,20,29,29],"current_hp_per_floor":[64,64,64,62,57,33,30,30,30,19,19,16,37,37,37,11,56,56,35,35,35,35,9,8,18,18,18,10,10,10],"gold":50,"neow_bonus":"RANDOM_COMMON_RELIC","is_prod":false,"is_daily":false,"chose_seed":false,"campfire_upgraded":4,"win_rate":0,"timestamp":1552838246,"path_taken":["M","?","$","M","?","E","M","R","T","M","R","M","R","E","R","BOSS","M","?","$","?","?","E","?","R","T","R","E","$","M"],"build_version":"2019-01-23","purchased_purges":1,"victory":false,"max_hp_per_floor":[71,71,71,71,71,71,71,71,71,71,71,71,71,71,71,71,71,71,71,71,35,35,35,35,35,35,35,35,35,35],"card_choices":[{"not_picked":["Stack","Go for the Eyes"],"picked":"Hologram","floor":1},{"not_picked":["Auto Shields","Gash"],"picked":"White Noise","floor":4},{"not_picked":["Sweeping Beam","Rebound"],"picked":"Ball Lightning","floor":5},{"not_picked":["Rip and Tear","Steam"],"picked":"Chill","floor":6},{"not_picked":["Leap","Hello World"],"picked":"Undo","floor":7},{"not_picked":["Gash","Steam Power"],"picked":"Creative AI","floor":10},{"not_picked":["Streamline","Melter"],"picked":"Leap","floor":12},{"not_picked":["Doom and Gloom","Ball Lightning"],"picked":"Compile Driver","floor":14},{"not_picked":["Thunder Strike","Seek"],"picked":"Biased Cognition","floor":16},{"not_picked":["Barrage","Ball Lightning"],"picked":"Cold Snap","floor":18},{"not_picked":["Static Discharge","Gash"],"picked":"Echo Form","floor":23},{"not_picked":["Chill","Barrage"],"picked":"Coolheaded+1","floor":24},{"not_picked":["Redo","Streamline"],"picked":"Conserve Battery","floor":28}],"player_experience":1211328,"relics_obtained":[{"floor":6,"key":"WingedGreaves"},{"floor":9,"key":"Kunai"},{"floor":14,"key":"Letter Opener"},{"floor":19,"key":"Enchiridion"},{"floor":23,"key":"Torii"},{"floor":26,"key":"Oddly Smooth Stone"},{"floor":28,"key":"War Paint"}],"event_choices":[{"damage_healed":0,"gold_gain":0,"player_choice":"Rummage","damage_taken":0,"relics_obtained":["WarpedTongs"],"max_hp_gain":0,"max_hp_loss":0,"event_name":"Accursed Blacksmith","floor":2,"gold_loss":0,"cards_obtained":["Pain"]},{"damage_healed":0,"gold_gain":0,"player_choice":"Obtained Book","damage_taken":21,"max_hp_gain":0,"max_hp_loss":0,"event_name":"Cursed Tome","floor":19,"gold_loss":0},{"damage_healed":0,"gold_gain":0,"player_choice":"Became a Ghost","damage_taken":0,"max_hp_gain":0,"max_hp_loss":36,"event_name":"Ghosts","floor":21,"gold_loss":0,"cards_obtained":["Ghostly","Ghostly","Ghostly"]},{"damage_healed":0,"gold_gain":50,"player_choice":"Stole From Cult","damage_taken":0,"max_hp_gain":0,"max_hp_loss":0,"event_name":"Nest","floor":22,"gold_loss":0}],"is_beta":false,"boss_relics":[{"not_picked":["White Beast Statue","Velvet Choker"],"picked":"Pandora\u0027s Box"}],"items_purged_floors":[3],"is_endless":false,"potions_floor_spawned":[4,5,10,14,18,23],"killed_by":"Snake Plant","ascension_level":20}