{"gold_per_floor":[110,110,130,130,27,57,57,118,118,152,152,170,182,182,182,259,259,275,275,95,106,125,125,155,76,76,95,112,112,441,460,460,535,535,555,555,111,127,143,175,193,193],"floor_reached":42,"playtime":1884,"items_purged":[],"score":1047,"play_id":"f6893bb7-e258-43b0-8962-3db200cb81e9","local_time":"20181108090806","is_ascension_mode":true,"campfire_choices":[{"data":"Loop","floor":7.0,"key":"SMITH"},{"data":"Static Discharge","floor":11.0,"key":"SMITH"},{"data":"Fusion","floor":15.0,"key":"SMITH"},{"floor":23.0,"key":"REST"},{"floor":29.0,"key":"REST"},{"floor":32.0,"key":"REST"}],"neow_cost":"NONE","seed_source_timestamp":0,"circlet_count":0,"master_deck":["AscendersBane","Dualcast","Chill","White Noise","Loop+1","Ball Lightning","Compile Driver","Melter","Static Discharge+1","Storm","Fusion+1","Ball Lightning","Coolheaded","Beam Cell","Sweeping Beam","Barrage","Chaos","Barrage","Steam Power","Consume","Good Instincts","Hologram+1","Capacitor","Electrodynamics","Self Repair","Amplify","Redo+1","Redo+1","Meteor Strike+1","Hologram+1","Bandage Up+1","Chaos+1","Reinforced Body+1","Chill+1","Go for the Eyes"],"special_seed":0,"relics":["Cracked Core","NeowsBlessing","Mummified Hand","Tiny Chest","Oddly Smooth Stone","Bottled Tornado","Nunchaku","Pandora\u0027s Box","Ornamental Fan","Centennial Puzzle","Emotion Chip","Old Coin","Astrolabe","Toxic Egg 2","Blue Candle"],"potions_floor_usage":[42],"damage_taken":[{"damage":0.0,"enemies":"2 Louse","floor":1.0,"turns":1.0},{"damage":0.0,"enemies":"Small Slimes","floor":3.0,"turns":1.0},{"damage":0.0,"enemies":"Gremlin Nob","floor":6.0,"turns":1.0},{"damage":14.0,"enemies":"Lagavulin","floor":8.0,"turns":7.0},{"damage":0.0,"enemies":"3 Sentries","floor":10.0,"turns":5.0},{"damage":0.0,"enemies":"Cultist","floor":12.0,"turns":3.0},{"damage":0.0,"enemies":"Lots of Slimes","floor":13.0,"turns":4.0},{"damage":31.0,"enemies":"Hexaghost","floor":16.0,"turns":6.0},{"damage":5.0,"enemies":"Spheric Guardian","floor":18.0,"turns":3.0},{"damage":19.0,"enemies":"2 Thieves","floor":21.0,"turns":3.0},{"damage":10.0,"enemies":"Snake Plant","floor":22.0,"turns":3.0},{"damage":41.0,"enemies":"Book of Stabbing","floor":24.0,"turns":4.0},{"damage":9.0,"enemies":"3 Cultists","floor":27.0,"turns":3.0},{"damage":0.0,"enemies":"Chosen and Byrds","floor":28.0,"turns":3.0},{"damage":21.0,"enemies":"Gremlin Leader","floor":30.0,"turns":3.0},{"damage":17.0,"enemies":"Snake Plant","floor":31.0,"turns":4.0},{"damage":20.0,"enemies":"Collector","floor":33.0,"turns":6.0},{"damage":26.0,"enemies":"3 Darklings","floor":35.0,"turns":3.0},{"damage":27.0,"enemies":"Orb Walker","floor":38.0,"turns":3.0},{"damage":28.0,"enemies":"Maw","floor":39.0,"turns":7.0},{"damage":31.0,"enemies":"Reptomancer","floor":40.0,"turns":6.0},{"damage":44.0,"enemies":"Spire Growth","floor":41.0,"turns":5.0},{"damage":47,"enemies":"Giant Head","floor":42,"turns":5}],"seed_played":"2112053910641485052","potions_obtained":[{"floor":3.0,"key":"AttackPotion"},{"floor":6.0,"key":"Block Potion"},{"floor":12.0,"key":"EssenceOfSteel"},{"floor":13.0,"key":"Regen Potion"},{"floor":21.0,"key":"Dexterity Potion"},{"floor":27.0,"key":"Swift Potion"},{"floor":30.0,"key":"AttackPotion"},{"floor":31.0,"key":"Swift Potion"},{"floor":38.0,"key":"Explosive Potion"},{"floor":41.0,"key":"Regen Potion"}],"is_trial":false,"path_per_floor":["M","?","M","?","$","E","R","E","T","E","R","M","M","?","R","B",null,"M","T","$","M","M","R","E","$","T","M","M","R","E","M","R","B",null,"M","?","$","M","M","E","M","E"],"character_chosen":"DEFECT","items_purchased":["Loop","Ball Lightning","Consume","Good Instincts","Self Repair","Toxic Egg 2","Bandage Up+1","Chaos+1"],"campfire_rested":3,"item_purchase_floors":[5,5,20,20,25,37,37,37],"current_hp_per_floor":[64,64,64,64,64,64,64,50,50,50,50,50,50,50,50,19,58,53,53,53,34,24,45,16,16,16,14,21,42,21,4,25,12,56,30,81,81,67,59,41,10,0],"gold":193,"neow_bonus":"THREE_ENEMY_KILL","is_prod":false,"is_daily":false,"chose_seed":false,"campfire_upgraded":3,"win_rate":0,"timestamp":1541686086,"path_taken":["M","?","M","?","$","E","R","E","T","E","R","M","M","?","R","BOSS","M","?","$","?","M","R","E","?","T","M","M","R","E","M","R","BOSS","M","?","$","M","?","E","M","E"],"build_version":"2018-11-01","purchased_purges":0,"victory":false,"max_hp_per_floor":[71,71,71,71,71,71,71,71,71,71,71,71,71,71,71,71,71,71,71,71,71,71,71,71,71,71,71,71,71,71,71,71,71,71,71,81,81,81,81,81,81,81],"card_choices":[{"not_picked":["Beam Cell","Reprogram"],"picked":"Chill","floor":1.0},{"not_picked":["Conserve Battery","Blizzard"],"picked":"White Noise","floor":3.0},{"not_picked":["Recycle","Lockon"],"picked":"Compile Driver","floor":6.0},{"not_picked":["Rip and Tear","Steam Power"],"picked":"Melter","floor":8.0},{"not_picked":["Conserve Battery","Redo"],"picked":"Static Discharge","floor":10.0},{"not_picked":["Compile Driver","Blizzard"],"picked":"Storm","floor":12.0},{"not_picked":["Redo","Compile Driver"],"picked":"Fusion","floor":13.0},{"not_picked":["Fission","Reboot"],"picked":"Meteor Strike","floor":16.0},{"not_picked":["Redo","Storm"],"picked":"Steam Power","floor":18.0},{"not_picked":["Ball Lightning","Sweeping Beam"],"picked":"Hologram+1","floor":21.0},{"not_picked":["Melter","Reprogram+1"],"picked":"Capacitor","floor":22.0},{"not_picked":["Core Surge","Turbo"],"picked":"Electrodynamics","floor":24.0},{"not_picked":["Compile Driver","Coolheaded","Go for the Eyes"],"picked":"SKIP","floor":27.0},{"not_picked":["Doom and Gloom","Barrage","Blizzard"],"picked":"SKIP","floor":28.0},{"not_picked":["Chaos","Storm"],"picked":"Streamline+1","floor":30.0},{"not_picked":["Cold Snap","Barrage","Rebound"],"picked":"SKIP","floor":31.0},{"not_picked":["Meteor Strike","Core Surge"],"picked":"Amplify","floor":33.0},{"not_picked":["Recycle","Conserve Battery"],"picked":"Hologram+1","floor":35.0},{"not_picked":["Redo+1","Rebound"],"picked":"Reinforced Body+1","floor":38.0},{"not_picked":["Leap+1","Barrage"],"picked":"Chill+1","floor":39.0},{"not_picked":["Reprogram+1","Cold Snap","Ball Lightning+1"],"picked":"SKIP","floor":40.0},{"not_picked":["Static Discharge","Sunder"],"picked":"Go for the Eyes","floor":41.0}],"player_experience":703802,"relics_obtained":[{"floor":6.0,"key":"Mummified Hand"},{"floor":8.0,"key":"Tiny Chest"},{"floor":9.0,"key":"Oddly Smooth Stone"},{"floor":10.0,"key":"Bottled Tornado"},{"floor":19.0,"key":"Ornamental Fan"},{"floor":24.0,"key":"Centennial Puzzle"},{"floor":26.0,"key":"Emotion Chip"},{"floor":30.0,"key":"Old Coin"},{"floor":40.0,"key":"Blue Candle"}],"event_choices":[{"damage_healed":0.0,"max_hp_gain":0.0,"max_hp_loss":0.0,"gold_gain":0.0,"event_name":"Golden Idol","player_choice":"Ignored","floor":2.0,"gold_loss":0.0,"damage_taken":0.0},{"damage_healed":0.0,"max_hp_gain":0.0,"max_hp_loss":0.0,"gold_gain":0.0,"event_name":"Scrap Ooze","player_choice":"Fled","floor":4.0,"gold_loss":0.0,"damage_taken":0.0},{"damage_healed":0.0,"max_hp_gain":0.0,"max_hp_loss":0.0,"gold_gain":0.0,"event_name":"WeMeetAgain","player_choice":"Gave Potion","floor":14.0,"gold_loss":0.0,"damage_taken":0.0,"relics_obtained":["Nunchaku"]},{"cards_removed":["Meteor Strike"],"damage_healed":41.0,"max_hp_gain":10.0,"max_hp_loss":0.0,"gold_gain":0.0,"event_name":"Bonfire Elementals","player_choice":"Offered Rare","floor":36.0,"gold_loss":0.0,"damage_taken":0.0}],"is_beta":false,"boss_relics":[{"not_picked":["Runic Dome","Philosopher\u0027s Stone"],"picked":"Pandora\u0027s Box"},{"not_picked":["Eternal Feather","Velvet Choker"],"picked":"Astrolabe"}],"items_purged_floors":[],"is_endless":false,"potions_floor_spawned":[3,6,12,13,21,22,27,30,31,38,41],"killed_by":"Giant Head","ascension_level":18}