{"gold_per_floor":[116,191,201,213,223,223,223,223,250,250,85,96,129,151,163,175],"floor_reached":16,"playtime":385,"items_purged":["Regret"],"score":254,"play_id":"9f3b8606-6183-477a-8543-4862ab46592e","local_time":"20190418150133","is_ascension_mode":true,"campfire_choices":[{"data":"Dagger Spray","floor":6,"key":"SMITH"},{"data":"Neutralize","floor":8,"key":"SMITH"},{"data":"Night Terror","floor":15,"key":"SMITH"}],"neow_cost":"NONE","seed_source_timestamp":681670979003793,"circlet_count":0,"master_deck":["AscendersBane","Defend_G","Defend_G","Defend_G","Defend_G","Defend_G","Strike_G","Strike_G+1","Strike_G","Strike_G","Strike_G","Survivor","Neutralize+1","Dagger Spray+1","Dash","Dagger Throw+1","Footwork","Blade Dance","Night Terror+1"],"relics":["Ring of the Snake","NeowsBlessing","Whetstone","Vajra","MawBank"],"potions_floor_usage":[12,13,14],"damage_taken":[{"damage":0,"enemies":"Jaw Worm","floor":1,"turns":1},{"damage":0,"enemies":"2 Louse","floor":3,"turns":1},{"damage":0,"enemies":"Small Slimes","floor":4,"turns":1},{"damage":6,"enemies":"2 Fungi Beasts","floor":5,"turns":3},{"damage":3,"enemies":"Lots of Slimes","floor":12,"turns":4},{"damage":0,"enemies":"Gremlin Nob","floor":13,"turns":3},{"damage":0,"enemies":"3 Louse","floor":14,"turns":3},{"damage":40,"enemies":"Hexaghost","floor":16,"turns":9}],"seed_played":"-8111405927082976706","potions_obtained":[{"floor":1,"key":"EntropicBrew"}],"is_trial":false,"path_per_floor":["M","?","M","M","M","R","?","R","T","?","$","M","E","M","R","B"],"character_chosen":"THE_SILENT","items_purchased":["Footwork"],"campfire_rested":0,"item_purchase_floors":[11],"current_hp_per_floor":[59,48,48,48,42,42,42,42,42,42,42,39,39,39,39,0],"gold":175,"neow_bonus":"THREE_ENEMY_KILL","is_prod":false,"is_daily":false,"chose_seed":false,"campfire_upgraded":3,"win_rate":0,"timestamp":1555614093,"path_taken":["M","?","M","M","M","R","?","R","T","?","$","M","E","M","R","BOSS"],"build_version":"2019-01-23","purchased_purges":1,"victory":false,"max_hp_per_floor":[66,66,66,66,66,66,66,66,66,66,66,66,66,66,66,66],"card_choices":[{"not_picked":["Skewer","Dagger Throw"],"picked":"Dagger Spray","floor":1},{"not_picked":["Endless Agony","Outmaneuver"],"picked":"Dash","floor":3},{"not_picked":["Backflip","PiercingWail","Flying Knee"],"picked":"SKIP","floor":4},{"not_picked":["Accuracy","Well Laid Plans"],"picked":"Dagger Throw","floor":5},{"not_picked":["Underhanded Strike","Eviscerate","Concentrate"],"picked":"SKIP","floor":12},{"not_picked":["Backflip","Prepared"],"picked":"Blade Dance","floor":13},{"not_picked":["Underhanded Strike","Backflip"],"picked":"Night Terror","floor":14}],"player_experience":912883,"relics_obtained":[{"floor":9,"key":"Whetstone"},{"floor":13,"key":"MawBank"}],"event_choices":[{"damage_healed":0,"gold_gain":75,"player_choice":"Gather Gold","damage_taken":11,"max_hp_gain":0,"max_hp_loss":0,"event_name":"World of Goop","floor":2,"gold_loss":0},{"damage_healed":0,"gold_gain":0,"player_choice":"Ignored","damage_taken":0,"max_hp_gain":0,"max_hp_loss":0,"event_name":"Shining Light","floor":7,"gold_loss":0},{"damage_healed":0,"gold_gain":0,"player_choice":"Box","damage_taken":0,"relics_obtained":["Vajra"],"max_hp_gain":0,"max_hp_loss":0,"event_name":"Big Fish","floor":10,"gold_loss":0,"cards_obtained":["Regret"]}],"is_beta":false,"boss_relics":[],"items_purged_floors":[11],"is_endless":false,"potions_floor_spawned":[1,12],"killed_by":"Hexaghost","ascension_level":20}