{"gold_per_floor":[114,114,125,125,136,148,162,178,252,43,143,153,153,62,62,163,163,179,190,290,302,41,73,73,83,106,124,34,34,34,44,44,141,141,157,0,0,20,20],"floor_reached":39,"playtime":2950,"items_purged":[],"score":420,"play_id":"ed235507-f898-4225-8c74-fa15e0aff434","local_time":"20190216172555","is_ascension_mode":false,"campfire_choices":[{"floor":13,"key":"REST"},{"floor":15,"key":"REST"},{"floor":24,"key":"REST"},{"floor":29,"key":"REST"},{"data":"Seeing Red","floor":32,"key":"SMITH"}],"neow_cost":"","seed_source_timestamp":329180125172927,"circlet_count":0,"master_deck":["Strike_R","Strike_R","Strike_R","Strike_R","Strike_R","Defend_R","Defend_R","Defend_R","Defend_R","Bash","Carnage","Headbutt","Clothesline+1","Metallicize","Body Slam+1","Anger+1","Anger+1","Pommel Strike+1","Bandage Up","Flex","Clothesline+1","Finesse","Double Tap","Flame Barrier","Perfected Strike+1","Flame Barrier","Bloodletting","Carnage+1","Bludgeon+1","Armaments","Seeing Red+1","Bandage Up","Clothesline+1","Barricade","Shrug It Off","Battle Trance","Pommel Strike+1","Blood for Blood+1","Cleave+1","Impervious","Dual Wield"],"relics":["Burning Blood","Molten Egg 2","Shuriken","Sozu","Bronze Scales","Magic Flower","Boot","Orrery","Red Mask"],"potions_floor_usage":[16,16,16],"damage_taken":[{"damage":8,"enemies":"Cultist","floor":1,"turns":5},{"damage":8,"enemies":"Jaw Worm","floor":3,"turns":4},{"damage":6,"enemies":"2 Louse","floor":5,"turns":3},{"damage":46,"enemies":"Exordium Thugs","floor":6,"turns":5},{"damage":13,"enemies":"Blue Slaver","floor":7,"turns":4},{"damage":12,"enemies":"3 Louse","floor":8,"turns":2},{"damage":0,"enemies":"Exordium Wildlife","floor":12,"turns":3},{"damage":34,"enemies":"The Guardian","floor":16,"turns":8},{"damage":19,"enemies":"2 Thieves","floor":18,"turns":3},{"damage":9,"enemies":"Shell Parasite","floor":19,"turns":3},{"damage":4,"enemies":"Centurion and Healer","floor":21,"turns":5},{"damage":61,"enemies":"Slavers","floor":23,"turns":6},{"damage":10,"enemies":"Chosen and Byrds","floor":25,"turns":4},{"damage":9,"enemies":"3 Cultists","floor":27,"turns":4},{"damage":12,"enemies":"Snecko","floor":31,"turns":4},{"damage":73,"enemies":"Champ","floor":33,"turns":10},{"damage":7,"enemies":"Orb Walker","floor":35,"turns":2},{"damage":67,"enemies":"3 Darklings","floor":38,"turns":6},{"damage":48,"enemies":"2 Orb Walkers","floor":39,"turns":3}],"seed_played":"6221110309765941009","potions_obtained":[{"floor":3,"key":"SpeedPotion"},{"floor":5,"key":"Energy Potion"},{"floor":6,"key":"Block Potion"}],"is_trial":false,"path_per_floor":["M","$","M","?","M","M","M","M","T","$","?","M","R","$","R","B",null,"M","M","?","M","$","E","R","M","T","M","$","R","$","M","R","B",null,"M","?","$","M","?"],"character_chosen":"IRONCLAD","items_purchased":["Anger+1","Pommel Strike+1","Bandage Up","Flex","Finesse","Bloodletting","Carnage+1","Bronze Scales","Bandage Up"],"campfire_rested":4,"item_purchase_floors":[10,10,10,10,14,22,22,22,28],"current_hp_per_floor":[78,78,76,64,64,24,17,11,11,11,11,17,41,41,65,41,80,67,68,68,74,74,23,47,46,46,46,46,70,70,73,73,21,80,80,80,80,28,0],"gold":20,"neow_bonus":"","is_prod":false,"is_daily":false,"chose_seed":false,"campfire_upgraded":1,"win_rate":0.0,"timestamp":1550359555,"path_taken":["M","$","M","?","M","M","M","M","T","$","?","?","R","?","R","BOSS","M","M","?","M","?","E","R","M","T","M","$","R","$","?","R","BOSS","M","?","$","M","?"],"build_version":"2019-01-23","purchased_purges":0,"victory":false,"max_hp_per_floor":[80,80,80,80,80,80,80,80,80,80,80,80,80,80,80,80,80,80,80,80,80,80,80,80,80,80,80,80,80,80,80,80,80,80,80,80,80,80,80],"card_choices":[{"not_picked":["Armaments","Warcry"],"picked":"Carnage","floor":1},{"not_picked":["Carnage","Ghostly Armor"],"picked":"Headbutt","floor":3},{"not_picked":["Shrug It Off","Flex"],"picked":"Clothesline+1","floor":5},{"not_picked":["Iron Wave+1","Twin Strike+1"],"picked":"Metallicize","floor":6},{"not_picked":["Clash+1","Berserk"],"picked":"Body Slam+1","floor":7},{"not_picked":["Armaments","Whirlwind+1"],"picked":"Anger+1","floor":8},{"not_picked":["Brutality","Infernal Blade"],"picked":"Clothesline+1","floor":12},{"not_picked":["Dark Embrace","Barricade"],"picked":"Double Tap","floor":16},{"not_picked":["Thunderclap+1","Warcry"],"picked":"Flame Barrier","floor":18},{"not_picked":["Iron Wave+1","Shrug It Off"],"picked":"Perfected Strike+1","floor":19},{"not_picked":["Combust","Disarm+1"],"picked":"Flame Barrier","floor":21},{"not_picked":["Feel No Pain","Clothesline+1"],"picked":"Bludgeon+1","floor":23},{"not_picked":["Sever Soul+1","Headbutt+1"],"picked":"Armaments","floor":25},{"not_picked":["Shrug It Off","Clothesline+1"],"picked":"Seeing Red","floor":27},{"not_picked":["Sever Soul+1","Sword Boomerang+1"],"picked":"Clothesline+1","floor":31},{"not_picked":["Impervious","Juggernaut"],"picked":"Barricade","floor":33},{"not_picked":["Anger+1","Headbutt+1"],"picked":"Shrug It Off","floor":34},{"not_picked":["Headbutt+1","Clash+1"],"picked":"Battle Trance","floor":34},{"not_picked":["Fire Breathing","Warcry"],"picked":"Pommel Strike+1","floor":34},{"not_picked":["Armaments","Disarm"],"picked":"Blood for Blood+1","floor":34},{"not_picked":["Iron Wave+1","Feel No Pain"],"picked":"Cleave+1","floor":34},{"not_picked":["Armaments+1","Entrench"],"picked":"Impervious","floor":35},{"not_picked":["Shrug It Off+1","Dropkick+1"],"picked":"Dual Wield","floor":38}],"player_experience":0,"relics_obtained":[{"floor":9,"key":"Shuriken"},{"floor":23,"key":"Magic Flower"},{"floor":26,"key":"Boot"}],"event_choices":[{"damage_healed":0,"gold_gain":0,"player_choice":"Success","damage_taken":12,"relics_obtained":["Molten Egg 2"],"max_hp_gain":0,"max_hp_loss":0,"event_name":"Scrap Ooze","floor":4,"gold_loss":0},{"damage_healed":0,"gold_gain":100,"player_choice":"Gold","damage_taken":0,"max_hp_gain":0,"max_hp_loss":0,"event_name":"Wheel of Change","floor":11,"gold_loss":0},{"damage_healed":0,"gold_gain":100,"player_choice":"Pray","damage_taken":0,"max_hp_gain":0,"max_hp_loss":0,"event_name":"Golden Shrine","floor":20,"gold_loss":0},{"damage_healed":0,"gold_gain":0,"player_choice":"Paid","damage_taken":0,"relics_obtained":["Red Mask"],"max_hp_gain":0,"max_hp_loss":0,"event_name":"Tomb of Lord Red Mask","floor":36,"gold_loss":157},{"damage_healed":0,"gold_gain":0,"player_choice":"Fight","damage_taken":0,"max_hp_gain":0,"max_hp_loss":0,"event_name":"Mysterious Sphere","floor":39,"gold_loss":0}],"is_beta":false,"boss_relics":[{"not_picked":["Snecko Eye","Black Blood"],"picked":"Sozu"},{"not_picked":["Runic Cube","Calling Bell"],"picked":"Orrery"}],"items_purged_floors":[],"is_endless":false,"potions_floor_spawned":[3,5,6,21,23,27,31,33],"killed_by":"2 Orb Walkers","ascension_level":0}