{"gold_per_floor":[109,120,195,52,69,95,113,126,126,160,174,144,144,159,159,264,264,275,37,137,152,152,152,178,178,203,221,232,232,232,243,243,347,347,361,407,422,422,422,749,749,764,764,779,779,797,797,227,227,227,227,227,55,87,87],"floor_reached":55,"playtime":2807,"items_purged":["Defend_G","Strike_G","Strike_G"],"score":754,"play_id":"8ac592c3-bcec-40cf-857e-5511f63bc227","local_time":"20190326170228","is_ascension_mode":false,"campfire_choices":[{"floor":13,"key":"REST"},{"floor":15,"key":"RECALL"},{"data":"Finisher","floor":23,"key":"SMITH"},{"data":"Blade Dance","floor":25,"key":"SMITH"},{"data":"Tactician","floor":32,"key":"SMITH"},{"data":"After Image","floor":41,"key":"SMITH"},{"data":"Acrobatics","floor":45,"key":"SMITH"},{"data":"Adrenaline","floor":49,"key":"SMITH"},{"data":"Finisher","floor":52,"key":"SMITH"}],"neow_cost":"TEN_PERCENT_HP_LOSS","seed_source_timestamp":227993456569300,"circlet_count":0,"master_deck":["Defend_G","Defend_G","Defend_G","Strike_G","Strike_G","Survivor","Neutralize","Terror","Dodge and Roll","Finisher+1","Blade Dance+1","Dagger Throw","Tools of the Trade","Infinite Blades","Quick Slash","Underhanded Strike","Eviscerate","Envenom","Backstab+1","Blur+1","Blade Dance","Acrobatics+1","Tactician+1","After Image+1","Outmaneuver+1","Finisher+1","Adrenaline+1","Dagger Throw","Backstab+1","Adrenaline","Distraction","Backflip","Flechettes+1"],"relics":["Ring of the Snake","Ancient Tea Set","Coffee Dripper","Shuriken","Ginger","Meat on the Bone","Paper Crane","Art of War","Dead Branch","Nloth\u0027s Gift","Runic Dome","Incense Burner","Old Coin","Pantograph","Snake Skull","TwistedFunnel","Pen Nib"],"potions_floor_usage":[6,6,10,16,16,20,20,24,28,40,50],"damage_taken":[{"damage":0,"enemies":"Jaw Worm","floor":1,"turns":4},{"damage":0,"enemies":"Cultist","floor":2,"turns":3},{"damage":9,"enemies":"2 Louse","floor":5,"turns":2},{"damage":20,"enemies":"Lagavulin","floor":6,"turns":5},{"damage":8,"enemies":"Lots of Slimes","floor":7,"turns":4},{"damage":8,"enemies":"Large Slime","floor":8,"turns":4},{"damage":20,"enemies":"3 Sentries","floor":10,"turns":7},{"damage":0,"enemies":"3 Louse","floor":11,"turns":3},{"damage":0,"enemies":"2 Fungi Beasts","floor":14,"turns":1},{"damage":0,"enemies":"Slime Boss","floor":16,"turns":3},{"damage":1,"enemies":"3 Byrds","floor":18,"turns":4},{"damage":9,"enemies":"Colosseum Slavers","floor":20,"turns":2},{"damage":0,"enemies":"Colosseum Nobs","floor":20,"turns":4},{"damage":2,"enemies":"Spheric Guardian","floor":21,"turns":3},{"damage":10,"enemies":"Book of Stabbing","floor":24,"turns":3},{"damage":0,"enemies":"Centurion and Healer","floor":27,"turns":3},{"damage":12,"enemies":"Snake Plant","floor":28,"turns":2},{"damage":12,"enemies":"3 Cultists","floor":31,"turns":4},{"damage":8,"enemies":"Champ","floor":33,"turns":4},{"damage":0,"enemies":"Orb Walker","floor":35,"turns":1},{"damage":22,"enemies":"2 Orb Walkers","floor":36,"turns":4},{"damage":10,"enemies":"3 Shapes","floor":37,"turns":2},{"damage":36,"enemies":"Nemesis","floor":40,"turns":3},{"damage":0,"enemies":"Transient","floor":42,"turns":5},{"damage":14,"enemies":"Spire Growth","floor":44,"turns":3},{"damage":0,"enemies":"Maw","floor":46,"turns":2},{"damage":8,"enemies":"Donu and Deca","floor":50,"turns":4},{"damage":20,"enemies":"Shield and Spear","floor":54,"turns":5},{"damage":64,"enemies":"The Heart","floor":55,"turns":3}],"seed_played":"-1916305521930165835","potions_obtained":[{"floor":2,"key":"Regen Potion"},{"floor":5,"key":"Swift Potion"},{"floor":8,"key":"Dexterity Potion"},{"floor":10,"key":"SteroidPotion"},{"floor":12,"key":"Swift Potion"},{"floor":12,"key":"LiquidBronze"},{"floor":14,"key":"EssenceOfSteel"},{"floor":16,"key":"EssenceOfSteel"},{"floor":20,"key":"Swift Potion"},{"floor":27,"key":"LiquidBronze"},{"floor":33,"key":"GamblersBrew"},{"floor":35,"key":"FearPotion"},{"floor":37,"key":"FearPotion"},{"floor":44,"key":"Strength Potion"},{"floor":46,"key":"SmokeBomb"}],"is_trial":false,"path_per_floor":["M","M","?","$","M","E","M","M","T","E","M","?","R","M","R","B",null,"M","$","?","M","?","R","E","R","T","M","M","?","?","M","R","B",null,"M","?","M","?","?","E","R","M","T","M","R","M","?","$","R","B",null,"R","$","E","B"],"character_chosen":"THE_SILENT","items_purchased":["Blade Dance","Dagger Throw","Shuriken","Snake Skull","TwistedFunnel","Energy Potion","Distraction","Backflip"],"campfire_rested":1,"item_purchase_floors":[4,4,19,48,48,48,48,53],"current_hp_per_floor":[63,63,57,57,48,40,32,24,24,4,4,4,22,22,22,22,63,62,62,53,51,51,51,41,41,41,41,41,41,41,41,41,33,63,63,41,43,43,43,19,19,31,31,29,29,41,41,41,41,55,63,63,63,43,0],"gold":87,"neow_bonus":"TRANSFORM_TWO_CARDS","is_prod":false,"is_daily":false,"chose_seed":false,"campfire_upgraded":7,"win_rate":0,"timestamp":1553590948,"path_taken":["M","M","?","$","M","E","?","M","T","E","M","?","R","M","R","BOSS","M","?","?","M","?","R","E","R","T","M","M","?","?","M","R","BOSS","M","?","M","?","?","E","R","M","T","M","R","M","?","$","R","BOSS","R","$","E","BOSS"],"build_version":"2019-01-23","purchased_purges":3,"victory":false,"max_hp_per_floor":[63,63,63,63,63,63,63,63,63,63,63,63,63,63,63,63,63,63,63,63,63,63,63,63,63,63,63,63,63,63,63,63,63,63,63,63,63,63,63,63,63,63,63,63,63,63,63,63,63,63,63,63,63,63,63],"card_choices":[{"not_picked":["Slice","Prepared"],"picked":"Finisher","floor":1},{"not_picked":["Outmaneuver","Bane","Acrobatics"],"picked":"SKIP","floor":2},{"not_picked":["Flechettes","Sucker Punch"],"picked":"Tools of the Trade","floor":5},{"not_picked":["PiercingWail","Outmaneuver"],"picked":"Infinite Blades","floor":6},{"not_picked":["PiercingWail","Riddle With Holes","Dodge and Roll"],"picked":"SKIP","floor":7},{"not_picked":["Deflect","Eviscerate"],"picked":"Quick Slash","floor":8},{"not_picked":["Leg Sweep","Slice"],"picked":"Underhanded Strike","floor":10},{"not_picked":["PiercingWail","Blur"],"picked":"Eviscerate","floor":11},{"not_picked":["Blur","Doppelganger","Dagger Spray"],"picked":"SKIP","floor":14},{"not_picked":["Grand Finale","Storm of Steel"],"picked":"Envenom","floor":16},{"not_picked":["PiercingWail","Acrobatics"],"picked":"Backstab+1","floor":18},{"not_picked":["Noxious Fumes","Prepared"],"picked":"Blur+1","floor":21},{"not_picked":["Backstab","Dash"],"picked":"Blade Dance","floor":24},{"not_picked":["Flechettes","Catalyst+1","Night Terror"],"picked":"SKIP","floor":27},{"not_picked":["Poisoned Stab","Footwork"],"picked":"Acrobatics","floor":28},{"not_picked":["Glass Knife","Dodge and Roll"],"picked":"Tactician","floor":31},{"not_picked":["A Thousand Cuts","Grand Finale"],"picked":"After Image","floor":33},{"not_picked":["Slice","PiercingWail+1"],"picked":"Outmaneuver+1","floor":35},{"not_picked":["Blade Dance+1","Deadly Poison+1"],"picked":"Finisher","floor":36},{"not_picked":["Backflip","Dodge and Roll","Reflex"],"picked":"SKIP","floor":37},{"not_picked":["Unload","Underhanded Strike"],"picked":"Adrenaline","floor":40},{"not_picked":["Quick Slash","Slice","Poisoned Stab"],"picked":"SKIP","floor":42},{"not_picked":["Quick Slash","Slice","Poisoned Stab"],"picked":"SKIP","floor":42},{"not_picked":["Flechettes+1","Eviscerate+1"],"picked":"Dagger Throw","floor":44},{"not_picked":["Burst","Slice"],"picked":"Backstab+1","floor":46},{"not_picked":["Blade Dance","Endless Agony"],"picked":"Flechettes+1","floor":54}],"player_experience":434243,"relics_obtained":[{"floor":6,"key":"Ancient Tea Set"},{"floor":10,"key":"Bag of Preparation"},{"floor":20,"key":"Ginger"},{"floor":20,"key":"Meat on the Bone"},{"floor":24,"key":"Paper Crane"},{"floor":26,"key":"Art of War"},{"floor":36,"key":"Incense Burner"},{"floor":40,"key":"Old Coin"},{"floor":43,"key":"Pantograph"},{"floor":54,"key":"Pen Nib"}],"event_choices":[{"damage_healed":0,"gold_gain":75,"player_choice":"Touch","damage_taken":6,"max_hp_gain":0,"max_hp_loss":0,"event_name":"FaceTrader","floor":3,"gold_loss":0},{"damage_healed":0,"gold_gain":0,"player_choice":"Bought 2 Potions","damage_taken":0,"max_hp_gain":0,"max_hp_loss":0,"event_name":"The Woman in Blue","floor":12,"gold_loss":0},{"damage_healed":0,"gold_gain":0,"player_choice":"Fight","damage_taken":0,"max_hp_gain":0,"max_hp_loss":0,"event_name":"Colosseum","floor":20,"gold_loss":0},{"damage_healed":0,"gold_gain":0,"player_choice":"Fought Nobs","damage_taken":0,"max_hp_gain":0,"max_hp_loss":0,"event_name":"Colosseum","floor":20,"gold_loss":0},{"damage_healed":0,"gold_gain":0,"player_choice":"Ignored","damage_taken":0,"max_hp_gain":0,"max_hp_loss":0,"event_name":"Cursed Tome","floor":22,"gold_loss":0},{"damage_healed":0,"gold_gain":0,"player_choice":"Opened","damage_taken":0,"relics_obtained":["Dead Branch"],"max_hp_gain":0,"max_hp_loss":0,"event_name":"The Mausoleum","floor":29,"gold_loss":0},{"damage_healed":0,"gold_gain":0,"player_choice":"Traded Relic","damage_taken":0,"relics_obtained":["Nloth\u0027s Gift"],"max_hp_gain":0,"max_hp_loss":0,"event_name":"N\u0027loth","floor":30,"relics_lost":["Bag of Preparation"],"gold_loss":0},{"damage_healed":0,"gold_gain":0,"player_choice":"Fight","damage_taken":0,"max_hp_gain":0,"max_hp_loss":0,"event_name":"Mysterious Sphere","floor":36,"gold_loss":0},{"damage_healed":0,"gold_gain":0,"player_choice":"Ignored","damage_taken":0,"max_hp_gain":0,"max_hp_loss":0,"event_name":"Tomb of Lord Red Mask","floor":38,"gold_loss":0},{"damage_healed":0,"gold_gain":0,"player_choice":"Memory 1","damage_taken":0,"max_hp_gain":0,"max_hp_loss":0,"event_name":"SensoryStone","floor":39,"gold_loss":0},{"damage_healed":0,"gold_gain":0,"player_choice":"Copied","damage_taken":0,"max_hp_gain":0,"max_hp_loss":0,"event_name":"Duplicator","floor":47,"gold_loss":0,"cards_obtained":["Adrenaline"]}],"is_beta":false,"boss_relics":[{"not_picked":["Calling Bell","Pandora\u0027s Box"],"picked":"Coffee Dripper"},{"not_picked":["Astrolabe","Tiny House"],"picked":"Runic Dome"}],"items_purged_floors":[4,48,53],"is_endless":false,"potions_floor_spawned":[2,5,8,10,14,16,20,27,33,35,37,44,46],"killed_by":"The Heart","ascension_level":0}