{"gold_per_floor":[119,132,151,151,170,170,189,189,189,189,53,53,110,122,122,218,218,234,34,37,55,55,55,72,84,84,107,107],"floor_reached":28,"playtime":822,"items_purged":[],"score":318,"play_id":"d9248e7c-b1b4-48e8-9b07-579a1e94833c","local_time":"20180918131342","is_ascension_mode":true,"campfire_choices":[{"data":"Streamline","floor":6,"key":"SMITH"},{"floor":8,"key":"REST"},{"data":"Core Surge","floor":12,"key":"SMITH"},{"floor":15,"key":"REST"},{"floor":23,"key":"REST"}],"neow_cost":"NONE","seed_source_timestamp":0,"circlet_count":0,"master_deck":["Strike_B","Strike_B","Strike_B","Strike_B","Defend_B","Defend_B","Defend_B","Defend_B","Zap","Dualcast","AscendersBane","Core Surge+1","Defragment","Chill","Streamline+1","Core Surge","Buffer","All For One","White Noise","Hologram","Steam","Electrodynamics","Tempest+1","Leap+1"],"special_seed":0,"relics":["Cracked Core","Omamori","Boot","Mercury Hourglass","Orrery","DataDisk","Darkstone Periapt","Dream Catcher"],"potions_floor_usage":[16,16,16,20,24,25,25],"damage_taken":[{"damage":1.0,"enemies":"Cultist","floor":1.0,"turns":3.0},{"damage":7.0,"enemies":"Jaw Worm","floor":2.0,"turns":3.0},{"damage":9.0,"enemies":"2 Louse","floor":3.0,"turns":2.0},{"damage":18.0,"enemies":"Exordium Thugs","floor":5.0,"turns":5.0},{"damage":11,"enemies":"Blue Slaver","floor":7,"turns":3},{"damage":27,"enemies":"3 Sentries","floor":13,"turns":6},{"damage":0,"enemies":"3 Louse","floor":14,"turns":2},{"damage":22,"enemies":"Hexaghost","floor":16,"turns":9},{"damage":37,"enemies":"Shell Parasite","floor":18,"turns":7},{"damage":11,"enemies":"2 Thieves","floor":20,"turns":4},{"damage":10,"enemies":"Cultist and Chosen","floor":21,"turns":5},{"damage":0,"enemies":"Snecko","floor":24,"turns":4},{"damage":8,"enemies":"Centurion and Healer","floor":25,"turns":4},{"damage":24,"enemies":"3 Cultists","floor":28,"turns":4}],"seed_played":"-204409212662701973","potions_obtained":[{"floor":2.0,"key":"AttackPotion"},{"floor":3.0,"key":"Dexterity Potion"},{"floor":13,"key":"LiquidBronze"},{"floor":14,"key":"Dexterity Potion"},{"floor":16,"key":"EssenceOfSteel"},{"floor":18,"key":"Block Potion"},{"floor":21,"key":"SpeedPotion"},{"floor":24,"key":"PowerPotion"}],"is_trial":false,"path_per_floor":["M","M","M","?","M","R","M","R","T","?","$","R","?","M","R","B",null,"M","$","M","M","$","R","M","M","T","T"],"character_chosen":"DEFECT","items_purchased":["Core Surge","DataDisk","Block Potion"],"campfire_rested":3,"item_purchase_floors":[11,19,19],"current_hp_per_floor":[67,60,51,39,21,21,10,32,32,50,50,50,23,23,45,23,62,25,25,14,4,4,26,26,18,18,18,0],"gold":107,"neow_bonus":"ONE_RANDOM_RARE_CARD","is_prod":false,"is_daily":false,"chose_seed":false,"campfire_upgraded":2,"win_rate":0,"timestamp":1537290822,"path_taken":["M","?","M","?","M","R","M","R","T","?","$","R","?","M","R","BOSS","M","$","M","M","$","R","?","M","T","?","M"],"build_version":"2018-09-06","purchased_purges":0,"victory":false,"max_hp_per_floor":[75,75,75,75,75,75,75,75,75,75,75,75,75,75,75,75,75,75,75,75,75,75,75,75,75,75,75,75],"card_choices":[{"not_picked":["Rebound","Lockon"],"picked":"Defragment","floor":1.0},{"not_picked":["BootSequence","Blizzard"],"picked":"Chill","floor":2.0},{"not_picked":["Coolheaded","Conserve Battery","Redo"],"picked":"SKIP","floor":3.0},{"not_picked":["Capacitor","Go for the Eyes"],"picked":"Streamline","floor":5},{"not_picked":["Hello World","Stack","Scrape"],"picked":"SKIP","floor":7},{"not_picked":["Leap","Skim"],"picked":"Buffer","floor":14},{"not_picked":["Buffer","Meteor Strike"],"picked":"All For One","floor":16},{"not_picked":["Hologram","Storm"],"picked":"White Noise","floor":17},{"not_picked":["Leap","Conserve Battery"],"picked":"Hologram","floor":17},{"not_picked":["Barrage","Go for the Eyes"],"picked":"Steam","floor":17},{"not_picked":["Auto Shields+1","Turbo"],"picked":"Electrodynamics","floor":18},{"not_picked":["Beam Cell","Steam","Undo"],"picked":"SKIP","floor":20},{"not_picked":["Steam","Hello World"],"picked":"Tempest+1","floor":21},{"not_picked":["Sweeping Beam","Rebound","Redo"],"picked":"SKIP","floor":24},{"not_picked":["Undo","Gash"],"picked":"Leap+1","floor":25}],"player_experience":554890,"relics_obtained":[{"floor":9,"key":"Boot"},{"floor":13,"key":"Mercury Hourglass"},{"floor":26,"key":"Darkstone Periapt"},{"floor":27,"key":"Dream Catcher"}],"event_choices":[{"event_name":"Scrap Ooze","player_choice":"success","floor":4.0,"damage_taken":12.0},{"event_name":"Mushrooms","player_choice":"Healed and dodged fight","floor":10,"damage_taken":0},{"event_name":"Dead Adventurer","player_choice":"Searched \u00271\u0027 times","floor":13,"damage_taken":0}],"is_beta":false,"boss_relics":[{"not_picked":["Pandora\u0027s Box","Ectoplasm"],"picked":"Orrery"}],"items_purged_floors":[],"is_endless":false,"potions_floor_spawned":[2,3,13,14,16,18,21,24],"killed_by":"3 Cultists","ascension_level":10}