{"gold_per_floor":[115,40,40,40,55,84,84,100,100,16,44,58,74,107,107,181,181,199,199,179,193,118,148,148,180,180,235,253,123,177,177,177,251,251,265,277,143,143,143,143,177,177,226,101,101],"floor_reached":45,"playtime":1378,"items_purged":["Strike_B","Defend_B","Stack"],"score":1080,"play_id":"f5f3c28d-047b-4449-a7ec-41c0c81f324a","local_time":"20190404191908","is_ascension_mode":true,"campfire_choices":[{"data":"Zap","floor":7.0,"key":"SMITH"},{"data":"Defragment","floor":15.0,"key":"SMITH"},{"floor":24.0,"key":"REST"},{"data":"Defragment","floor":32.0,"key":"SMITH"},{"data":"Coolheaded","floor":40.0,"key":"SMITH"},{"data":"Fission","floor":42.0,"key":"SMITH"}],"neow_cost":"NONE","seed_source_timestamp":688192023966178,"circlet_count":0,"master_deck":["AscendersBane","Defend_B","Defend_B","Zap+1","Dualcast","Ball Lightning","Loop","Electrodynamics","Cold Snap","Defragment+1","Tempest","BootSequence","White Noise","Fission+1","Defragment+1","Double Energy","Coolheaded+1","Blizzard","Hologram","Amplify","Go for the Eyes","Fusion+1","Panacea","Consume"],"special_seed":0,"relics":["Cracked Core","NeowsBlessing","Ginger","Bird Faced Urn","Bottled Flame","Art of War","Black Star","Boot","Bronze Scales","Potion Belt","Darkstone Periapt","Incense Burner","Tiny Chest","Omamori","Nuclear Battery","Singing Bowl","Oddly Smooth Stone","Sundial","Juzu Bracelet"],"potions_floor_usage":[],"damage_taken":[{"damage":0.0,"enemies":"Jaw Worm","floor":1.0,"turns":1.0},{"damage":0.0,"enemies":"Small Slimes","floor":5.0,"turns":1.0},{"damage":0.0,"enemies":"Gremlin Nob","floor":6.0,"turns":1.0},{"damage":0.0,"enemies":"Cultist","floor":8.0,"turns":2.0},{"damage":5.0,"enemies":"3 Sentries","floor":11.0,"turns":2.0},{"damage":0.0,"enemies":"Large Slime","floor":12.0,"turns":3.0},{"damage":6.0,"enemies":"Exordium Thugs","floor":13.0,"turns":4.0},{"damage":28.0,"enemies":"Lagavulin","floor":14.0,"turns":5.0},{"damage":22.0,"enemies":"Slime Boss","floor":16.0,"turns":5.0},{"damage":13.0,"enemies":"Chosen","floor":18.0,"turns":4.0},{"damage":24.0,"enemies":"2 Thieves","floor":21.0,"turns":3.0},{"damage":35.0,"enemies":"Book of Stabbing","floor":23.0,"turns":4.0},{"damage":23.0,"enemies":"Slavers","floor":25.0,"turns":4.0},{"damage":38.0,"enemies":"Book of Stabbing","floor":27.0,"turns":5.0},{"damage":5.0,"enemies":"3 Cultists","floor":28.0,"turns":3.0},{"damage":7.0,"enemies":"Automaton","floor":33.0,"turns":7.0},{"damage":20.0,"enemies":"Orb Walker","floor":35.0,"turns":3.0},{"damage":17.0,"enemies":"3 Darklings","floor":36.0,"turns":4.0},{"damage":38.0,"enemies":"Nemesis","floor":41.0,"turns":19.0},{"damage":61,"enemies":"Giant Head","floor":45,"turns":9}],"seed_played":"-438040417020360130","potions_obtained":[{"floor":5.0,"key":"GamblersBrew"},{"floor":8.0,"key":"Explosive Potion"},{"floor":12.0,"key":"Ancient Potion"},{"floor":20.0,"key":"FairyPotion"},{"floor":23.0,"key":"FearPotion"},{"floor":25.0,"key":"Energy Potion"},{"floor":28.0,"key":"Fire Potion"},{"floor":33.0,"key":"Strength Potion"},{"floor":36.0,"key":"Block Potion"}],"is_trial":false,"path_per_floor":["M","?","?","?","M","E","R","M","T","$","E","M","M","E","R","B",null,"M","?","?","M","$","E","R","E","T","E","M","$","T","?","R","B",null,"M","M","$","?","T","R","E","R","T","$","E"],"character_chosen":"DEFECT","items_purchased":["Defragment","Hologram","Panacea","Consume"],"campfire_rested":1,"item_purchase_floors":[10,29,37,37],"current_hp_per_floor":[64,64,64,64,64,64,64,64,64,64,63,67,67,45,45,31,61,56,56,56,42,42,17,38,25,25,7,12,12,12,12,12,19,58,46,41,41,41,41,41,67,67,67,67,8],"gold":101,"neow_bonus":"THREE_ENEMY_KILL","is_prod":false,"is_daily":false,"chose_seed":false,"campfire_upgraded":5,"win_rate":0,"timestamp":1554376748,"path_taken":["M","?","?","?","M","E","R","?","T","$","E","M","M","E","R","BOSS","M","?","?","M","$","E","R","E","T","E","?","$","?","?","R","BOSS","M","M","$","?","?","R","E","R","T","$","E"],"build_version":"2019-01-23","purchased_purges":3,"victory":false,"max_hp_per_floor":[71,71,71,71,71,71,71,71,71,71,71,71,71,71,71,71,71,71,71,71,71,71,71,71,71,71,71,71,71,71,71,71,71,71,71,71,71,67,67,67,69,69,69,69,69],"card_choices":[{"not_picked":["Cold Snap","Barrage"],"picked":"Ball Lightning","floor":1.0},{"not_picked":["Streamline","Double Energy"],"picked":"Loop","floor":5.0},{"not_picked":["Coolheaded","FTL"],"picked":"Electrodynamics","floor":6.0},{"not_picked":["Redo","Loop"],"picked":"Cold Snap","floor":8.0},{"not_picked":["BootSequence","Capacitor"],"picked":"Tempest","floor":11.0},{"not_picked":["Hologram","Leap"],"picked":"BootSequence","floor":12.0},{"not_picked":["Rebound","Sweeping Beam"],"picked":"White Noise","floor":13.0},{"not_picked":["Scrape","Redo"],"picked":"Stack","floor":14.0},{"not_picked":["Electrodynamics","Rainbow"],"picked":"Fission","floor":16.0},{"not_picked":["Genetic Algorithm","Sweeping Beam+1"],"picked":"Defragment","floor":18.0},{"not_picked":["Steam","Gash"],"picked":"Double Energy","floor":21.0},{"not_picked":["Stack","Hyperbeam"],"picked":"Coolheaded","floor":23.0},{"not_picked":["Reinforced Body","Auto Shields","Streamline"],"picked":"SKIP","floor":25.0},{"not_picked":["Rebound","Gash"],"picked":"Blizzard","floor":27.0},{"not_picked":["Steam","Ball Lightning","Streamline"],"picked":"SKIP","floor":28.0},{"not_picked":["Hyperbeam","Biased Cognition"],"picked":"Amplify","floor":33.0},{"not_picked":["Sweeping Beam","Stack+1"],"picked":"Go for the Eyes","floor":35.0},{"not_picked":["Compile Driver","White Noise"],"picked":"Fusion+1","floor":36.0},{"not_picked":["Stack","Doom and Gloom","All For One"],"picked":"Singing Bowl","floor":41.0}],"player_experience":1322293,"relics_obtained":[{"floor":6.0,"key":"Ginger"},{"floor":9.0,"key":"Bird Faced Urn"},{"floor":11.0,"key":"Bottled Flame"},{"floor":14.0,"key":"Art of War"},{"floor":23.0,"key":"Boot"},{"floor":23.0,"key":"Bronze Scales"},{"floor":25.0,"key":"Potion Belt"},{"floor":25.0,"key":"Darkstone Periapt"},{"floor":27.0,"key":"Incense Burner"},{"floor":27.0,"key":"Tiny Chest"},{"floor":30.0,"key":"Omamori"},{"floor":39.0,"key":"Singing Bowl"},{"floor":41.0,"key":"Oddly Smooth Stone"},{"floor":41.0,"key":"Sundial"},{"floor":43.0,"key":"Juzu Bracelet"}],"event_choices":[{"cards_removed":["Strike_B"],"damage_healed":0.0,"max_hp_gain":0.0,"max_hp_loss":0.0,"gold_gain":0.0,"event_name":"The Cleric","player_choice":"Card Removal","floor":2.0,"gold_loss":75.0,"damage_taken":0.0},{"cards_removed":["Strike_B"],"damage_healed":0.0,"max_hp_gain":0.0,"max_hp_loss":0.0,"gold_gain":0.0,"event_name":"Living Wall","player_choice":"Forget","floor":3.0,"gold_loss":0.0,"damage_taken":0.0},{"cards_removed":["Strike_B"],"damage_healed":0.0,"max_hp_gain":0.0,"max_hp_loss":0.0,"gold_gain":0.0,"event_name":"Bonfire Elementals","player_choice":"Offered Basic","floor":4.0,"gold_loss":0.0,"damage_taken":0.0},{"damage_healed":0.0,"max_hp_gain":0.0,"max_hp_loss":0.0,"gold_gain":0.0,"event_name":"The Mausoleum","player_choice":"Ignored","floor":19.0,"gold_loss":0.0,"damage_taken":0.0},{"damage_healed":0.0,"max_hp_gain":0.0,"max_hp_loss":0.0,"gold_gain":0.0,"event_name":"The Woman in Blue","player_choice":"Bought 1 Potion","floor":20.0,"gold_loss":0.0,"damage_taken":0.0},{"cards_removed":["Defend_B"],"damage_healed":0.0,"max_hp_gain":0.0,"max_hp_loss":0.0,"gold_gain":0.0,"event_name":"Back to Basics","player_choice":"Elegance","floor":31.0,"gold_loss":0.0,"damage_taken":0.0},{"damage_healed":0.0,"max_hp_gain":0.0,"max_hp_loss":4.0,"gold_gain":0.0,"event_name":"Winding Halls","player_choice":"Max HP","floor":38.0,"gold_loss":0.0,"damage_taken":0.0}],"is_beta":false,"boss_relics":[{"not_picked":["Philosopher\u0027s Stone","Sozu"],"picked":"Black Star"},{"not_picked":["Empty Cage","Snecko Eye"],"picked":"Nuclear Battery"}],"items_purged_floors":[22,29,44],"is_endless":false,"potions_floor_spawned":[5,8,12,14,16,21,23,25,28,33,36],"killed_by":"Giant Head","ascension_level":20}