{"gold_per_floor":[117,117,117,133,308,337,349,60,60,75,95,113,140,160,160,160],"floor_reached":16,"playtime":1269,"items_purged":[],"score":137,"play_id":"185a1227-aa52-4e8e-acfc-4f6a0683f483","local_time":"20190504111432","is_ascension_mode":false,"campfire_choices":[{"data":"Inflame","floor":7,"key":"SMITH"},{"floor":15,"key":"REST"}],"neow_cost":"NONE","seed_source_timestamp":2032567275164914,"circlet_count":0,"master_deck":["Strike_R","Strike_R","Strike_R","Strike_R","Strike_R","Defend_R","Defend_R","Defend_R","Defend_R","Bash","Twin Strike","Inflame+1","Doubt","Warcry","Havoc","Warcry","Sword Boomerang","Ghostly Armor","Rupture"],"relics":["Burning Blood","MawBank","Mango","Sundial","Incense Burner"],"potions_floor_usage":[6,12,12,13,13,13,14,16],"damage_taken":[{"damage":6,"enemies":"Cultist","floor":1,"turns":3},{"damage":5,"enemies":"2 Louse","floor":4,"turns":2},{"damage":65,"enemies":"3 Sentries","floor":6,"turns":11},{"damage":11,"enemies":"Jaw Worm","floor":10,"turns":3},{"damage":16,"enemies":"Large Slime","floor":11,"turns":4},{"damage":10,"enemies":"Gremlin Gang","floor":12,"turns":4},{"damage":26,"enemies":"Lagavulin","floor":13,"turns":4},{"damage":9,"enemies":"Blue Slaver","floor":14,"turns":3},{"damage":42,"enemies":"The Guardian","floor":16,"turns":12}],"seed_played":"8901137464525590689","potions_obtained":[{"floor":3,"key":"EntropicBrew"},{"floor":3,"key":"GamblersBrew"},{"floor":3,"key":"Weak Potion"},{"floor":6,"key":"Ancient Potion"},{"floor":10,"key":"AttackPotion"},{"floor":11,"key":"Energy Potion"},{"floor":13,"key":"PowerPotion"}],"is_trial":false,"path_per_floor":["M","T","?","M","?","E","R","$","T","M","M","M","E","M","R","B"],"character_chosen":"IRONCLAD","items_purchased":["Mango"],"campfire_rested":1,"item_purchase_floors":[8],"current_hp_per_floor":[88,88,88,88,88,29,29,43,43,38,28,24,14,11,41,0],"gold":160,"neow_bonus":"TEN_PERCENT_HP_BONUS","is_prod":false,"is_daily":false,"chose_seed":false,"campfire_upgraded":1,"win_rate":0,"timestamp":1556986472,"path_taken":["M","?","?","?","?","E","R","$","T","M","M","M","E","M","R","BOSS"],"build_version":"2019-01-23","purchased_purges":0,"victory":false,"max_hp_per_floor":[88,88,88,88,88,88,88,102,102,102,102,102,102,102,102,102],"card_choices":[{"not_picked":["Armaments","Havoc"],"picked":"Twin Strike","floor":1},{"not_picked":["True Grit","Flame Barrier"],"picked":"Inflame","floor":4},{"not_picked":["Immolate","Perfected Strike"],"picked":"Warcry","floor":6},{"not_picked":["Body Slam","Flex"],"picked":"Havoc","floor":10},{"not_picked":["Havoc","Power Through"],"picked":"Warcry","floor":11},{"not_picked":["Havoc","Flex"],"picked":"Sword Boomerang","floor":12},{"not_picked":["Infernal Blade","Clash"],"picked":"Ghostly Armor","floor":13},{"not_picked":["Shrug It Off","Fiend Fire"],"picked":"Rupture","floor":14}],"player_experience":259654,"relics_obtained":[{"floor":6,"key":"MawBank"},{"floor":9,"key":"Sundial"},{"floor":13,"key":"Incense Burner"}],"event_choices":[{"damage_healed":0,"gold_gain":0,"player_choice":"Got Potions","damage_taken":0,"max_hp_gain":0,"max_hp_loss":0,"event_name":"Lab","floor":3,"gold_loss":0},{"damage_healed":0,"gold_gain":175,"player_choice":"AGREE","damage_taken":0,"max_hp_gain":0,"max_hp_loss":0,"event_name":"Liars Game","floor":5,"gold_loss":0,"cards_obtained":["Doubt"]}],"is_beta":false,"boss_relics":[],"items_purged_floors":[],"is_endless":false,"potions_floor_spawned":[6,10,11,13],"killed_by":"The Guardian","ascension_level":0}