{"gold_per_floor":[117,132,57,57,57,57,57,57,110,134,34,109,35,50,50,146,146,169,192,192,192,205,205,80,95,121,137,137,137,137,171,171,171],"floor_reached":33,"playtime":782,"items_purged":["Strike_G","Strike_G","Strike_G"],"score":443,"play_id":"1e7e4a79-751b-4266-a77f-c4edfc4117e1","local_time":"20190304170319","is_ascension_mode":true,"campfire_choices":[{"data":"Noxious Fumes","floor":6,"key":"SMITH"},{"data":"Neutralize","floor":8,"key":"SMITH"},{"data":"Catalyst","floor":15,"key":"SMITH"},{"data":"Tools of the Trade","floor":23,"key":"SMITH"},{"data":"Concentrate","floor":29,"key":"SMITH"},{"data":"Tactician","floor":32,"key":"SMITH"}],"neow_cost":"PERCENT_DAMAGE","seed_source_timestamp":166148206882841,"circlet_count":0,"master_deck":["AscendersBane","Defend_G","Defend_G","Defend_G","Defend_G","Defend_G","Survivor","Neutralize+1","Corpse Explosion","Tools of the Trade+1","Terror","Noxious Fumes+1","Catalyst+1","Grand Finale","Expertise+1","Tactician+1","Concentrate+1"],"relics":["Ring of the Snake","Golden Idol","Tiny Chest","Runic Dome","Pear","Blood Vial","Snake Skull"],"potions_floor_usage":[31,31,33],"damage_taken":[{"damage":1,"enemies":"Small Slimes","floor":1,"turns":4},{"damage":2,"enemies":"Jaw Worm","floor":2,"turns":6},{"damage":0,"enemies":"Cultist","floor":10,"turns":4},{"damage":3,"enemies":"3 Louse","floor":14,"turns":3},{"damage":22,"enemies":"The Guardian","floor":16,"turns":9},{"damage":0,"enemies":"Shell Parasite","floor":18,"turns":6},{"damage":21,"enemies":"3 Byrds","floor":19,"turns":3},{"damage":10,"enemies":"Centurion and Healer","floor":22,"turns":4},{"damage":1,"enemies":"Snecko","floor":25,"turns":5},{"damage":6,"enemies":"Snake Plant","floor":27,"turns":4},{"damage":8,"enemies":"Slavers","floor":31,"turns":5},{"damage":22,"enemies":"Champ","floor":33,"turns":5}],"seed_played":"-9014541441449901784","potions_obtained":[{"floor":1,"key":"PowerPotion"},{"floor":14,"key":"SpeedPotion"},{"floor":22,"key":"GhostInAJar"},{"floor":31,"key":"SkillPotion"}],"is_trial":false,"path_per_floor":["M","M","$","?","?","R","?","R","T","M","$","?","$","M","R","B",null,"M","M","?","T","M","R","$","M","T","M","?","R","$","E","R","B"],"character_chosen":"THE_SILENT","items_purchased":["Catalyst"],"campfire_rested":0,"item_purchase_floors":[13],"current_hp_per_floor":[43,41,41,46,46,46,46,46,46,46,46,35,35,32,32,10,51,51,30,30,40,30,30,30,29,29,25,25,25,25,19,19,0],"gold":171,"neow_bonus":"TRANSFORM_TWO_CARDS","is_prod":false,"is_daily":false,"chose_seed":false,"campfire_upgraded":6,"win_rate":0,"timestamp":1551690199,"path_taken":["M","M","$","?","?","R","?","R","T","?","?","?","$","M","R","BOSS","M","M","?","?","M","R","$","M","T","?","?","R","?","E","R","BOSS"],"build_version":"2019-01-23","purchased_purges":3,"victory":false,"max_hp_per_floor":[66,66,66,71,71,71,64,64,64,64,64,64,64,64,64,64,64,64,64,64,74,74,74,74,74,74,74,74,74,74,74,74,74],"card_choices":[{"not_picked":["Prepared","All Out Attack"],"picked":"Terror","floor":1},{"not_picked":["Blade Dance","Dash"],"picked":"Noxious Fumes","floor":2},{"not_picked":["Choke","Underhanded Strike","Slice"],"picked":"SKIP","floor":10},{"not_picked":["Dash","Blade Dance","Crippling Poison"],"picked":"SKIP","floor":14},{"not_picked":["Wraith Form v2","Tools of the Trade"],"picked":"Grand Finale","floor":16},{"not_picked":["Skewer","Poisoned Stab+1"],"picked":"Expertise+1","floor":18},{"not_picked":["Prepared","Dagger Throw","Noxious Fumes"],"picked":"SKIP","floor":19},{"not_picked":["Predator+1","Dodge and Roll","Quick Slash"],"picked":"SKIP","floor":22},{"not_picked":["Backstab","Poisoned Stab"],"picked":"Tactician","floor":25},{"not_picked":["Quick Slash+1","Doppelganger"],"picked":"Concentrate","floor":27},{"not_picked":["Noxious Fumes","Dagger Spray","Cloak And Dagger"],"picked":"SKIP","floor":31}],"player_experience":1106731,"relics_obtained":[{"floor":9,"key":"Tiny Chest"},{"floor":21,"key":"Pear"},{"floor":26,"key":"Blood Vial"},{"floor":31,"key":"Snake Skull"}],"event_choices":[{"damage_healed":0,"gold_gain":0,"player_choice":"Donut","damage_taken":0,"max_hp_gain":5,"max_hp_loss":0,"event_name":"Big Fish","floor":4,"gold_loss":0},{"damage_healed":0,"gold_gain":0,"player_choice":"Ignored","damage_taken":0,"max_hp_gain":0,"max_hp_loss":0,"event_name":"Liars Game","floor":5,"gold_loss":0},{"damage_healed":0,"gold_gain":0,"player_choice":"Lose Max HP","damage_taken":0,"relics_obtained":["Golden Idol"],"max_hp_gain":0,"max_hp_loss":7,"event_name":"Golden Idol","floor":7,"gold_loss":0},{"damage_healed":0,"gold_gain":75,"player_choice":"Gather Gold","damage_taken":11,"max_hp_gain":0,"max_hp_loss":0,"event_name":"World of Goop","floor":12,"gold_loss":0},{"damage_healed":0,"gold_gain":0,"player_choice":"Ignored","damage_taken":0,"max_hp_gain":0,"max_hp_loss":0,"event_name":"Vampires","floor":20,"gold_loss":0},{"damage_healed":0,"gold_gain":0,"player_choice":"Ignored","damage_taken":0,"max_hp_gain":0,"max_hp_loss":0,"event_name":"N\u0027loth","floor":28,"gold_loss":0}],"is_beta":false,"boss_relics":[{"not_picked":["Orrery","White Beast Statue"],"picked":"Runic Dome"}],"items_purged_floors":[3,11,24],"is_endless":false,"potions_floor_spawned":[1,14,22,27,31],"killed_by":"Champ","ascension_level":15}