{"gold_per_floor":[112,112,132,153,31,62,81,106,130,150,250,250,273,314,314,440,440,458,458,92,117,137,137,236,279,279,279],"floor_reached":27,"playtime":5189,"items_purged":["Injury"],"score":268,"play_id":"0c5d1df7-0e39-4c67-8c0b-658863715cec","local_time":"20180705233206","is_ascension_mode":false,"campfire_choices":[{"floor":12,"key":"REST"},{"data":"Flame Barrier","floor":15,"key":"SMITH"},{"floor":23,"key":"REST"}],"neow_cost":"NONE","seed_source_timestamp":187055397560870,"circlet_count":0,"master_deck":["Strike_R","Strike_R","Strike_R","Strike_R","Strike_R","Defend_R","Defend_R+1","Defend_R","Bash","Shrug It Off","Cleave","Sword Boomerang","Clash","Flame Barrier+1","Impervious+1","Perfected Strike","Headbutt","Perfected Strike","Clothesline","Limit Break","Iron Wave+1","Second Wind","Bandage Up","Heavy Blade","Iron Wave+1","Body Slam"],"relics":["Burning Blood","Juzu Bracelet","Golden Idol","Strawberry","Odd Mushroom","Lantern","Oddly Smooth Stone","Eternal Feather","Kunai","Mango","War Paint"],"potions_floor_usage":[10,10,16,16,25,25,27],"damage_taken":[{"damage":1,"enemies":"Cultist","floor":1,"turns":3},{"damage":5,"enemies":"Small Slimes","floor":3,"turns":4},{"damage":1,"enemies":"2 Louse","floor":4,"turns":3},{"damage":23,"enemies":"Lagavulin","floor":6,"turns":6},{"damage":2,"enemies":"2 Fungi Beasts","floor":7,"turns":4},{"damage":16,"floor":8,"turns":4},{"damage":10,"enemies":"Exordium Thugs","floor":10,"turns":4},{"damage":10,"enemies":"Lots of Slimes","floor":13,"turns":5},{"damage":3,"enemies":"3 Sentries","floor":14,"turns":7},{"damage":49,"enemies":"The Guardian","floor":16,"turns":12},{"damage":24,"enemies":"2 Thieves","floor":18,"turns":5},{"damage":12,"enemies":"Chosen","floor":21,"turns":6},{"damage":37,"enemies":"3 Cultists","floor":22,"turns":7},{"damage":72,"enemies":"Slavers","floor":25,"turns":8},{"damage":43,"enemies":"Cultist and Chosen","floor":27,"turns":6}],"seed_played":"8519174791320804770","potions_obtained":[{"floor":4,"key":"Poison Potion"},{"floor":7,"key":"LiquidBronze"},{"floor":8,"key":"LiquidBronze"},{"floor":10,"key":"PowerPotion"},{"floor":16,"key":"BloodPotion"},{"floor":21,"key":"Strength Potion"},{"floor":25,"key":"Explosive Potion"}],"is_trial":false,"path_per_floor":["M","?","M","M","$","E","M","?","T","M","?","R","M","E","R","B",null,"M","?","$","M","M","R","?","E","T"],"character_chosen":"IRONCLAD","items_purchased":["Clash","Kunai","Bandage Up"],"campfire_rested":2,"item_purchase_floors":[5,20,20],"current_hp_per_floor":[80,80,80,80,80,70,74,64,64,60,60,86,82,85,85,42,87,69,69,69,67,40,76,76,36,36,0],"gold":279,"neow_bonus":"RANDOM_COMMON_RELIC","is_prod":false,"is_daily":false,"chose_seed":false,"campfire_upgraded":1,"win_rate":0.0,"timestamp":1530826326,"path_taken":["M","?","M","M","$","E","M","?","T","M","?","R","M","E","R","BOSS","M","?","$","M","M","R","?","E","T","M"],"build_version":"2018-06-28","purchased_purges":1,"victory":false,"max_hp_per_floor":[80,80,80,80,80,87,87,87,87,87,87,87,87,87,87,87,87,87,87,87,87,87,87,87,101,101,101],"card_choices":[{"not_picked":["Pommel Strike","Cleave"],"picked":"Shrug It Off","floor":1},{"not_picked":["Power Through","Pommel Strike"],"picked":"Cleave","floor":3},{"not_picked":["Warcry","Entrench"],"picked":"Sword Boomerang","floor":4},{"not_picked":["Flex","Entrench"],"picked":"Flame Barrier","floor":6},{"not_picked":["Clothesline","Bloodletting"],"picked":"Impervious","floor":7},{"not_picked":["Clash","Fire Breathing"],"picked":"Perfected Strike","floor":8},{"not_picked":["Thunderclap","Pommel Strike"],"picked":"Headbutt","floor":10},{"not_picked":["Corruption","Twin Strike"],"picked":"Perfected Strike","floor":13},{"not_picked":["Power Through","Thunderclap"],"picked":"Clothesline","floor":14},{"not_picked":["Bludgeon","Double Tap"],"picked":"Limit Break","floor":16},{"not_picked":["Reckless Charge","Power Through"],"picked":"Iron Wave+1","floor":18},{"not_picked":["Fire Breathing","Ghostly Armor"],"picked":"Heavy Blade","floor":21},{"not_picked":["Shrug It Off","Warcry"],"picked":"Iron Wave+1","floor":22},{"not_picked":["Carnage+1","Thunderclap"],"picked":"Body Slam","floor":25}],"player_experience":12463,"relics_obtained":[{"floor":6,"key":"Strawberry"},{"floor":8,"key":"Odd Mushroom"},{"floor":9,"key":"Lantern"},{"floor":14,"key":"Oddly Smooth Stone"},{"floor":25,"key":"Mango"},{"floor":26,"key":"War Paint"}],"event_choices":[{"event_name":"Golden Idol","player_choice":"Take Wound","floor":2,"damage_taken":0},{"event_name":"Mushrooms","player_choice":"Fought Mushrooms","floor":8,"damage_taken":0},{"event_name":"Golden Shrine","player_choice":"Pray","floor":11,"damage_taken":0},{"event_name":"Transmorgrifier","player_choice":"Transform","floor":19,"damage_taken":0},{"event_name":"Nest","player_choice":"Stole From Cult","floor":24,"damage_taken":0}],"boss_relics":[{"not_picked":["Black Blood","Empty Cage"],"picked":"Eternal Feather"}],"items_purged_floors":[5],"is_endless":false,"potions_floor_spawned":[4,7,8,10,16,21,25],"killed_by":"Cultist and Chosen","ascension_level":0}