{"gold_per_floor":[112,112,187,204,218,218,245,257,269,301,339,65,99,9,9,106,106,118,118,136,111,126,126,138,138,138,138,153,167,200,380,380,478,478,488,488,488,488,488,488,517,156,202,202,213,229,33,51,51,51,51,51,0,33,33],"floor_reached":56,"playtime":6290,"items_purged":["Defend_G"],"score":1512,"play_id":"756ee93c-f4c7-4617-98f5-748f852cb0df","local_time":"20190508182523","is_ascension_mode":true,"campfire_choices":[{"floor":6.0,"key":"REST"},{"data":"Blur","floor":8.0,"key":"SMITH"},{"data":"Footwork","floor":15.0,"key":"SMITH"},{"data":"Burst","floor":23.0,"key":"SMITH"},{"data":"Burst","floor":25.0,"key":"SMITH"},{"data":"Noxious Fumes","floor":32.0,"key":"SMITH"},{"data":"Tactician","floor":40.0,"key":"SMITH"},{"data":"Noxious Fumes","floor":44.0,"key":"SMITH"},{"floor":49.0,"key":"RECALL"},{"data":"Acrobatics","floor":52.0,"key":"SMITH"}],"neow_cost":"NONE","seed_source_timestamp":76936214818500,"circlet_count":0,"master_deck":["Defend_G","Defend_G","Defend_G","Defend_G","Strike_G","Strike_G","Strike_G","Strike_G","Survivor","Neutralize","Blur+1","Escape Plan","Tactician+1","Dagger Throw","Acrobatics+1","Burst+1","Footwork+1","Dagger Throw","Burst+1","Acrobatics","Well Laid Plans+1","Backflip","Dagger Throw+1","Noxious Fumes+1","Infinite Blades","Noxious Fumes+1","Footwork","Acrobatics+1"],"special_seed":0,"relics":["Ring of the Snake","Bag of Preparation","MawBank","Mercury Hourglass","FossilizedHelix","Tough Bandages","Dodecahedron","HoveringKite","Letter Opener","Singing Bowl","Eternal Feather","Snake Skull","Ornamental Fan","PrismaticShard","Oddly Smooth Stone"],"potions_floor_usage":[55,55],"damage_taken":[{"damage":0.0,"enemies":"Cultist","floor":1.0,"turns":4.0},{"damage":8.0,"enemies":"Jaw Worm","floor":4.0,"turns":8.0},{"damage":0.0,"enemies":"2 Louse","floor":5.0,"turns":3.0},{"damage":0.0,"enemies":"2 Fungi Beasts","floor":10.0,"turns":3.0},{"damage":17.0,"enemies":"Lagavulin","floor":11.0,"turns":9.0},{"damage":0.0,"enemies":"3 Sentries","floor":13.0,"turns":7.0},{"damage":1.0,"enemies":"Slime Boss","floor":16.0,"turns":14.0},{"damage":0.0,"enemies":"3 Byrds","floor":18.0,"turns":7.0},{"damage":0.0,"enemies":"Spheric Guardian","floor":20.0,"turns":12.0},{"damage":0.0,"enemies":"Centurion and Healer","floor":22.0,"turns":18.0},{"damage":0.0,"enemies":"Snecko","floor":24.0,"turns":8.0},{"damage":0.0,"enemies":"3 Cultists","floor":28.0,"turns":4.0},{"damage":0.0,"enemies":"Sentry and Sphere","floor":29.0,"turns":6.0},{"damage":0.0,"enemies":"Book of Stabbing","floor":30.0,"turns":7.0},{"damage":0.0,"enemies":"Automaton","floor":33.0,"turns":12.0},{"damage":0.0,"enemies":"Orb Walker","floor":35.0,"turns":4.0},{"damage":0.0,"enemies":"Giant Head","floor":41.0,"turns":10.0},{"damage":0.0,"enemies":"3 Shapes","floor":45.0,"turns":4.0},{"damage":0.0,"enemies":"Maw","floor":46.0,"turns":9.0},{"damage":0.0,"enemies":"Transient","floor":48.0,"turns":5.0},{"damage":0.0,"enemies":"Donu and Deca","floor":50.0,"turns":9.0},{"damage":0.0,"enemies":"Shield and Spear","floor":54.0,"turns":8.0},{"damage":0,"enemies":"The Heart","floor":55,"turns":14}],"seed_played":"-7879141606888390112","potions_obtained":[{"floor":1.0,"key":"SpeedPotion"},{"floor":13.0,"key":"Poison Potion"},{"floor":16.0,"key":"Ancient Potion"},{"floor":24.0,"key":"Regen Potion"},{"floor":28.0,"key":"Swift Potion"},{"floor":30.0,"key":"Poison Potion"},{"floor":35.0,"key":"SteroidPotion"},{"floor":41.0,"key":"Weak Potion"}],"is_trial":false,"path_per_floor":["M","?","?","M","M","R","T","R","T","M","E","$","E","$","R","B",null,"M","?","M","$","M","R","M","R","T","?","M","M","E","?","R","B",null,"M","?","?","?","T","R","E","$","T","R","M","M","$","M","R","B",null,"R","$","E","B",null],"character_chosen":"THE_SILENT","items_purchased":["Tough Bandages","Footwork","Dagger Throw","Backflip","Noxious Fumes","PrismaticShard","Oddly Smooth Stone","PowerPotion","SkillPotion"],"campfire_rested":1,"item_purchase_floors":[12,14,14,21,42,42,47,47,53],"current_hp_per_floor":[70,63,52,44,44,65,65,65,65,65,48,48,48,48,48,47,70,70,57,57,57,57,57,57,57,57,57,69,69,69,48,48,50,77,79,81,81,81,81,81,81,81,81,81,81,83,83,85,85,85,85,85,85,85,85],"gold":33,"neow_bonus":"RANDOM_COMMON_RELIC","is_prod":false,"is_daily":false,"chose_seed":false,"campfire_upgraded":8,"win_rate":0,"timestamp":1557357923,"path_taken":["M","?","?","M","M","R","?","R","T","M","E","?","E","$","R","BOSS","M","?","M","$","M","R","M","R","T","?","M","?","E","?","R","BOSS","M","?","?","?","?","R","E","$","T","R","M","?","$","M","R","BOSS","R","$","E","BOSS"],"build_version":"2019-01-23","purchased_purges":1,"victory":true,"max_hp_per_floor":[70,70,70,70,70,70,70,70,70,70,70,70,70,70,70,70,70,70,75,75,75,75,75,75,75,75,75,75,75,75,75,75,77,77,79,81,81,81,81,81,81,81,81,81,81,83,83,85,85,85,85,85,85,85,85],"card_choices":[{"not_picked":["Skewer","Masterful Stab"],"picked":"Blur","floor":1.0},{"not_picked":["Dagger Throw","Infinite Blades"],"picked":"Escape Plan","floor":4.0},{"not_picked":["Setup","Underhanded Strike"],"picked":"Tactician","floor":5.0},{"not_picked":["Prepared","Masterful Stab"],"picked":"Dagger Throw","floor":10.0},{"not_picked":["Masterful Stab","Flying Knee"],"picked":"Acrobatics","floor":11.0},{"not_picked":["Well Laid Plans","After Image"],"picked":"Burst","floor":13.0},{"not_picked":["Wraith Form v2","Die Die Die"],"picked":"Burst","floor":16.0},{"not_picked":["Endless Agony","Tactician"],"picked":"Acrobatics","floor":18.0},{"not_picked":["Quick Slash","Backflip"],"picked":"Well Laid Plans","floor":20.0},{"not_picked":["Terror","Concentrate+1","Deflect"],"picked":"SKIP","floor":22.0},{"not_picked":["Acrobatics","Flying Knee+1"],"picked":"Dagger Throw+1","floor":24.0},{"not_picked":["Finisher","Cloak And Dagger+1","Underhanded Strike"],"picked":"SKIP","floor":28.0},{"not_picked":["Cloak And Dagger+1","Slice","Dodge and Roll"],"picked":"SKIP","floor":29.0},{"not_picked":["Prepared+1","All Out Attack+1"],"picked":"Noxious Fumes","floor":30.0},{"not_picked":["Malaise","Doppelganger","Grand Finale"],"picked":"Singing Bowl","floor":33.0},{"not_picked":["PiercingWail+1","Endless Agony+1","Dagger Spray+1"],"picked":"Singing Bowl","floor":35.0},{"not_picked":["Jack Of All Trades","Forethought","Secret Weapon"],"picked":"Singing Bowl","floor":36.0},{"not_picked":["Blade Dance","Cloak And Dagger+1"],"picked":"Infinite Blades","floor":41.0},{"not_picked":["Cloak And Dagger","Dagger Throw+1"],"picked":"Footwork","floor":45.0},{"not_picked":["Endless Agony+1","Dodge and Roll","Exhume"],"picked":"Singing Bowl","floor":46.0},{"not_picked":["Stack+1","Heavy Blade","Hemokinesis"],"picked":"Singing Bowl","floor":48.0},{"not_picked":["Hologram","Noxious Fumes+1"],"picked":"Acrobatics+1","floor":54.0}],"player_experience":240226,"relics_obtained":[{"floor":7.0,"key":"MawBank"},{"floor":9.0,"key":"Mercury Hourglass"},{"floor":11.0,"key":"FossilizedHelix"},{"floor":13.0,"key":"Dodecahedron"},{"floor":26.0,"key":"Letter Opener"},{"floor":30.0,"key":"Singing Bowl"},{"floor":39.0,"key":"Snake Skull"},{"floor":41.0,"key":"Ornamental Fan"}],"event_choices":[{"cards_removed":["Strike_G"],"damage_healed":0.0,"max_hp_gain":0.0,"max_hp_loss":0.0,"gold_gain":0.0,"event_name":"Golden Wing","player_choice":"Card Removal","floor":2.0,"gold_loss":0.0,"damage_taken":7.0},{"damage_healed":0.0,"max_hp_gain":0.0,"max_hp_loss":0.0,"gold_gain":75.0,"event_name":"World of Goop","player_choice":"Gather Gold","floor":3.0,"gold_loss":0.0,"damage_taken":11.0},{"damage_healed":0.0,"max_hp_gain":5.0,"max_hp_loss":0.0,"gold_gain":0.0,"event_name":"Forgotten Altar","player_choice":"Shed Blood","floor":19.0,"gold_loss":0.0,"damage_taken":18.0},{"damage_healed":0.0,"max_hp_gain":0.0,"max_hp_loss":0.0,"gold_gain":0.0,"event_name":"Accursed Blacksmith","player_choice":"Forge","floor":27.0,"gold_loss":0.0,"damage_taken":0.0,"cards_upgraded":["Well Laid Plans"]},{"damage_healed":0.0,"max_hp_gain":0.0,"max_hp_loss":0.0,"gold_gain":180.0,"event_name":"Knowing Skull","player_choice":"GOLD GOLD ","floor":31.0,"potions_obtained":[],"gold_loss":0.0,"damage_taken":21.0,"cards_obtained":[]},{"damage_healed":0.0,"max_hp_gain":0.0,"max_hp_loss":0.0,"gold_gain":0.0,"event_name":"SensoryStone","player_choice":"Memory 1","floor":36.0,"gold_loss":0.0,"damage_taken":0.0},{"damage_healed":0.0,"max_hp_gain":0.0,"max_hp_loss":0.0,"gold_gain":0.0,"event_name":"Mysterious Sphere","player_choice":"Ignored","floor":37.0,"gold_loss":0.0,"damage_taken":0.0},{"damage_healed":0.0,"max_hp_gain":0.0,"max_hp_loss":0.0,"gold_gain":0.0,"event_name":"Tomb of Lord Red Mask","player_choice":"Ignored","floor":38.0,"gold_loss":0.0,"damage_taken":0.0}],"is_beta":false,"boss_relics":[{"not_picked":["WristBlade","White Beast Statue"],"picked":"HoveringKite"},{"not_picked":["Astrolabe","Philosopher\u0027s Stone"],"picked":"Eternal Feather"}],"items_purged_floors":[42],"is_endless":false,"potions_floor_spawned":[1,13,16,24,28,30,35,41],"ascension_level":1}