{"gold_per_floor":[363,134,284,25,25,25,51,51,78,78,78,92,92],"floor_reached":13,"playtime":279,"items_purged":["Decay","Doubt"],"score":150,"play_id":"9396c923-c160-435f-b808-56f809a5b921","local_time":"20181108095701","is_ascension_mode":true,"campfire_choices":[{"data":"Consume","floor":6,"key":"SMITH"},{"data":"Multi-Cast","floor":8,"key":"SMITH"},{"data":"Gash","floor":11,"key":"SMITH"}],"neow_cost":"CURSE","seed_source_timestamp":270271774275193,"circlet_count":0,"master_deck":["AscendersBane","Strike_B","Strike_B","Strike_B","Strike_B","Defend_B","Defend_B","Defend_B","Defend_B","Zap","Dualcast","Chill","Swift Strike","Gash+1","Glacier","Consume+1","Multi-Cast+1","Turbo"],"relics":["Cracked Core","Potion Belt","Ancient Tea Set"],"potions_floor_usage":[13],"damage_taken":[{"damage":7,"enemies":"Small Slimes","floor":1,"turns":2},{"damage":26,"enemies":"Lagavulin","floor":7,"turns":12},{"damage":0,"enemies":"Jaw Worm","floor":12,"turns":4},{"damage":43,"enemies":"Gremlin Nob","floor":13,"turns":3}],"seed_played":"5303702129267101861","potions_obtained":[{"floor":12,"key":"Regen Potion"}],"is_trial":false,"path_per_floor":["M","$","?","$","$","R","E","R","T","?","R","M","E"],"character_chosen":"DEFECT","items_purchased":["Swift Strike","Gash","Glacier","Consume"],"campfire_rested":0,"item_purchase_floors":[2,2,4,4],"current_hp_per_floor":[57,57,57,57,57,57,31,31,31,31,31,31,0],"gold":92,"neow_bonus":"TWO_FIFTY_GOLD","is_prod":false,"is_daily":false,"chose_seed":false,"campfire_upgraded":3,"win_rate":0,"timestamp":1541689021,"path_taken":["M","$","?","?","$","R","E","R","T","?","R","M","E"],"build_version":"2018-11-01","purchased_purges":2,"victory":false,"max_hp_per_floor":[71,71,71,71,71,71,71,71,71,71,71,71,71],"card_choices":[{"not_picked":["Hello World","Doom and Gloom"],"picked":"Chill","floor":1},{"not_picked":["Heatsinks","Streamline"],"picked":"Multi-Cast","floor":7},{"not_picked":["Double Energy","Aggregate"],"picked":"Turbo","floor":12}],"player_experience":705686,"relics_obtained":[{"floor":7,"key":"Potion Belt"},{"floor":9,"key":"Ancient Tea Set"}],"event_choices":[{"damage_healed":0,"gold_gain":150,"player_choice":"AGREE","damage_taken":0,"max_hp_gain":0,"max_hp_loss":0,"event_name":"Liars Game","floor":3,"gold_loss":0,"cards_obtained":["Doubt"]},{"damage_healed":0,"gold_gain":0,"player_choice":"Ignored","damage_taken":0,"max_hp_gain":0,"max_hp_loss":0,"event_name":"Golden Idol","floor":10,"gold_loss":0}],"is_beta":false,"boss_relics":[],"items_purged_floors":[2,4],"is_endless":false,"potions_floor_spawned":[12],"killed_by":"Gremlin Nob","ascension_level":18}