{"gold_per_floor":[116,128,128,49,64,64,74,74,148,163,192,203,203,214,214,313,313,325,325,170,170,153,153,173,173],"floor_reached":25,"playtime":1269,"items_purged":["Decay"],"score":236,"play_id":"ab0f8e22-cdd8-4c6f-a492-aead71c07104","local_time":"20180806032237","is_ascension_mode":true,"campfire_choices":[{"data":"Zap","floor":6,"key":"SMITH"},{"floor":13,"key":"REST"},{"floor":15,"key":"REST"},{"floor":23,"key":"REST"}],"neow_cost":"CURSE","seed_source_timestamp":47560168907849,"circlet_count":0,"master_deck":["Strike_B","Strike_B","Strike_B","Strike_B","Defend_B","Defend_B","Defend_B","Defend_B","Zap+1","Dualcast","Capacitor","Tempest","BootSequence","Conserve Battery","Conserve Battery","Glacier","Double Energy+1"],"relics":["Cracked Core","Gambling Chip","Lantern","Blue Candle","Strawberry","Nuclear Battery"],"potions_floor_usage":[7,16,18,18,24,24,25],"damage_taken":[{"damage":0,"enemies":"2 Louse","floor":1,"turns":2},{"damage":4,"enemies":"Small Slimes","floor":2,"turns":3},{"damage":4,"enemies":"Jaw Worm","floor":5,"turns":3},{"damage":5,"enemies":"Exordium Thugs","floor":7,"turns":4},{"damage":9,"enemies":"2 Fungi Beasts","floor":10,"turns":4},{"damage":10,"enemies":"3 Sentries","floor":11,"turns":6},{"damage":8,"enemies":"Blue Slaver","floor":12,"turns":3},{"damage":11,"enemies":"Looter","floor":14,"turns":3},{"damage":25,"enemies":"Slime Boss","floor":16,"turns":7},{"damage":52,"enemies":"Shell Parasite","floor":18,"turns":9},{"damage":5,"enemies":"2 Thieves","floor":22,"turns":5},{"damage":30,"enemies":"Chosen and Byrds","floor":24,"turns":7},{"damage":60,"enemies":"Centurion and Healer","floor":25,"turns":15}],"seed_played":"-5248764402545386425","potions_obtained":[{"floor":1,"key":"Strength Potion"},{"floor":10,"key":"EntropicBrew"},{"floor":11,"key":"PowerPotion"},{"floor":22,"key":"Regen Potion"}],"is_trial":false,"path_per_floor":["M","M","?","$","M","R","M","$","T","M","E","M","R","M","R","B",null,"M","?","$","?","M","R","M"],"character_chosen":"DEFECT","items_purchased":["BootSequence","Double Energy"],"campfire_rested":3,"item_purchase_floors":[4,20],"current_hp_per_floor":[75,71,64,64,60,60,55,55,55,46,43,35,59,48,72,47,82,30,30,30,30,25,49,59,0],"gold":173,"neow_bonus":"ONE_RARE_RELIC","is_prod":false,"is_daily":false,"chose_seed":false,"campfire_upgraded":1,"win_rate":0,"timestamp":1533518557,"path_taken":["M","M","?","$","M","R","M","?","T","M","E","M","R","M","R","BOSS","M","?","$","?","M","R","?","M"],"build_version":"2018-08-02","purchased_purges":1,"victory":false,"max_hp_per_floor":[75,75,75,75,75,75,75,75,75,75,82,82,82,82,82,82,82,82,82,82,82,82,82,82,82],"card_choices":[{"not_picked":["Coolheaded","Reinforced Body"],"picked":"Capacitor","floor":1},{"not_picked":["Steam","Reprogram"],"picked":"Tempest","floor":2},{"not_picked":["Rip and Tear","Skim","Barrage"],"picked":"SKIP","floor":5},{"not_picked":["Rip and Tear","Cold Snap","Hologram"],"picked":"SKIP","floor":7},{"not_picked":["Streamline","Steam"],"picked":"Conserve Battery","floor":10},{"not_picked":["Cold Snap","Consume"],"picked":"Conserve Battery","floor":11},{"not_picked":["Go for the Eyes","Steam Power","Beam Cell"],"picked":"SKIP","floor":12},{"not_picked":["Force Field","Thunder Strike","Auto Shields"],"picked":"SKIP","floor":14},{"not_picked":["Rebound","Sweeping Beam","Loop"],"picked":"SKIP","floor":18},{"not_picked":["Barrage","Scrape","Skim"],"picked":"SKIP","floor":22},{"not_picked":["Undo+1","Redo","White Noise"],"picked":"SKIP","floor":24}],"player_experience":364994,"relics_obtained":[{"floor":9,"key":"Blue Candle"},{"floor":11,"key":"Strawberry"}],"event_choices":[{"event_name":"Scrap Ooze","player_choice":"success","floor":3,"damage_taken":7},{"event_name":"The Library","player_choice":"Read","floor":19,"damage_taken":0},{"event_name":"Upgrade Shrine","player_choice":"Upgraded","floor":21,"damage_taken":0}],"is_beta":false,"boss_relics":[{"not_picked":["Philosopher\u0027s Stone","Snecko Eye"],"picked":"Nuclear Battery"}],"items_purged_floors":[20],"is_endless":false,"potions_floor_spawned":[1,10,11,22],"killed_by":"Centurion and Healer","ascension_level":3}