{"gold_per_floor":[109,109,119,137,137,164,177,190,190,365,375,375,375,388,388,493,493,506,275,286,286,286,236,236,255,255,27,27],"floor_reached":28,"playtime":1738,"items_purged":[],"score":220,"play_id":"d7c61cc5-4206-4f98-a912-e9eb5f07870e","local_time":"20190421151910","is_ascension_mode":false,"campfire_choices":[{"data":"Defragment","floor":12,"key":"SMITH"},{"floor":15,"key":"REST"},{"data":"Creative AI","floor":24,"key":"SMITH"}],"neow_cost":"NONE","seed_source_timestamp":923584406926115,"circlet_count":0,"master_deck":["Strike_B+1","Strike_B","Strike_B","Defend_B","Defend_B+1","Defend_B","Defend_B","Zap","Dualcast","Finesse","Gash","Cold Snap","Conserve Battery","All For One","Defragment+1","Coolheaded","Conserve Battery","Redo","Creative AI+1","Blizzard","Blizzard","Stack","Hologram","Loop"],"relics":["Cracked Core","Matryoshka","PreservedInsect","Omamori","Philosopher\u0027s Stone","Blood Vial","Question Card","Cables","Regal Pillow"],"potions_floor_usage":[25],"damage_taken":[{"damage":0,"enemies":"2 Louse","floor":1,"turns":2},{"damage":1,"enemies":"Jaw Worm","floor":3,"turns":3},{"damage":4,"enemies":"Cultist","floor":4,"turns":3},{"damage":16,"enemies":"Lagavulin","floor":6,"turns":11},{"damage":2,"enemies":"2 Fungi Beasts","floor":7,"turns":4},{"damage":2,"enemies":"Large Slime","floor":8,"turns":5},{"damage":0,"enemies":"Exordium Wildlife","floor":11,"turns":6},{"damage":13,"enemies":"Lots of Slimes","floor":14,"turns":3},{"damage":17,"enemies":"The Guardian","floor":16,"turns":14},{"damage":6,"enemies":"Spheric Guardian","floor":18,"turns":4},{"damage":7,"enemies":"Chosen","floor":20,"turns":6},{"damage":62,"enemies":"3 Cultists","floor":25,"turns":6},{"damage":8,"enemies":"Centurion and Healer","floor":28,"turns":1}],"seed_played":"-6391862226743478388","potions_obtained":[{"floor":1,"key":"SteroidPotion"},{"floor":5,"key":"FearPotion"},{"floor":5,"key":"SteroidPotion"},{"floor":6,"key":"SkillPotion"}],"is_trial":false,"path_per_floor":["M","?","M","M","?","E","M","M","T","?","M","R","?","M","R","B",null,"M","$","M","$","?","?","R","M","T","$","M"],"character_chosen":"DEFECT","items_purchased":["Blizzard","Blood Vial","Regal Pillow","Loop"],"campfire_rested":1,"item_purchase_floors":[19,19,27,27],"current_hp_per_floor":[75,68,67,63,63,47,45,43,43,43,43,43,28,15,37,20,75,69,69,64,64,64,64,64,4,4,4,0],"gold":27,"neow_bonus":"RANDOM_COLORLESS","is_prod":false,"is_daily":false,"chose_seed":false,"campfire_upgraded":2,"win_rate":0,"timestamp":1555877950,"path_taken":["M","?","M","M","?","E","?","M","T","?","M","R","?","?","R","BOSS","M","$","M","?","?","?","R","M","T","$","?"],"build_version":"2019-01-23","purchased_purges":0,"victory":false,"max_hp_per_floor":[75,75,75,75,75,75,75,75,75,75,75,75,75,75,75,75,75,75,75,75,75,75,75,75,75,75,75,75],"card_choices":[{"not_picked":["Self Repair","Conserve Battery"],"picked":"Gash","floor":1},{"not_picked":["Redo","Go for the Eyes"],"picked":"Cold Snap","floor":3},{"not_picked":["Hologram","Steam"],"picked":"Conserve Battery","floor":4},{"not_picked":["Turbo","Hologram"],"picked":"All For One","floor":6},{"not_picked":["Steam Power","BootSequence"],"picked":"Defragment","floor":7},{"not_picked":["Rip and Tear","Chaos"],"picked":"Coolheaded","floor":8},{"not_picked":["Storm","Sweeping Beam"],"picked":"Conserve Battery","floor":11},{"not_picked":["Go for the Eyes","Turbo"],"picked":"Redo","floor":14},{"not_picked":["Fission","Electrodynamics"],"picked":"Creative AI","floor":16},{"not_picked":["Tempest+1","Go for the Eyes+1"],"picked":"Blizzard","floor":18},{"not_picked":["Go for the Eyes","Compile Driver"],"picked":"Stack","floor":20},{"not_picked":["Steam Power","Sweeping Beam"],"picked":"Hologram","floor":25}],"player_experience":223143,"relics_obtained":[{"floor":6,"key":"Matryoshka"},{"floor":9,"key":"PreservedInsect"},{"floor":9,"key":"Omamori"},{"floor":26,"key":"Question Card"},{"floor":26,"key":"Cables"}],"event_choices":[{"cards_removed":["Strike_B"],"damage_healed":0,"gold_gain":0,"player_choice":"Card Removal","damage_taken":7,"max_hp_gain":0,"max_hp_loss":0,"event_name":"Golden Wing","floor":2,"gold_loss":0},{"damage_healed":0,"gold_gain":0,"player_choice":"Got Potions","damage_taken":0,"max_hp_gain":0,"max_hp_loss":0,"event_name":"Lab","floor":5,"gold_loss":0},{"damage_healed":0,"gold_gain":175,"player_choice":"AGREE","damage_taken":0,"max_hp_gain":0,"max_hp_loss":0,"event_name":"Liars Game","floor":10,"gold_loss":0,"cards_obtained":["Doubt"]},{"damage_healed":0,"gold_gain":0,"player_choice":"Entered Light","damage_taken":15,"max_hp_gain":0,"max_hp_loss":0,"event_name":"Shining Light","floor":13,"gold_loss":0,"cards_upgraded":["Defend_B","Strike_B"]},{"damage_healed":0,"gold_gain":0,"player_choice":"Ignored","damage_taken":0,"max_hp_gain":0,"max_hp_loss":0,"event_name":"Beggar","floor":22,"gold_loss":0},{"damage_healed":0,"gold_gain":0,"player_choice":"Bet on Murderer","damage_taken":0,"max_hp_gain":0,"max_hp_loss":0,"event_name":"The Joust","floor":23,"gold_loss":50}],"is_beta":false,"boss_relics":[{"not_picked":["Sozu","Runic Dome"],"picked":"Philosopher\u0027s Stone"}],"items_purged_floors":[],"is_endless":false,"potions_floor_spawned":[1,6,11,16,18],"killed_by":"Centurion and Healer","ascension_level":0}