{"gold_per_floor":[113,113,123,140,66,66,100,114,114,132,132,146,146,159,159,262,312,326,357,373,388,401,401],"floor_reached":23,"playtime":2538,"items_purged":[],"score":197,"play_id":"18103b82-49b3-4322-84b4-609489e9eb48","local_time":"20190407163755","is_ascension_mode":false,"campfire_choices":[{"data":"Rage","floor":6,"key":"SMITH"},{"floor":11,"key":"REST"},{"data":"Carnage","floor":13,"key":"SMITH"},{"data":"Flex","floor":15,"key":"SMITH"}],"neow_cost":"NONE","seed_source_timestamp":251839769008000,"circlet_count":0,"master_deck":["Strike_R","Strike_R","Strike_R","Strike_R+1","Strike_R","Defend_R","Defend_R","Defend_R","Defend_R","Bash","Clothesline","Cleave","Carnage+1","Flex+1","Rage+1","Anger","Rampage","Headbutt","Anger","Impervious","Perfected Strike","Cleave","Seeing Red","Reaper","Blood for Blood+1","Shockwave"],"relics":["Burning Blood","Darkstone Periapt","Meat on the Bone","Tiny House","Red Mask"],"potions_floor_usage":[18,19,20,22,23],"damage_taken":[{"damage":6,"enemies":"2 Louse","floor":1,"turns":2},{"damage":9,"enemies":"Jaw Worm","floor":3,"turns":4},{"damage":4,"enemies":"Cultist","floor":4,"turns":3},{"damage":33,"enemies":"Gremlin Nob","floor":7,"turns":5},{"damage":4,"enemies":"Gremlin Gang","floor":8,"turns":6},{"damage":18,"enemies":"Large Slime","floor":10,"turns":5},{"damage":2,"enemies":"Looter","floor":12,"turns":2},{"damage":16,"enemies":"Lots of Slimes","floor":14,"turns":3},{"damage":27,"enemies":"Slime Boss","floor":16,"turns":11},{"damage":12,"enemies":"Shell Parasite","floor":18,"turns":7},{"damage":19,"enemies":"Masked Bandits","floor":19,"turns":4},{"damage":8,"enemies":"3 Byrds","floor":20,"turns":5},{"damage":23,"enemies":"Centurion and Healer","floor":21,"turns":7},{"damage":24,"enemies":"Snake Plant","floor":22,"turns":4},{"damage":70,"enemies":"Slavers","floor":23,"turns":5}],"seed_played":"-590233670862772039","potions_obtained":[{"floor":4,"key":"AttackPotion"},{"floor":7,"key":"Swift Potion"},{"floor":10,"key":"Fire Potion"},{"floor":20,"key":"Ancient Potion"},{"floor":21,"key":"Strength Potion"}],"is_trial":false,"path_per_floor":["M","?","M","M","$","R","E","M","T","M","R","M","R","M","R","B",null,"M","?","M","M","M","E"],"character_chosen":"IRONCLAD","items_purchased":["Rage"],"campfire_rested":1,"item_purchase_floors":[5],"current_hp_per_floor":[80,85,82,84,84,84,57,59,59,59,84,85,85,75,75,54,90,84,71,69,52,46,0],"gold":401,"neow_bonus":"THREE_CARDS","is_prod":false,"is_daily":false,"chose_seed":false,"campfire_upgraded":3,"win_rate":0.0,"timestamp":1554647875,"path_taken":["M","?","M","M","$","R","E","M","T","M","R","M","R","M","R","BOSS","M","?","M","M","M","E"],"build_version":"2019-01-23","purchased_purges":0,"victory":false,"max_hp_per_floor":[80,85,85,85,85,85,85,85,85,85,85,85,85,85,85,85,90,90,90,90,90,90,90],"card_choices":[{"not_picked":["Body Slam","Sword Boomerang"],"picked":"Clothesline","floor":0},{"not_picked":["Evolve","Clothesline"],"picked":"Cleave","floor":1},{"not_picked":["Rage","Cleave"],"picked":"Carnage","floor":3},{"not_picked":["Cleave","Warcry"],"picked":"Flex","floor":4},{"not_picked":["Bloodletting","Corruption"],"picked":"Anger","floor":7},{"not_picked":["Armaments","Fiend Fire"],"picked":"Rampage","floor":8},{"not_picked":["Wild Strike","Reckless Charge"],"picked":"Headbutt","floor":10},{"not_picked":["Uppercut","Dropkick"],"picked":"Anger","floor":12},{"not_picked":["Entrench","Reckless Charge","Clash"],"picked":"SKIP","floor":14},{"not_picked":["Brutality","Reaper"],"picked":"Impervious","floor":16},{"not_picked":["Wild Strike","Body Slam"],"picked":"Perfected Strike","floor":17},{"not_picked":["Flex","Body Slam"],"picked":"Cleave","floor":18},{"not_picked":["Power Through","Sword Boomerang"],"picked":"Seeing Red","floor":19},{"not_picked":["Fire Breathing","Second Wind"],"picked":"Reaper","floor":20},{"not_picked":["Burning Pact","Power Through"],"picked":"Blood for Blood+1","floor":21},{"not_picked":["Thunderclap+1","Carnage"],"picked":"Shockwave","floor":22}],"player_experience":39175,"relics_obtained":[{"floor":7,"key":"Darkstone Periapt"},{"floor":9,"key":"Meat on the Bone"},{"floor":19,"key":"Red Mask"}],"event_choices":[{"damage_healed":0,"gold_gain":0,"player_choice":"Donut","damage_taken":0,"max_hp_gain":5,"max_hp_loss":0,"event_name":"Big Fish","floor":2,"gold_loss":0},{"damage_healed":0,"gold_gain":0,"player_choice":"Fought Bandits","damage_taken":0,"max_hp_gain":0,"max_hp_loss":0,"event_name":"Masked Bandits","floor":19,"gold_loss":0}],"is_beta":false,"boss_relics":[{"not_picked":["White Beast Statue","Eternal Feather"],"picked":"Tiny House"}],"items_purged_floors":[],"is_endless":false,"potions_floor_spawned":[4,7,10,20,21],"killed_by":"Slavers","ascension_level":0}