{"gold_per_floor":[111,111,128,138,151,179,190,190,190,203,229,229,254,267,267,371,371,342,360,377,377],"floor_reached":21,"playtime":938,"items_purged":[],"score":215,"play_id":"70fade94-2af2-4e08-8833-9ce38fefcba7","local_time":"20180924002742","is_ascension_mode":true,"campfire_choices":[{"floor":8,"key":"REST"},{"data":"Strike_B","floor":12,"key":"PURGE"},{"data":"Strike_B","floor":15,"key":"PURGE"}],"neow_cost":"PERCENT_DAMAGE","seed_source_timestamp":801393661042947,"circlet_count":0,"master_deck":["Strike_B","Defend_B","Defend_B","Defend_B","Defend_B","Zap","Dualcast","Reinforced Body","Core Surge","Chill","Doom and Gloom","Defragment","Self Repair","Conserve Battery","Redo","Creative AI","Tempest","Turbo+1","Storm+1"],"relics":["FrozenCore","Gambling Chip","Happy Flower","Peace Pipe","Blue Candle","Incense Burner"],"potions_floor_usage":[6,11,18],"damage_taken":[{"damage":6,"enemies":"2 Louse","floor":1,"turns":2},{"damage":1,"enemies":"Jaw Worm","floor":3,"turns":3},{"damage":0,"enemies":"Cultist","floor":4,"turns":2},{"damage":1,"enemies":"Lots of Slimes","floor":5,"turns":3},{"damage":9,"enemies":"Lagavulin","floor":6,"turns":6},{"damage":0,"enemies":"2 Fungi Beasts","floor":7,"turns":3},{"damage":2,"enemies":"Blue Slaver","floor":10,"turns":4},{"damage":18,"enemies":"Gremlin Nob","floor":11,"turns":5},{"damage":3,"enemies":"Lagavulin","floor":13,"turns":5},{"damage":5,"enemies":"Lots of Slimes","floor":14,"turns":2},{"damage":23,"enemies":"Hexaghost","floor":16,"turns":8},{"damage":23,"enemies":"2 Thieves","floor":18,"turns":5},{"damage":14,"enemies":"3 Byrds","floor":19,"turns":6},{"damage":24,"enemies":"Centurion and Healer","floor":20,"turns":7},{"damage":37,"enemies":"3 Cultists","floor":21,"turns":4}],"seed_played":"1149250687407490255","potions_obtained":[{"floor":1,"key":"EssenceOfSteel"},{"floor":6,"key":"Weak Potion"},{"floor":7,"key":"Swift Potion"},{"floor":13,"key":"Ancient Potion"},{"floor":20,"key":"SteroidPotion"}],"is_trial":false,"path_per_floor":["M","?","M","M","M","E","M","R","T","M","E","R","E","M","R","B",null,"M","M","M"],"character_chosen":"DEFECT","items_purchased":[],"campfire_rested":1,"item_purchase_floors":[],"current_hp_per_floor":[48,48,47,47,46,37,37,59,59,64,53,53,57,59,59,43,75,59,45,28,0],"gold":377,"neow_bonus":"ONE_RARE_RELIC","is_prod":false,"is_daily":false,"chose_seed":false,"campfire_upgraded":0,"win_rate":0,"timestamp":1537741662,"path_taken":["M","?","?","M","M","E","M","R","T","M","E","R","E","M","R","BOSS","M","M","?","M"],"build_version":"2018-09-20","purchased_purges":0,"victory":false,"max_hp_per_floor":[75,75,75,75,75,75,75,75,75,75,75,75,75,75,75,75,75,75,75,75,75],"card_choices":[{"not_picked":["Capacitor","Turbo"],"picked":"Reinforced Body","floor":1},{"not_picked":["Coolheaded","Reinforced Body"],"picked":"Chill","floor":3},{"not_picked":["Rebound","Streamline"],"picked":"Doom and Gloom","floor":4},{"not_picked":["Recycle","Consume","Steam"],"picked":"SKIP","floor":5},{"not_picked":["Steam","Consume"],"picked":"Defragment","floor":6},{"not_picked":["Hologram","Blizzard"],"picked":"Self Repair","floor":7},{"not_picked":["Beam Cell","Aggregate"],"picked":"Conserve Battery","floor":10},{"not_picked":["Steam Power","Sweeping Beam"],"picked":"Redo","floor":11},{"not_picked":["Scrape","Reinforced Body","Hologram"],"picked":"SKIP","floor":13},{"not_picked":["Rebound","Barrage","Blizzard"],"picked":"SKIP","floor":14},{"not_picked":["Rainbow","Hyperbeam"],"picked":"Creative AI","floor":16},{"not_picked":["Turbo","Compile Driver"],"picked":"Tempest","floor":18},{"not_picked":["Go for the Eyes+1","Hello World"],"picked":"Turbo+1","floor":19},{"not_picked":["Darkness","Redo+1"],"picked":"Storm+1","floor":20}],"player_experience":126621,"relics_obtained":[{"floor":6,"key":"Happy Flower"},{"floor":9,"key":"Peace Pipe"},{"floor":11,"key":"Blue Candle"},{"floor":13,"key":"Incense Burner"}],"event_choices":[{"event_name":"Living Wall","player_choice":"Change","floor":2,"damage_taken":0}],"is_beta":true,"boss_relics":[{"not_picked":["Busted Crown","Runic Pyramid"],"picked":"FrozenCore"}],"items_purged_floors":[],"is_endless":false,"potions_floor_spawned":[1,6,7,13,20],"killed_by":"3 Cultists","ascension_level":1}