{"gold_per_floor":[114,114,114,80,95,95,129,140,140,174,190,190,205,236,236,341,341,358,377,476,261,336,362,378,406,429,454,480,504,542,554,566,677,689,718,128,141,141,151,151,18,18,18,18,53,53,78,96,96,96],"floor_reached":51,"playtime":4206,"items_purged":["Strike_R","Normality","Shame"],"score":1226,"play_id":"aa989e7c-5505-43bb-96a7-1a18d32f8d29","local_time":"20190402125712","is_ascension_mode":true,"campfire_choices":[{"data":"Corruption","floor":6,"key":"SMITH"},{"data":"Flame Barrier","floor":12,"key":"SMITH"},{"data":"Disarm","floor":15,"key":"SMITH"},{"data":"Bludgeon","floor":32,"key":"SMITH"},{"floor":40,"key":"DIG"},{"floor":44,"key":"DIG"},{"floor":46,"key":"DIG"},{"data":"Bash","floor":49,"key":"SMITH"}],"neow_cost":"NONE","seed_source_timestamp":1549558899959600,"circlet_count":0,"master_deck":["Strike_R","Strike_R","Strike_R","Defend_R+1","Defend_R","Defend_R","Defend_R+1","Bash+1","Clothesline","Metallicize","Corruption+1","Disarm+1","Headbutt","Iron Wave","Flame Barrier+1","Twin Strike","Shrug It Off","Immolate","Reaper","Clothesline+1","Bludgeon+1","Ghostly Armor","Clothesline+1","Inflame+1","Feed","Decay","Uppercut","Flame Barrier","Carnage","Clothesline+1"],"relics":["Burning Blood","NeowsBlessing","The Courier","Ornamental Fan","Nunchaku","Bottled Flame","Snecko Eye","Lee\u0027s Waffle","Bronze Scales","Mummified Hand","MawBank","Pen Nib","Gremlin Horn","Calling Bell","Centennial Puzzle","Dodecahedron","Shovel","Gambling Chip","Ancient Tea Set","Medical Kit","Blue Candle","War Paint","Pantograph","Shuriken","Peace Pipe","Dream Catcher"],"potions_floor_usage":[13,33,50,50],"damage_taken":[{"damage":0,"enemies":"Small Slimes","floor":1,"turns":1},{"damage":0,"enemies":"Jaw Worm","floor":5,"turns":2},{"damage":0,"enemies":"Gremlin Nob","floor":7,"turns":1},{"damage":3,"enemies":"Cultist","floor":8,"turns":3},{"damage":29,"enemies":"3 Sentries","floor":10,"turns":15},{"damage":6,"enemies":"Blue Slaver","floor":11,"turns":5},{"damage":17,"enemies":"Gremlin Gang","floor":13,"turns":6},{"damage":13,"enemies":"Lagavulin","floor":14,"turns":10},{"damage":19,"enemies":"Hexaghost","floor":16,"turns":16},{"damage":4,"enemies":"Spheric Guardian","floor":18,"turns":5},{"damage":7,"enemies":"3 Byrds","floor":19,"turns":3},{"damage":1,"enemies":"Book of Stabbing","floor":23,"turns":5},{"damage":0,"enemies":"3 Cultists","floor":24,"turns":4},{"damage":24,"enemies":"Slavers","floor":25,"turns":4},{"damage":0,"enemies":"Snake Plant","floor":27,"turns":3},{"damage":0,"enemies":"Cultist and Chosen","floor":28,"turns":6},{"damage":2,"enemies":"Chosen and Byrds","floor":29,"turns":4},{"damage":0,"enemies":"Gremlin Leader","floor":30,"turns":4},{"damage":0,"enemies":"Champ","floor":33,"turns":6},{"damage":6,"enemies":"3 Shapes","floor":35,"turns":4},{"damage":5,"enemies":"3 Darklings","floor":37,"turns":3},{"damage":0,"enemies":"Spire Growth","floor":39,"turns":3},{"damage":1,"enemies":"Nemesis","floor":45,"turns":5},{"damage":2,"enemies":"Reptomancer","floor":47,"turns":2},{"damage":13,"enemies":"Maw","floor":48,"turns":5},{"damage":63,"enemies":"Awakened One","floor":50,"turns":13}],"seed_played":"-2850232707222243757","potions_obtained":[{"floor":1,"key":"SpeedPotion"},{"floor":8,"key":"Weak Potion"},{"floor":13,"key":"EssenceOfSteel"},{"floor":23,"key":"Regen Potion"},{"floor":39,"key":"Block Potion"}],"is_trial":false,"path_per_floor":["M","?","?","$","M","R","E","M","T","E","M","R","M","E","R","B",null,"M","M","?","$","?","E","M","E","T","M","M","M","E","T","R","B",null,"M","$","M","?","M","R","$","?","T","R","E","R","E","M","R","B",null],"character_chosen":"IRONCLAD","items_purchased":["Corruption","Lee\u0027s Waffle","Gambling Chip","Ancient Tea Set","Medical Kit","Flame Barrier"],"campfire_rested":0,"item_purchase_floors":[4,21,36,36,36,41],"current_hp_per_floor":[78,83,83,83,85,85,85,85,85,62,62,62,51,44,44,31,72,74,79,79,92,83,92,92,80,80,86,92,92,92,92,92,92,92,95,95,95,95,95,95,95,90,90,90,90,90,90,84,84,48],"gold":96,"neow_bonus":"THREE_ENEMY_KILL","is_prod":false,"is_daily":false,"chose_seed":false,"campfire_upgraded":5,"win_rate":0,"timestamp":1554224232,"path_taken":["M","?","?","$","M","R","E","M","T","E","M","R","M","E","R","BOSS","M","M","?","$","?","E","M","E","T","M","?","M","E","?","R","BOSS","M","$","?","?","M","R","$","?","T","R","E","R","E","M","R","BOSS"],"build_version":"2019-01-23","purchased_purges":3,"victory":true,"max_hp_per_floor":[80,85,85,85,85,85,85,85,85,85,85,85,85,85,85,85,85,85,85,85,92,92,92,92,92,92,92,92,92,92,92,92,92,92,95,95,95,95,95,95,95,90,90,90,90,90,90,90,90,90],"card_choices":[{"not_picked":["Bloodletting","Perfected Strike"],"picked":"Clothesline","floor":1},{"not_picked":["Combust","Body Slam"],"picked":"Disarm","floor":5},{"not_picked":["Sword Boomerang","Searing Blow"],"picked":"Headbutt","floor":7},{"not_picked":["Fire Breathing","True Grit"],"picked":"Iron Wave","floor":8},{"not_picked":["Uppercut","Cleave"],"picked":"Flame Barrier","floor":10},{"not_picked":["Sword Boomerang","Iron Wave"],"picked":"Twin Strike","floor":11},{"not_picked":["Clothesline","Barricade"],"picked":"Shrug It Off","floor":13},{"not_picked":["Cleave","Perfected Strike"],"picked":"Immolate","floor":14},{"not_picked":["Offering","Barricade"],"picked":"Reaper","floor":16},{"not_picked":["Infernal Blade","Headbutt","Perfected Strike"],"picked":"SKIP","floor":18},{"not_picked":["Armaments","Anger"],"picked":"Clothesline+1","floor":19},{"not_picked":["Reckless Charge","Havoc+1"],"picked":"Bludgeon","floor":23},{"not_picked":["Thunderclap","Anger","Pummel"],"picked":"SKIP","floor":24},{"not_picked":["Intimidate","Clash+1"],"picked":"Ghostly Armor","floor":25},{"not_picked":["Sword Boomerang","Second Wind+1","Havoc"],"picked":"SKIP","floor":27},{"not_picked":["Whirlwind","Clash+1"],"picked":"Clothesline+1","floor":28},{"not_picked":["Twin Strike+1","Anger","Sever Soul"],"picked":"SKIP","floor":29},{"not_picked":["Evolve","Hemokinesis+1"],"picked":"Inflame+1","floor":30},{"not_picked":["Demon Form","Dark Embrace"],"picked":"Feed","floor":33},{"not_picked":["Perfected Strike","Rupture","Entrench"],"picked":"SKIP","floor":35},{"not_picked":["Wild Strike+1","Whirlwind"],"picked":"Uppercut","floor":37},{"not_picked":["Cleave","Iron Wave","Corruption+1"],"picked":"SKIP","floor":39},{"not_picked":["Cleave","Armaments","Corruption+1"],"picked":"SKIP","floor":45},{"not_picked":["Sword Boomerang+1","Offering"],"picked":"Carnage","floor":47},{"not_picked":["Wild Strike","Battle Trance"],"picked":"Clothesline+1","floor":48}],"player_experience":247123,"relics_obtained":[{"floor":7,"key":"The Courier"},{"floor":9,"key":"Ornamental Fan"},{"floor":10,"key":"Nunchaku"},{"floor":14,"key":"Bottled Flame"},{"floor":23,"key":"Bronze Scales"},{"floor":25,"key":"Mummified Hand"},{"floor":26,"key":"MawBank"},{"floor":30,"key":"Pen Nib"},{"floor":31,"key":"Gremlin Horn"},{"floor":34,"key":"Centennial Puzzle"},{"floor":34,"key":"Dodecahedron"},{"floor":34,"key":"Shovel"},{"floor":40,"key":"Blue Candle"},{"floor":43,"key":"War Paint"},{"floor":44,"key":"Pantograph"},{"floor":45,"key":"Shuriken"},{"floor":46,"key":"Peace Pipe"},{"floor":47,"key":"Dream Catcher"}],"event_choices":[{"damage_healed":0,"gold_gain":0,"player_choice":"Donut","damage_taken":0,"max_hp_gain":5,"max_hp_loss":0,"event_name":"Big Fish","floor":2,"gold_loss":0},{"damage_healed":0,"gold_gain":0,"cards_transformed":["Strike_R"],"player_choice":"Transformed","damage_taken":0,"max_hp_gain":0,"max_hp_loss":0,"event_name":"Transmorgrifier","floor":3,"gold_loss":0,"cards_obtained":["Metallicize"]},{"damage_healed":0,"gold_gain":99,"player_choice":"Stole From Cult","damage_taken":0,"max_hp_gain":0,"max_hp_loss":0,"event_name":"Nest","floor":20,"gold_loss":0},{"damage_healed":0,"gold_gain":75,"player_choice":"Touch","damage_taken":9,"max_hp_gain":0,"max_hp_loss":0,"event_name":"FaceTrader","floor":22,"gold_loss":0},{"damage_healed":0,"gold_gain":0,"player_choice":"Ignored","damage_taken":0,"max_hp_gain":0,"max_hp_loss":0,"event_name":"Tomb of Lord Red Mask","floor":38,"gold_loss":0},{"damage_healed":0,"gold_gain":0,"player_choice":"Max HP","damage_taken":0,"max_hp_gain":0,"max_hp_loss":5,"event_name":"Winding Halls","floor":42,"gold_loss":0}],"is_beta":false,"boss_relics":[{"not_picked":["White Beast Statue","Empty Cage"],"picked":"Snecko Eye"},{"not_picked":["Runic Cube","Pandora\u0027s Box"],"picked":"Calling Bell"}],"items_purged_floors":[21,36,41],"is_endless":false,"potions_floor_spawned":[1,8,13,23,24,28,39,48],"ascension_level":6}