{"gold_per_floor":[111,127,127,302,79,79,100,116,116,141,160,176,176,200,200,330,330,354,92,111,135,135,135,153,153,153,168,198,198,212,236,236,362,362,380,17,0,23,38,38,371,371,398,45,45,79,79,99,99,99],"floor_reached":51,"playtime":2330,"items_purged":["Doubt","Strike_B","Strike_B"],"score":831,"play_id":"3128b9d4-e541-4ff6-8db4-53f421772d44","local_time":"20180907072510","is_ascension_mode":true,"campfire_choices":[{"data":"Gash","floor":6.0,"key":"SMITH"},{"data":"Gash","floor":13.0,"key":"SMITH"},{"floor":15.0,"key":"REST"},{"data":"Gash","floor":23.0,"key":"SMITH"},{"data":"Echo Form","floor":25.0,"key":"SMITH"},{"data":"Scrape","floor":29.0,"key":"SMITH"},{"floor":32,"key":"REST"},{"data":"Hologram","floor":40,"key":"SMITH"},{"data":"Reboot","floor":45,"key":"SMITH"},{"floor":49,"key":"REST"}],"neow_cost":"","seed_source_timestamp":0,"circlet_count":0,"master_deck":["Strike_B","Strike_B","Defend_B","Defend_B","Defend_B","Defend_B","Zap+1","Dualcast+1","BootSequence","Gash+1","FTL","Gash+1","Hologram+1","Conserve Battery","Echo Form+1","Reprogram+1","Gash+1","Machine Learning","Scrape+1","Reboot+1","Glacier","Steam+1"],"special_seed":0,"relics":["FrozenCore","War Paint","Bag of Preparation","Oddly Smooth Stone","Runic Pyramid","Matryoshka","The Courier","Calipers","Tiny Chest","Pear","Lee\u0027s Waffle","Bag of Marbles","Red Mask","PreservedInsect","Bottled Tornado","Kunai"],"potions_floor_usage":[31,47,50,50],"damage_taken":[{"damage":2.0,"enemies":"2 Louse","floor":1.0,"turns":3.0},{"damage":1.0,"enemies":"Cultist","floor":2.0,"turns":4.0},{"damage":1.0,"enemies":"Jaw Worm","floor":7.0,"turns":2.0},{"damage":3.0,"enemies":"3 Louse","floor":8.0,"turns":2.0},{"damage":0.0,"enemies":"Blue Slaver","floor":10.0,"turns":2.0},{"damage":4.0,"enemies":"Gremlin Gang","floor":11.0,"turns":3.0},{"damage":0.0,"enemies":"Exordium Wildlife","floor":12.0,"turns":2.0},{"damage":4.0,"enemies":"Slime Boss","floor":16.0,"turns":9.0},{"damage":0.0,"enemies":"3 Byrds","floor":18.0,"turns":5.0},{"damage":0.0,"enemies":"Chosen","floor":20.0,"turns":4.0},{"damage":10.0,"enemies":"Snecko","floor":21.0,"turns":6.0},{"damage":8.0,"enemies":"3 Cultists","floor":24.0,"turns":5.0},{"damage":6.0,"enemies":"Centurion and Healer","floor":27.0,"turns":5.0},{"damage":16.0,"enemies":"Snake Plant","floor":30.0,"turns":4.0},{"damage":0,"enemies":"Snecko","floor":31,"turns":4},{"damage":27,"enemies":"Champ","floor":33,"turns":8},{"damage":23,"enemies":"3 Darklings","floor":35,"turns":5},{"damage":0,"enemies":"3 Shapes","floor":38,"turns":4},{"damage":2,"enemies":"3 Darklings","floor":39,"turns":5},{"damage":0,"enemies":"Giant Head","floor":46,"turns":5},{"damage":28,"enemies":"4 Shapes","floor":48,"turns":3},{"damage":0,"enemies":"Awakened One","floor":50,"turns":10}],"seed_played":"-4262987732326825844","potions_obtained":[{"floor":1.0,"key":"EssenceOfSteel"},{"floor":2.0,"key":"SkillPotion"},{"floor":8.0,"key":"Fire Potion"},{"floor":18.0,"key":"FairyPotion"},{"floor":21.0,"key":"GamblersBrew"},{"floor":24.0,"key":"Ancient Potion"},{"floor":35,"key":"FairyPotion"},{"floor":38,"key":"SkillPotion"},{"floor":47,"key":"FearPotion"},{"floor":47,"key":"Fruit Juice"},{"floor":47,"key":"EssenceOfSteel"}],"is_trial":false,"path_per_floor":["M","M","?","?","$","R","M","M","T","M","M","M","R","T","R","B",null,"M","$","M","M","?","R","M","R","T","M","T","R","M","M","R","B",null,"M","$","?","M","M","R","?","?","T","$","R","E","?","M","R","B"],"character_chosen":"DEFECT","items_purchased":["War Paint","Matryoshka","Lee\u0027s Waffle","Bag of Marbles","Bottled Tornado","FocusPotion"],"campfire_rested":3,"item_purchase_floors":[5,19,36,36,44,44],"current_hp_per_floor":[73,72,54,54,54,54,53,50,50,50,46,46,46,46,68,64,75,75,75,75,65,65,65,57,57,57,51,61,61,45,45,70,43,85,62,92,92,92,90,90,90,90,90,90,90,90,95,67,96,96],"gold":99,"neow_bonus":"","is_prod":false,"is_daily":false,"chose_seed":false,"campfire_upgraded":7,"win_rate":0,"timestamp":1536319510,"path_taken":["M","M","?","?","$","R","M","M","T","M","M","M","R","?","R","BOSS","M","$","?","M","?","R","M","R","T","M","?","R","M","M","R","BOSS","M","$","?","M","?","R","?","?","T","?","R","E","?","?","R","BOSS"],"build_version":"2018-09-06","purchased_purges":3,"victory":true,"max_hp_per_floor":[75,75,75,75,75,75,75,75,75,75,75,75,75,75,75,75,75,75,75,75,75,75,75,75,75,75,75,85,85,85,85,85,85,85,85,92,92,92,92,92,92,92,92,92,92,92,97,97,97,97],"card_choices":[{"not_picked":["FTL","Force Field"],"picked":"BootSequence","floor":1.0},{"not_picked":["Undo","Loop"],"picked":"Gash","floor":2.0},{"not_picked":["Hologram","Go for the Eyes"],"picked":"FTL","floor":7.0},{"not_picked":["Force Field","Stack","Amplify"],"picked":"SKIP","floor":8.0},{"not_picked":["Steam","Rip and Tear"],"picked":"Gash","floor":10.0},{"not_picked":["Chaos","Conserve Battery"],"picked":"Hologram","floor":11.0},{"not_picked":["Leap","Doom and Gloom"],"picked":"Conserve Battery","floor":12.0},{"not_picked":["Hyperbeam","Rainbow"],"picked":"Echo Form","floor":16.0},{"not_picked":["Rebound","Redo"],"picked":"Reprogram+1","floor":18.0},{"not_picked":["Ball Lightning","Cold Snap"],"picked":"Gash","floor":20.0},{"not_picked":["Undo","Sweeping Beam","Compile Driver"],"picked":"SKIP","floor":21.0},{"not_picked":["Genetic Algorithm","Conserve Battery"],"picked":"Machine Learning","floor":24.0},{"not_picked":["Force Field","BootSequence"],"picked":"Scrape","floor":27.0},{"not_picked":["Cold Snap","Recycle","Capacitor"],"picked":"SKIP","floor":30.0},{"not_picked":["Force Field+1","Tempest","Blizzard"],"picked":"SKIP","floor":31},{"not_picked":["Hyperbeam","Creative AI"],"picked":"Reboot","floor":33},{"not_picked":["FTL+1","Doom and Gloom+1"],"picked":"Glacier","floor":35},{"not_picked":["Compile Driver+1","Sweeping Beam","Redo"],"picked":"SKIP","floor":38},{"not_picked":["Machine Learning","Tempest+1"],"picked":"Steam+1","floor":39},{"not_picked":["Heatsinks+1","Stack","Storm+1"],"picked":"SKIP","floor":46},{"not_picked":["Storm+1","Coolheaded","Streamline"],"picked":"SKIP","floor":48}],"player_experience":513964,"relics_obtained":[{"floor":9.0,"key":"Bag of Preparation"},{"floor":14.0,"key":"Oddly Smooth Stone"},{"floor":26.0,"key":"The Courier"},{"floor":26.0,"key":"Calipers"},{"floor":28.0,"key":"Tiny Chest"},{"floor":28.0,"key":"Pear"},{"floor":43,"key":"PreservedInsect"},{"floor":46,"key":"Kunai"}],"event_choices":[{"event_name":"Golden Idol","player_choice":"Take Damage","floor":3.0,"damage_taken":0.0},{"event_name":"Liars Game","player_choice":"agreed","floor":4.0,"damage_taken":0.0},{"event_name":"The Mausoleum","player_choice":"No","floor":22.0,"damage_taken":0.0},{"event_name":"Tomb of Lord Red Mask","player_choice":"Paid","floor":37,"damage_taken":0},{"event_name":"The Moai Head","player_choice":"Gave Idol","floor":41,"damage_taken":0},{"event_name":"The Woman in Blue","player_choice":"Bought 0 Potions","floor":42,"damage_taken":0},{"event_name":"The Lab","player_choice":"Got Potions","floor":47,"damage_taken":0}],"is_beta":false,"boss_relics":[{"not_picked":["Velvet Choker","Orrery"],"picked":"Runic Pyramid"},{"not_picked":["Cursed Key","White Beast Statue"],"picked":"FrozenCore"}],"items_purged_floors":[5,36,44],"is_endless":false,"potions_floor_spawned":[1,2,8,11,18,20,21,24,35,38,39,48],"ascension_level":1}