{"gold_per_floor":[110,35,35,47,64,75,75,106,133,146,174,196,208,220],"floor_reached":14,"playtime":419,"items_purged":[],"score":204,"play_id":"d0a16e1a-404a-4018-83e6-f405f3ef8d7e","local_time":"20190306150503","is_ascension_mode":true,"campfire_choices":[{"floor":7,"key":"REST"}],"neow_cost":"NONE","seed_source_timestamp":422761605537204,"circlet_count":0,"master_deck":["AscendersBane","Strike_B+1","Strike_B","Strike_B","Defend_B","Defend_B","Defend_B","Defend_B","Zap","Dualcast","Steam","Ball Lightning+1","Hologram","Gash","Barrage","Creative AI+1","Chill","Consume","Compile Driver"],"relics":["Black Star","Potion Belt","Orichalcum","Whetstone","Shuriken","MawBank"],"potions_floor_usage":[8,8,11,11],"damage_taken":[{"damage":7,"enemies":"2 Louse","floor":1,"turns":3},{"damage":0,"enemies":"Cultist","floor":4,"turns":3},{"damage":7,"enemies":"Jaw Worm","floor":5,"turns":3},{"damage":11,"enemies":"Looter","floor":6,"turns":3},{"damage":30,"enemies":"Gremlin Nob","floor":8,"turns":4},{"damage":5,"enemies":"3 Louse","floor":10,"turns":4},{"damage":17,"enemies":"3 Sentries","floor":11,"turns":7},{"damage":3,"enemies":"2 Fungi Beasts","floor":12,"turns":3},{"damage":2,"enemies":"Gremlin Gang","floor":14,"turns":3}],"seed_played":"7556675491673855381","potions_obtained":[{"floor":4,"key":"AttackPotion"},{"floor":5,"key":"FocusPotion"},{"floor":8,"key":"Explosive Potion"},{"floor":11,"key":"Fruit Juice"}],"is_trial":false,"path_per_floor":["M","$","?","M","M","M","R","E","T","M","E","M","?","M"],"character_chosen":"DEFECT","items_purchased":["Ball Lightning","Hologram"],"campfire_rested":1,"item_purchase_floors":[2,2],"current_hp_per_floor":[57,57,57,57,50,39,60,30,30,25,13,10,10,8],"gold":220,"neow_bonus":"BOSS_RELIC","is_prod":false,"is_daily":false,"chose_seed":false,"campfire_upgraded":0,"win_rate":0,"timestamp":1551902703,"path_taken":["M","$","?","?","?","M","R","E","T","M","E","M","?","?"],"build_version":"2019-01-23","purchased_purges":0,"victory":false,"max_hp_per_floor":[71,71,71,71,71,71,71,71,71,71,76,76,76,76],"card_choices":[{"not_picked":["Doom and Gloom","Reprogram"],"picked":"Steam","floor":1},{"not_picked":["Force Field","Ball Lightning"],"picked":"Gash","floor":4},{"not_picked":["Ball Lightning","Recycle"],"picked":"Barrage","floor":5},{"not_picked":["Hello World","Blizzard"],"picked":"Creative AI","floor":6},{"not_picked":["Fusion","Turbo"],"picked":"Chill","floor":8},{"not_picked":["Sweeping Beam","Fusion"],"picked":"Consume","floor":10},{"not_picked":["Recycle","Coolheaded"],"picked":"Compile Driver","floor":11},{"not_picked":["Cold Snap","Sweeping Beam","Stack"],"picked":"SKIP","floor":12}],"player_experience":852614,"relics_obtained":[{"floor":8,"key":"Potion Belt"},{"floor":8,"key":"Orichalcum"},{"floor":9,"key":"Whetstone"},{"floor":11,"key":"Shuriken"},{"floor":11,"key":"MawBank"}],"event_choices":[{"cards_removed":["Strike_B"],"damage_healed":0,"gold_gain":0,"player_choice":"Offered Basic","damage_taken":0,"max_hp_gain":0,"max_hp_loss":0,"event_name":"Bonfire Elementals","floor":3,"gold_loss":0},{"damage_healed":0,"gold_gain":0,"player_choice":"Forge","damage_taken":0,"max_hp_gain":0,"max_hp_loss":0,"event_name":"Accursed Blacksmith","floor":13,"gold_loss":0,"cards_upgraded":["Creative AI"]}],"is_beta":false,"boss_relics":[],"items_purged_floors":[],"is_endless":false,"potions_floor_spawned":[4,5,8,11],"killed_by":"Gremlin Gang","ascension_level":20}