{"gold_per_floor":[114,114,131,131,131,131,143,143,166,198,218,229,229,253,253,328,328,338,338,338,23,35,35,69,69,69,69,85,85,100,110,110,187,187,204,204,104,104,124,179,199,229,229,247,30,42,74,90,90,90,90,90,90,9,34,34],"floor_reached":57,"playtime":2361,"items_purged":["Defend_B","Doom and Gloom+1"],"score":3074,"play_id":"2edd65c2-65a3-418e-91f7-5c05b6c148ad","local_time":"20190502200958","is_ascension_mode":true,"campfire_choices":[{"data":"Dualcast","floor":6.0,"key":"SMITH"},{"data":"Zap","floor":8.0,"key":"SMITH"},{"floor":13.0,"key":"REST"},{"data":"Recycle","floor":15.0,"key":"SMITH"},{"data":"Blizzard","floor":23.0,"key":"SMITH"},{"data":"Hologram","floor":25.0,"key":"SMITH"},{"floor":27.0,"key":"REST"},{"data":"Go for the Eyes","floor":29.0,"key":"SMITH"},{"data":"Coolheaded","floor":32.0,"key":"SMITH"},{"floor":49.0,"key":"RECALL"},{"data":"Skim","floor":53.0,"key":"SMITH"}],"neow_cost":"TEN_PERCENT_HP_LOSS","seed_source_timestamp":0,"circlet_count":0,"master_deck":["AscendersBane","Zap+1","Dualcast+1","Tempest","Go for the Eyes+1","Coolheaded+1","Meteor Strike","Reinforced Body","Biased Cognition","Recycle+1","Echo Form","Blizzard+1","Skim+1","Hologram+1","Fusion","Coolheaded+1","Core Surge","Biased Cognition+1","Core Surge","Tempest+1","Echo Form","Coolheaded+1","Glacier","Loop+1"],"special_seed":0,"relics":["Cracked Core","Potion Belt","Ancient Tea Set","Orichalcum","Centennial Puzzle","Snecko Eye","Bag of Preparation","Oddly Smooth Stone","Question Card","Astrolabe","Tiny Chest","Bronze Scales","Chemical X","Darkstone Periapt","Kunai"],"potions_floor_usage":[56,56,56],"damage_taken":[{"damage":0.0,"enemies":"2 Louse","floor":1.0,"turns":2.0},{"damage":6.0,"enemies":"Jaw Worm","floor":3.0,"turns":3.0},{"damage":0.0,"enemies":"Cultist","floor":7.0,"turns":3.0},{"damage":53.0,"enemies":"3 Sentries","floor":10.0,"turns":9.0},{"damage":2.0,"enemies":"Exordium Wildlife","floor":11.0,"turns":4.0},{"damage":1.0,"enemies":"Blue Slaver","floor":12.0,"turns":3.0},{"damage":8.0,"enemies":"The Guardian","floor":16.0,"turns":11.0},{"damage":11.0,"enemies":"Shell Parasite","floor":18.0,"turns":2.0},{"damage":0.0,"enemies":"Chosen","floor":22.0,"turns":2.0},{"damage":21.0,"enemies":"Slavers","floor":24.0,"turns":2.0},{"damage":0.0,"enemies":"Snake Plant","floor":28.0,"turns":2.0},{"damage":0.0,"enemies":"Snecko","floor":30.0,"turns":3.0},{"damage":0.0,"enemies":"Centurion and Healer","floor":31.0,"turns":3.0},{"damage":0.0,"enemies":"Champ","floor":33.0,"turns":3.0},{"damage":0.0,"enemies":"3 Shapes","floor":35.0,"turns":3.0},{"damage":25.0,"enemies":"3 Darklings","floor":39.0,"turns":3.0},{"damage":9.0,"enemies":"Nemesis","floor":40.0,"turns":3.0},{"damage":6.0,"enemies":"Writhing Mass","floor":41.0,"turns":2.0},{"damage":0.0,"enemies":"Reptomancer","floor":42.0,"turns":3.0},{"damage":0.0,"enemies":"Maw","floor":44.0,"turns":4.0},{"damage":0.0,"enemies":"Spire Growth","floor":46.0,"turns":2.0},{"damage":0.0,"enemies":"Giant Head","floor":47.0,"turns":4.0},{"damage":3.0,"enemies":"4 Shapes","floor":48.0,"turns":5.0},{"damage":0.0,"enemies":"Awakened One","floor":50.0,"turns":6.0},{"damage":13.0,"enemies":"Time Eater","floor":51.0,"turns":5.0},{"damage":2.0,"enemies":"Shield and Spear","floor":55.0,"turns":4.0},{"damage":24,"enemies":"The Heart","floor":56,"turns":7}],"seed_played":"-4654130771281399353","potions_obtained":[{"floor":1.0,"key":"Dexterity Potion"},{"floor":10.0,"key":"SteroidPotion"},{"floor":16.0,"key":"Poison Potion"},{"floor":22.0,"key":"Dexterity Potion"},{"floor":31.0,"key":"FocusPotion"},{"floor":35.0,"key":"Energy Potion"},{"floor":41.0,"key":"Poison Potion"},{"floor":46.0,"key":"Energy Potion"},{"floor":47.0,"key":"PowerPotion"}],"is_trial":false,"path_per_floor":["M","?","M","T","?","R","M","R","T","E","M","M","R","T","R","B",null,"M","?","?","$","M","R","E","R","T","R","M","R","M","M","R","B",null,"M","?","$","?","M","E","M","E","T","M","$","M","E","M","R","B","B",null,"R","$","E","B",null],"character_chosen":"DEFECT","items_purchased":["Skim","Bag of Preparation","Chemical X","Glacier"],"campfire_rested":2,"item_purchase_floors":[21,21,45,54],"current_hp_per_floor":[64,64,58,58,58,58,58,58,58,5,3,2,21,21,21,13,51,40,40,40,40,40,40,19,19,19,38,38,38,38,38,38,38,58,58,58,58,58,33,24,18,18,18,18,18,18,18,15,15,15,2,49,49,49,47,23],"gold":34,"neow_bonus":"REMOVE_TWO","is_prod":false,"is_daily":false,"chose_seed":false,"campfire_upgraded":8,"win_rate":0,"timestamp":1556798998,"path_taken":["M","?","M","?","?","R","M","R","T","E","M","?","R","?","R","BOSS","M","?","?","$","M","R","E","R","T","R","?","R","M","M","R","BOSS","M","?","?","?","M","E","M","E","T","M","$","?","E","M","R","BOSS","BOSS","R","$","E","BOSS"],"build_version":"2019-01-23","purchased_purges":2,"victory":true,"max_hp_per_floor":[64,64,64,64,64,64,64,64,64,64,64,64,64,64,64,64,64,64,64,64,64,64,64,64,64,64,64,64,64,64,64,64,64,64,64,64,64,64,64,64,64,64,64,64,64,64,64,64,64,64,64,64,64,64,64,64],"card_choices":[{"not_picked":["Double Energy","Go for the Eyes"],"picked":"Tempest","floor":1.0},{"not_picked":["Storm","Gash"],"picked":"Coolheaded","floor":3.0},{"not_picked":["Hello World","Hologram"],"picked":"Compile Driver","floor":7.0},{"not_picked":["Barrage","Steam"],"picked":"Reinforced Body","floor":10.0},{"not_picked":["Rip and Tear","Compile Driver"],"picked":"Biased Cognition","floor":11.0},{"not_picked":["Coolheaded","Reprogram"],"picked":"Recycle","floor":12.0},{"not_picked":["Amplify","Buffer"],"picked":"Echo Form","floor":16.0},{"not_picked":["Barrage+1","Compile Driver"],"picked":"Blizzard","floor":18.0},{"not_picked":["Barrage","Stack"],"picked":"Hologram","floor":22.0},{"not_picked":["Machine Learning","Beam Cell+1","FTL+1"],"picked":"SKIP","floor":24.0},{"not_picked":["Recycle","Barrage","Ball Lightning"],"picked":"Fusion","floor":28.0},{"not_picked":["Redo","Streamline+1","Auto Shields+1","Gash"],"picked":"SKIP","floor":30.0},{"not_picked":["Gash","Cold Snap","Storm"],"picked":"Coolheaded","floor":31.0},{"not_picked":["Echo Form","Reboot","Machine Learning"],"picked":"Core Surge","floor":33.0},{"not_picked":["Conserve Battery","Leap+1","Genetic Algorithm+1","Consume"],"picked":"SKIP","floor":35.0},{"not_picked":["Steam+1","Sunder","Coolheaded"],"picked":"Tempest+1","floor":39.0},{"not_picked":["Steam+1","Rebound","Redo+1"],"picked":"Echo Form","floor":40.0},{"not_picked":["Go for the Eyes","Barrage+1","FTL","Stack"],"picked":"SKIP","floor":41.0},{"not_picked":["Beam Cell","Redo+1","Hyperbeam","Stack"],"picked":"SKIP","floor":42.0},{"not_picked":["Turbo","Sweeping Beam","Ball Lightning","Beam Cell+1"],"picked":"SKIP","floor":44.0},{"not_picked":["Gash","Chaos","Steam","Compile Driver"],"picked":"SKIP","floor":46.0},{"not_picked":["BootSequence","Chill","Chaos","Genetic Algorithm"],"picked":"SKIP","floor":47.0},{"not_picked":["Beam Cell","Aggregate","Hologram"],"picked":"Coolheaded+1","floor":48.0},{"not_picked":["Beam Cell","Skim","Rebound"],"picked":"Loop+1","floor":55.0}],"player_experience":1533155,"relics_obtained":[{"floor":4.0,"key":"Potion Belt"},{"floor":9.0,"key":"Ancient Tea Set"},{"floor":10.0,"key":"Orichalcum"},{"floor":14.0,"key":"Centennial Puzzle"},{"floor":24.0,"key":"Oddly Smooth Stone"},{"floor":26.0,"key":"Question Card"},{"floor":40.0,"key":"Tiny Chest"},{"floor":42.0,"key":"Bronze Scales"},{"floor":47.0,"key":"Darkstone Periapt"},{"floor":55.0,"key":"Kunai"}],"event_choices":[{"damage_healed":0.0,"max_hp_gain":0.0,"max_hp_loss":0.0,"gold_gain":0.0,"cards_transformed":["Strike_B"],"event_name":"Living Wall","player_choice":"Change","floor":2.0,"gold_loss":0.0,"damage_taken":0.0,"cards_obtained":["Go for the Eyes"]},{"damage_healed":0.0,"max_hp_gain":0.0,"max_hp_loss":0.0,"gold_gain":0.0,"cards_transformed":["Strike_B"],"event_name":"Transmorgrifier","player_choice":"Transformed","floor":5.0,"gold_loss":0.0,"damage_taken":0.0,"cards_obtained":["Meteor Strike"]},{"cards_removed":["Defend_B"],"damage_healed":0.0,"max_hp_gain":0.0,"max_hp_loss":0.0,"gold_gain":0.0,"event_name":"Back to Basics","player_choice":"Elegance","floor":19.0,"gold_loss":0.0,"damage_taken":0.0},{"damage_healed":0.0,"max_hp_gain":0.0,"max_hp_loss":0.0,"gold_gain":0.0,"event_name":"Upgrade Shrine","player_choice":"Upgraded","floor":20.0,"gold_loss":0.0,"damage_taken":0.0,"cards_upgraded":["Coolheaded"]},{"damage_healed":0.0,"max_hp_gain":0.0,"max_hp_loss":0.0,"gold_gain":0.0,"event_name":"Duplicator","player_choice":"Copied","floor":36.0,"gold_loss":0.0,"damage_taken":0.0,"cards_obtained":["Core Surge"]},{"cards_removed":["Rainbow"],"damage_healed":0.0,"max_hp_gain":0.0,"max_hp_loss":0.0,"gold_gain":0.0,"event_name":"Purifier","player_choice":"Purged","floor":38.0,"gold_loss":0.0,"damage_taken":0.0}],"is_beta":false,"boss_relics":[{"not_picked":["Coffee Dripper","Sozu"],"picked":"Snecko Eye"},{"not_picked":["Black Star","Velvet Choker"],"picked":"Astrolabe"}],"items_purged_floors":[21,37],"is_endless":false,"potions_floor_spawned":[1,10,16,22,31,35,41,44,46,47],"ascension_level":20}