{"gold_per_floor":[117,128,147,163,163,163,182,200,281,90,90,4,4,15,15,93,93,47,47,47,47],"floor_reached":21,"playtime":556,"items_purged":[],"score":367,"play_id":"aed341f8-f7c6-4cba-a731-799eada7796b","local_time":"20190424124449","is_ascension_mode":true,"campfire_choices":[{"data":"Neutralize","floor":6,"key":"SMITH"},{"data":"Bane","floor":11,"key":"SMITH"},{"data":"Deadly Poison","floor":15,"key":"SMITH"}],"neow_cost":"NONE","seed_source_timestamp":82669510770158,"circlet_count":0,"master_deck":["AscendersBane","Defend_G","Defend_G","Defend_G","Defend_G","Defend_G","Survivor","Neutralize+1","Backstab","Bane+1","Bane","Catalyst","Die Die Die","Sadistic Nature+1","Crippling Poison","Deadly Poison+1","Burst","Doubt","Injury","Doubt","Bite","Bite","Bite","Bite","Bite"],"relics":["Ring of the Snake","NeowsBlessing","Frozen Egg 2","Calling Bell","Ancient Tea Set","Pear","Torii"],"potions_floor_usage":[7,7,18,21],"damage_taken":[{"damage":0,"enemies":"Cultist","floor":1,"turns":1},{"damage":0,"enemies":"Small Slimes","floor":2,"turns":1},{"damage":0,"enemies":"Jaw Worm","floor":3,"turns":1},{"damage":1,"enemies":"Looter","floor":4,"turns":4},{"damage":9,"enemies":"Large Slime","floor":7,"turns":6},{"damage":14,"enemies":"Exordium Wildlife","floor":8,"turns":5},{"damage":0,"enemies":"Looter","floor":14,"turns":2},{"damage":19,"enemies":"Slime Boss","floor":16,"turns":10},{"damage":36,"enemies":"2 Thieves","floor":18,"turns":5},{"damage":8,"enemies":"3 Byrds","floor":21,"turns":4}],"seed_played":"-1655156988989906400","potions_obtained":[{"floor":1,"key":"Weak Potion"},{"floor":2,"key":"EssenceOfSteel"},{"floor":14,"key":"GhostInAJar"},{"floor":16,"key":"SteroidPotion"}],"is_trial":false,"path_per_floor":["M","M","M","M","?","R","M","M","T","$","R","$","?","M","R","B",null,"M","?","$","M"],"character_chosen":"THE_SILENT","items_purchased":["Sadistic Nature+1","Crippling Poison"],"campfire_rested":0,"item_purchase_floors":[10,12],"current_hp_per_floor":[59,59,59,58,58,58,49,35,35,35,35,35,35,35,35,16,64,28,28,28,30],"gold":47,"neow_bonus":"THREE_ENEMY_KILL","is_prod":false,"is_daily":false,"chose_seed":false,"campfire_upgraded":3,"win_rate":0,"timestamp":1556124289,"path_taken":["M","?","M","M","?","R","M","M","T","$","R","$","?","M","R","BOSS","M","?","$","M"],"build_version":"2019-01-23","purchased_purges":0,"victory":false,"max_hp_per_floor":[66,66,66,66,66,66,66,66,66,66,66,66,66,66,66,66,76,76,53,53,53],"card_choices":[{"not_picked":["Heel Hook","Poisoned Stab"],"picked":"Backstab","floor":1},{"not_picked":["Underhanded Strike","Deflect"],"picked":"Bane","floor":2},{"not_picked":["Underhanded Strike","Acrobatics","Expertise"],"picked":"SKIP","floor":3},{"not_picked":["Cloak And Dagger","Expertise"],"picked":"Bane","floor":4},{"not_picked":["Endless Agony","Deflect"],"picked":"Catalyst","floor":7},{"not_picked":["Dagger Spray","Leg Sweep"],"picked":"Die Die Die","floor":8},{"not_picked":["Dagger Spray","Deflect"],"picked":"Deadly Poison","floor":14},{"not_picked":["After Image+1","Venomology"],"picked":"Burst","floor":16},{"not_picked":["Endless Agony","Prepared","Blade Dance"],"picked":"SKIP","floor":18}],"player_experience":926690,"relics_obtained":[{"floor":9,"key":"Frozen Egg 2"},{"floor":17,"key":"Ancient Tea Set"},{"floor":17,"key":"Pear"},{"floor":17,"key":"Torii"}],"event_choices":[{"damage_healed":0,"gold_gain":0,"player_choice":"Ignored","damage_taken":0,"max_hp_gain":0,"max_hp_loss":0,"event_name":"Shining Light","floor":5,"gold_loss":0},{"damage_healed":0,"gold_gain":0,"player_choice":"Fled","damage_taken":0,"max_hp_gain":0,"max_hp_loss":0,"event_name":"Scrap Ooze","floor":13,"gold_loss":0},{"damage_healed":0,"gold_gain":0,"player_choice":"Became a vampire","damage_taken":0,"max_hp_gain":0,"max_hp_loss":23,"event_name":"Vampires","floor":19,"gold_loss":0,"cards_obtained":["Bite","Bite","Bite","Bite","Bite"]}],"is_beta":false,"boss_relics":[{"not_picked":["Runic Dome","Velvet Choker"],"picked":"Calling Bell"}],"items_purged_floors":[],"is_endless":false,"potions_floor_spawned":[1,2,14,16],"killed_by":"3 Byrds","ascension_level":20}