{"gold_per_floor":[111,130,130,130,1,26,26,44,67,67,67,67,33,67,67,162,212,224,46,46,59,85,128,140,152,164,189,216,238,250,277,289,301],"floor_reached":33,"playtime":2087,"items_purged":["Regret"],"score":312,"play_id":"a054e3f8-10d3-4868-b050-8958366abfb9","local_time":"20190409220157","is_ascension_mode":true,"campfire_choices":[{"floor":11,"key":"RECALL"},{"data":"Zap","floor":15,"key":"SMITH"},{"data":"Defragment","floor":24,"key":"SMITH"},{"floor":32,"key":"REST"}],"neow_cost":"NONE","seed_source_timestamp":339729387232415,"circlet_count":0,"master_deck":["Strike_B","Strike_B","Strike_B+1","Strike_B","Defend_B","Defend_B","Defend_B+1","Defend_B","Zap+1","Dualcast","Cold Snap+1","Defragment+1","Leap","Genetic Algorithm","Redo","Melter","Ball Lightning","Amplify","Barrage","Go for the Eyes+1","Stack","Zap","Reinforced Body","Defragment+1","Cold Snap+1","Leap+1","Leap+1","Capacitor","Leap+1"],"relics":["Cracked Core","Regal Pillow","Vajra","CultistMask","Question Card","Tiny House","Potion Belt","MawBank","Toxic Egg 2","Turnip"],"potions_floor_usage":[27,31],"damage_taken":[{"damage":2,"enemies":"2 Louse","floor":1,"turns":3},{"damage":1,"enemies":"Jaw Worm","floor":2,"turns":3},{"damage":18,"enemies":"3 Sentries","floor":6,"turns":9},{"damage":0,"enemies":"Small Slimes","floor":8,"turns":2},{"damage":29,"enemies":"Gremlin Nob","floor":14,"turns":4},{"damage":3,"enemies":"Slime Boss","floor":16,"turns":9},{"damage":21,"enemies":"2 Thieves","floor":18,"turns":4},{"damage":3,"enemies":"Spheric Guardian","floor":21,"turns":3},{"damage":28,"enemies":"Book of Stabbing","floor":23,"turns":6},{"damage":15,"enemies":"Snecko","floor":27,"turns":5},{"damage":13,"enemies":"Snake Plant","floor":28,"turns":3},{"damage":0,"enemies":"Centurion and Healer","floor":29,"turns":7},{"damage":0,"enemies":"Cultist and Chosen","floor":31,"turns":6},{"damage":49,"enemies":"Automaton","floor":33,"turns":6}],"seed_played":"-1671525370076525463","potions_obtained":[{"floor":14,"key":"FocusPotion"},{"floor":16,"key":"Fire Potion"},{"floor":17,"key":"Strength Potion"},{"floor":21,"key":"SpeedPotion"},{"floor":23,"key":"Swift Potion"},{"floor":28,"key":"FearPotion"},{"floor":31,"key":"Weak Potion"}],"is_trial":false,"path_per_floor":["M","M","?","?","$","E","?","M","T","?","R","?","$","E","R","B",null,"M","$","?","M","T","E","R","?","T","M","M","M","?","M","R","B"],"character_chosen":"DEFECT","items_purchased":["Leap","Melter","Potion Belt","Stack"],"campfire_rested":1,"item_purchase_floors":[5,13,19,19],"current_hp_per_floor":[80,79,79,63,63,45,45,45,45,45,45,45,45,16,16,13,87,66,66,66,63,63,35,35,35,35,20,7,7,7,7,48,0],"gold":301,"neow_bonus":"TEN_PERCENT_HP_BONUS","is_prod":false,"is_daily":false,"chose_seed":false,"campfire_upgraded":2,"win_rate":0,"timestamp":1554865317,"path_taken":["M","M","?","?","$","E","?","M","T","?","R","?","$","E","R","BOSS","M","$","?","?","?","E","R","?","T","M","M","M","?","M","R","BOSS"],"build_version":"2019-01-23","purchased_purges":1,"victory":false,"max_hp_per_floor":[82,82,82,82,82,82,82,82,82,82,82,82,82,82,82,82,87,87,87,87,87,87,87,87,87,87,87,87,87,87,87,87,87],"card_choices":[{"not_picked":["Steam","Static Discharge"],"picked":"Cold Snap","floor":1},{"not_picked":["Storm","Compile Driver"],"picked":"Defragment","floor":2},{"not_picked":["Machine Learning","Capacitor"],"picked":"Genetic Algorithm","floor":6},{"not_picked":["Steam","Double Energy"],"picked":"Redo","floor":8},{"not_picked":["Conserve Battery","Hologram"],"picked":"Ball Lightning","floor":14},{"not_picked":["Creative AI","Machine Learning","Meteor Strike"],"picked":"Amplify","floor":16},{"not_picked":["Glacier","Sunder","Compile Driver"],"picked":"Barrage","floor":17},{"not_picked":["Sweeping Beam+1","Beam Cell","Steam"],"picked":"Go for the Eyes+1","floor":18},{"not_picked":["Leap","Gash","Double Energy"],"picked":"Defragment","floor":21},{"not_picked":["Streamline","Creative AI","Self Repair"],"picked":"Cold Snap+1","floor":23},{"not_picked":["Turbo+1","Gash","Static Discharge"],"picked":"Leap+1","floor":27},{"not_picked":["Stack+1","Fusion+1","Redo+1"],"picked":"Leap+1","floor":28},{"not_picked":["Rebound","Go for the Eyes","Leap+1"],"picked":"Capacitor","floor":29},{"not_picked":["Compile Driver","Storm","Genetic Algorithm+1"],"picked":"Leap+1","floor":31}],"player_experience":164971,"relics_obtained":[{"floor":6,"key":"Vajra"},{"floor":14,"key":"Question Card"},{"floor":22,"key":"MawBank"},{"floor":23,"key":"Toxic Egg 2"},{"floor":26,"key":"Turnip"}],"event_choices":[{"damage_healed":0,"gold_gain":0,"player_choice":"Box","damage_taken":0,"relics_obtained":["Regal Pillow"],"max_hp_gain":0,"max_hp_loss":0,"event_name":"Big Fish","floor":3,"gold_loss":0,"cards_obtained":["Regret"]},{"damage_healed":0,"gold_gain":0,"player_choice":"Entered Light","damage_taken":16,"max_hp_gain":0,"max_hp_loss":0,"event_name":"Shining Light","floor":4,"gold_loss":0,"cards_upgraded":["Cold Snap","Defend_B"]},{"damage_healed":0,"gold_gain":0,"player_choice":"Grow","damage_taken":0,"max_hp_gain":0,"max_hp_loss":0,"event_name":"Living Wall","floor":7,"gold_loss":0,"cards_upgraded":["Defragment"]},{"damage_healed":0,"gold_gain":0,"player_choice":"Leave","damage_taken":0,"max_hp_gain":0,"max_hp_loss":0,"event_name":"The Cleric","floor":10,"gold_loss":0},{"damage_healed":0,"gold_gain":0,"player_choice":"Trade","damage_taken":0,"relics_obtained":["CultistMask"],"max_hp_gain":0,"max_hp_loss":0,"event_name":"FaceTrader","floor":12,"gold_loss":0},{"damage_healed":0,"gold_gain":0,"player_choice":"2 cards matched","damage_taken":0,"max_hp_gain":0,"max_hp_loss":0,"event_name":"Match and Keep!","floor":20,"gold_loss":0,"cards_obtained":["Zap","Reinforced Body"]},{"damage_healed":0,"gold_gain":0,"player_choice":"Ignored","damage_taken":0,"max_hp_gain":0,"max_hp_loss":0,"event_name":"Vampires","floor":25,"gold_loss":0},{"damage_healed":0,"gold_gain":0,"player_choice":"Ignored","damage_taken":0,"max_hp_gain":0,"max_hp_loss":0,"event_name":"Cursed Tome","floor":30,"gold_loss":0}],"is_beta":false,"boss_relics":[{"not_picked":["Ectoplasm","Snecko Eye"],"picked":"Tiny House"}],"items_purged_floors":[5],"is_endless":false,"potions_floor_spawned":[14,16,21,23,28,31],"killed_by":"Automaton","ascension_level":1}