{"gold_per_floor":[118,118,134,41,41,41,96,96,120,152,181,210,222,245,257,343,355,342,370,397,409,441,453,499,511,523,550,562],"floor_reached":28,"playtime":1347,"items_purged":[],"score":454,"play_id":"b5affe92-f886-40d4-ba61-a7a4130554c2","local_time":"20180922163203","is_ascension_mode":true,"campfire_choices":[{"data":"Barrage","floor":6,"key":"SMITH"},{"data":"Zap","floor":8,"key":"SMITH"},{"data":"Echo Form","floor":13,"key":"SMITH"},{"floor":15,"key":"REST"},{"floor":23,"key":"REST"},{"floor":25,"key":"REST"}],"neow_cost":"NONE","seed_source_timestamp":247188661071388,"circlet_count":0,"master_deck":["Strike_B","Strike_B","Strike_B","Strike_B","Defend_B","Defend_B","Defend_B","Defend_B","Zap+1","Dualcast","AscendersBane","FTL","Barrage+1","Go for the Eyes","Bandage Up","Undo","Echo Form+1","Sweeping Beam","Machine Learning","Scrape","Core Surge","Compile Driver","Doom and Gloom+1"],"relics":["FrozenCore","NeowsBlessing","Tiny Chest","Orichalcum","MawBank","Bag of Marbles","Darkstone Periapt"],"potions_floor_usage":[16,18,20,24],"damage_taken":[{"damage":0,"enemies":"Cultist","floor":1,"turns":1},{"damage":0,"enemies":"2 Louse","floor":3,"turns":1},{"damage":0,"enemies":"Lagavulin","floor":7,"turns":1},{"damage":26,"enemies":"3 Sentries","floor":10,"turns":8},{"damage":4,"enemies":"Small Slimes","floor":11,"turns":3},{"damage":2,"enemies":"Exordium Wildlife","floor":12,"turns":4},{"damage":7,"enemies":"Looter","floor":14,"turns":4},{"damage":52,"enemies":"The Guardian","floor":16,"turns":8},{"damage":20,"enemies":"2 Thieves","floor":18,"turns":5},{"damage":11,"enemies":"3 Byrds","floor":19,"turns":7},{"damage":23,"enemies":"Snake Plant","floor":20,"turns":6},{"damage":7,"enemies":"Snecko","floor":22,"turns":8},{"damage":41,"enemies":"Gremlin Leader","floor":24,"turns":8},{"damage":17,"enemies":"Sentry and Sphere","floor":27,"turns":6},{"damage":22,"enemies":"Snake Plant","floor":28,"turns":5}],"seed_played":"-1366199288057165433","potions_obtained":[{"floor":3,"key":"GamblersBrew"},{"floor":11,"key":"Block Potion"},{"floor":12,"key":"PowerPotion"},{"floor":18,"key":"Poison Potion"},{"floor":20,"key":"Strength Potion"}],"is_trial":false,"path_per_floor":["M","?","M","$","?","R","E","R","T","E","M","M","R","M","R","B",null,"M","M","M","$","M","R","E","R","T","M"],"character_chosen":"DEFECT","items_purchased":["Bandage Up"],"campfire_rested":3,"item_purchase_floors":[4],"current_hp_per_floor":[68,68,68,68,68,68,72,72,72,49,45,47,47,48,70,22,62,46,39,20,20,21,43,6,28,28,15,0],"gold":562,"neow_bonus":"THREE_ENEMY_KILL","is_prod":false,"is_daily":false,"chose_seed":false,"campfire_upgraded":3,"win_rate":0,"timestamp":1537648323,"path_taken":["M","?","M","$","?","R","E","R","T","E","M","?","R","M","R","BOSS","M","M","M","$","M","R","E","R","T","?","?"],"build_version":"2018-09-20","purchased_purges":0,"victory":false,"max_hp_per_floor":[75,75,75,75,75,75,75,75,75,75,75,75,75,75,75,75,75,75,75,75,75,75,75,75,75,75,75,75],"card_choices":[{"not_picked":["Cold Snap","Turbo"],"picked":"FTL","floor":1},{"not_picked":["Skim","Hologram"],"picked":"Go for the Eyes","floor":3},{"not_picked":["Recycle","Barrage"],"picked":"Undo","floor":7},{"not_picked":["Leap","Cold Snap"],"picked":"Echo Form","floor":10},{"not_picked":["Steam","Recycle"],"picked":"Sweeping Beam","floor":11},{"not_picked":["Gash","Redo","Chaos"],"picked":"SKIP","floor":12},{"not_picked":["Steam","Hello World","Ball Lightning"],"picked":"SKIP","floor":14},{"not_picked":["Fission","Core Surge"],"picked":"Machine Learning","floor":16},{"not_picked":["Sweeping Beam","Storm"],"picked":"Scrape","floor":18},{"not_picked":["Force Field+1","Compile Driver","Conserve Battery"],"picked":"SKIP","floor":19},{"not_picked":["Stack","Compile Driver","Rebound"],"picked":"SKIP","floor":20},{"not_picked":["Chill","FTL"],"picked":"Core Surge","floor":22},{"not_picked":["Cold Snap","Leap"],"picked":"Compile Driver","floor":24},{"not_picked":["Go for the Eyes","Steam"],"picked":"Doom and Gloom+1","floor":27}],"player_experience":570331,"relics_obtained":[{"floor":7,"key":"Tiny Chest"},{"floor":9,"key":"Orichalcum"},{"floor":10,"key":"MawBank"},{"floor":24,"key":"Bag of Marbles"},{"floor":26,"key":"Darkstone Periapt"}],"event_choices":[{"event_name":"Match and Keep!","player_choice":"1 cards matched","floor":2,"damage_taken":0},{"event_name":"Golden Wing","player_choice":"Ignored","floor":5,"damage_taken":0}],"is_beta":false,"boss_relics":[{"not_picked":["Black Star","Empty Cage"],"picked":"FrozenCore"}],"items_purged_floors":[],"is_endless":false,"potions_floor_spawned":[3,11,12,14,18,20],"killed_by":"Snake Plant","ascension_level":13}