{"gold_per_floor":[112,112,112,126,139,177,201,235,235,250,250,274,274,274,274,404,404,425,340,328,428,446,479,497,497,578,602,602],"floor_reached":28,"playtime":1691,"items_purged":[],"score":252,"play_id":"2797026d-2960-4c71-954c-a435066885f9","local_time":"20190224194022","is_ascension_mode":false,"campfire_choices":[{"data":"Streamline","floor":11,"key":"SMITH"},{"floor":15,"key":"REST"},{"floor":25,"key":"REST"}],"neow_cost":"NONE","seed_source_timestamp":695420909429573,"circlet_count":0,"master_deck":["Strike_B","Strike_B","Strike_B","Defend_B","Defend_B","Defend_B","Defend_B+1","Zap+1","Dualcast","All For One","Hologram","Loop+1","Streamline+1","Gash","Gash","Stack","Conserve Battery","Stack","Creative AI","Ball Lightning","Leap","Gash","Self Repair","Scrape","Shame","Recycle"],"relics":["Cracked Core","Golden Idol","Oddly Smooth Stone","Pear","Shuriken","Cursed Key","Ornamental Fan","War Paint","Mercury Hourglass"],"potions_floor_usage":[4,8,8,8,16,16,22],"damage_taken":[{"damage":5,"enemies":"Small Slimes","floor":1,"turns":3},{"damage":0,"enemies":"Jaw Worm","floor":4,"turns":4},{"damage":1,"enemies":"Cultist","floor":5,"turns":3},{"damage":33,"enemies":"Gremlin Nob","floor":6,"turns":5},{"damage":29,"enemies":"Gremlin Gang","floor":7,"turns":4},{"damage":12,"enemies":"3 Sentries","floor":8,"turns":6},{"damage":0,"enemies":"3 Louse","floor":10,"turns":2},{"damage":8,"enemies":"Large Slime","floor":12,"turns":4},{"damage":30,"enemies":"The Guardian","floor":16,"turns":9},{"damage":5,"enemies":"Shell Parasite","floor":18,"turns":6},{"damage":16,"enemies":"2 Thieves","floor":20,"turns":4},{"damage":11,"enemies":"Chosen and Byrds","floor":22,"turns":5},{"damage":36,"enemies":"Book of Stabbing","floor":23,"turns":5},{"damage":0,"enemies":"Centurion and Healer","floor":24,"turns":5},{"damage":25,"enemies":"Snake Plant","floor":27,"turns":5},{"damage":37,"enemies":"Slavers","floor":28,"turns":2}],"seed_played":"-8204102190280919095","potions_obtained":[{"floor":3,"key":"SneckoOil"},{"floor":3,"key":"GamblersBrew"},{"floor":3,"key":"Weak Potion"},{"floor":5,"key":"Regen Potion"},{"floor":8,"key":"Weak Potion"},{"floor":10,"key":"Block Potion"},{"floor":18,"key":"EssenceOfSteel"},{"floor":24,"key":"FairyPotion"}],"is_trial":false,"path_per_floor":["M","?","?","M","M","E","M","E","T","M","R","M","?","?","R","B",null,"M","?","M","?","M","E","M","R","T","M","E"],"character_chosen":"DEFECT","items_purchased":[],"campfire_rested":2,"item_purchase_floors":[],"current_hp_per_floor":[70,69,69,69,68,35,6,19,19,19,19,11,11,37,60,30,79,74,74,58,58,47,11,18,41,41,23,0],"gold":602,"neow_bonus":"TRANSFORM_CARD","is_prod":false,"is_daily":false,"chose_seed":false,"campfire_upgraded":1,"win_rate":0.0,"timestamp":1551058822,"path_taken":["M","?","?","?","M","E","M","E","T","?","R","M","?","?","R","BOSS","M","?","M","?","?","E","M","R","T","M","E"],"build_version":"2019-01-23","purchased_purges":0,"victory":false,"max_hp_per_floor":[75,69,69,69,69,69,69,79,79,79,79,79,79,79,79,79,79,79,79,79,79,79,79,79,79,79,79,79],"card_choices":[{"not_picked":["Go for the Eyes","Steam"],"picked":"Hologram","floor":1},{"not_picked":["Reprogram","BootSequence"],"picked":"Loop","floor":4},{"not_picked":["Gash","Beam Cell"],"picked":"Streamline","floor":5},{"not_picked":["Reprogram","Streamline"],"picked":"Gash","floor":6},{"not_picked":["Beam Cell","Ball Lightning"],"picked":"Gash","floor":7},{"not_picked":["Force Field","Blizzard"],"picked":"Stack","floor":8},{"not_picked":["Doom and Gloom","Heatsinks"],"picked":"Conserve Battery","floor":10},{"not_picked":["Fission","Blizzard"],"picked":"Stack","floor":12},{"not_picked":["Thunder Strike","Hyperbeam"],"picked":"Creative AI","floor":16},{"not_picked":["Streamline+1","Turbo+1"],"picked":"Ball Lightning","floor":18},{"not_picked":["Fusion","Redo"],"picked":"Leap","floor":20},{"not_picked":["FTL","Steam"],"picked":"Gash","floor":22},{"not_picked":["Glacier","Doom and Gloom"],"picked":"Self Repair","floor":23},{"not_picked":["Compile Driver","Storm"],"picked":"Scrape","floor":24},{"not_picked":["Fusion","Reprogram+1"],"picked":"Recycle","floor":27}],"player_experience":83406,"relics_obtained":[{"floor":6,"key":"Oddly Smooth Stone"},{"floor":8,"key":"Pear"},{"floor":9,"key":"Shuriken"},{"floor":23,"key":"War Paint"},{"floor":26,"key":"Mercury Hourglass"}],"event_choices":[{"damage_healed":0,"gold_gain":0,"player_choice":"Lose Max HP","damage_taken":0,"relics_obtained":["Golden Idol"],"max_hp_gain":0,"max_hp_loss":6,"event_name":"Golden Idol","floor":2,"gold_loss":0},{"damage_healed":0,"gold_gain":0,"player_choice":"Got Potions","damage_taken":0,"max_hp_gain":0,"max_hp_loss":0,"event_name":"Lab","floor":3,"gold_loss":0},{"damage_healed":0,"gold_gain":0,"player_choice":"Grow","damage_taken":0,"max_hp_gain":0,"max_hp_loss":0,"event_name":"Living Wall","floor":13,"gold_loss":0,"cards_upgraded":["Loop"]},{"damage_healed":26,"gold_gain":0,"player_choice":"Banana","damage_taken":0,"max_hp_gain":0,"max_hp_loss":0,"event_name":"Big Fish","floor":14,"gold_loss":0},{"damage_healed":0,"gold_gain":0,"player_choice":"Obtained Relic","damage_taken":0,"relics_obtained":["Ornamental Fan"],"max_hp_gain":0,"max_hp_loss":0,"event_name":"Addict","floor":19,"gold_loss":85},{"damage_healed":0,"gold_gain":100,"player_choice":"Pray","damage_taken":0,"max_hp_gain":0,"max_hp_loss":0,"event_name":"Golden Shrine","floor":21,"gold_loss":0}],"is_beta":false,"boss_relics":[{"not_picked":["Tiny House","Fusion Hammer"],"picked":"Cursed Key"}],"items_purged_floors":[],"is_endless":false,"potions_floor_spawned":[5,6,8,10,18,24],"killed_by":"Slavers","ascension_level":0}