{"gold_per_floor":[116,130,143,218,218,218,246,273,366,398,438,450,462,503,515,631,643,667,134,134,134,55,89,89,89,89,89,107,120,45,58,58,153,153,172,223,243,343,54,54,87,37,37,37,37,68,68,68,68,68],"floor_reached":51,"playtime":3171,"items_purged":["Regret","Doubt"],"score":1102,"play_id":"f5a7f2f2-13a8-4d1c-8d91-28098e90832c","local_time":"20190409185356","is_ascension_mode":true,"campfire_choices":[{"floor":6.0,"key":"REST"},{"floor":12.0,"key":"REST"},{"data":"Regret","floor":15.0,"key":"PURGE"},{"floor":24.0,"key":"REST"},{"floor":27.0,"key":"REST"},{"data":"Zap","floor":32.0,"key":"SMITH"},{"data":"Shame","floor":40,"key":"PURGE"},{"floor":44,"key":"REST"},{"data":"Storm","floor":47,"key":"SMITH"},{"data":"Consume","floor":49,"key":"SMITH"}],"neow_cost":"NONE","seed_source_timestamp":0,"circlet_count":0,"master_deck":["Strike_B","Strike_B","Strike_B","Defend_B","Defend_B","Defend_B","Defend_B","Zap+1","Dualcast","Go for the Eyes","Gash","Core Surge+1","Cold Snap+1","Tempest","Genetic Algorithm","Melter","Biased Cognition","Capacitor+1","RitualDagger","Biased Cognition","White Noise+1","Consume+1","Consume+1","FTL","Electrodynamics","Loop+1","Amplify","Storm+1","Aggregate+1"],"special_seed":0,"relics":["Black Star","Pocketwatch","Matryoshka","Regal Pillow","MawBank","Whetstone","Kunai","Darkstone Periapt","Peace Pipe","Centennial Puzzle","FossilizedHelix","Mercury Hourglass","Incense Burner","Inserter","Pantograph","Gambling Chip","MutagenicStrength","Blue Candle","Pen Nib","Pear","Calling Bell","Smiling Mask","Singing Bowl","Torii","WingedGreaves","Thread and Needle","Cables","Toxic Egg 2","Bottled Flame","Molten Egg 2","Sundial","The Courier"],"potions_floor_usage":[48],"damage_taken":[{"damage":11.0,"enemies":"Cultist","floor":1.0,"turns":4.0},{"damage":9.0,"enemies":"Jaw Worm","floor":2.0,"turns":4.0},{"damage":10.0,"enemies":"Small Slimes","floor":3.0,"turns":4.0},{"damage":10.0,"enemies":"3 Sentries","floor":7.0,"turns":9.0},{"damage":2.0,"enemies":"3 Louse","floor":10.0,"turns":3.0},{"damage":22.0,"enemies":"Lagavulin","floor":11.0,"turns":7.0},{"damage":20.0,"enemies":"Gremlin Nob","floor":14.0,"turns":4.0},{"damage":3.0,"enemies":"The Guardian","floor":16.0,"turns":12.0},{"damage":21.0,"enemies":"2 Thieves","floor":18.0,"turns":4.0},{"damage":28.0,"enemies":"Gremlin Leader","floor":23.0,"turns":7.0},{"damage":0.0,"enemies":"Chosen","floor":28.0,"turns":4.0},{"damage":13.0,"enemies":"Centurion and Healer","floor":29.0,"turns":5.0},{"damage":0.0,"enemies":"Shelled Parasite and Fungi","floor":31.0,"turns":4.0},{"damage":10.0,"enemies":"Champ","floor":33.0,"turns":6.0},{"damage":24,"enemies":"3 Darklings","floor":35,"turns":3},{"damage":37,"enemies":"2 Orb Walkers","floor":36,"turns":6},{"damage":0,"enemies":"3 Shapes","floor":37,"turns":2},{"damage":1,"enemies":"Mind Bloom Boss Battle","floor":38,"turns":4},{"damage":25,"enemies":"Reptomancer","floor":41,"turns":5},{"damage":14,"enemies":"Nemesis","floor":46,"turns":5},{"damage":0,"enemies":"Spire Growth","floor":48,"turns":2},{"damage":53,"enemies":"Awakened One","floor":50,"turns":9}],"seed_played":"8215708437076439836","potions_obtained":[{"floor":3.0,"key":"SkillPotion"},{"floor":10.0,"key":"SpeedPotion"},{"floor":11.0,"key":"EssenceOfSteel"},{"floor":16.0,"key":"PowerPotion"},{"floor":23.0,"key":"FocusPotion"},{"floor":28.0,"key":"Block Potion"},{"floor":31.0,"key":"SmokeBomb"},{"floor":37,"key":"SmokeBomb"}],"is_trial":false,"path_per_floor":["M","M","M","?","T","R","E","T","T","M","E","R","?","E","R","B",null,"M","$","?","?","$","E","R","?","T","R","M","M","?","M","R","B",null,"M","?","M","?","$","R","E","$","T","R","?","E","R","M","R","B",null],"character_chosen":"DEFECT","items_purchased":["Pantograph","Gambling Chip","Biased Cognition","Cables"],"campfire_rested":5,"item_purchase_floors":[19,19,22,39],"current_hp_per_floor":[57,48,38,27,27,49,39,39,39,37,15,52,58,38,38,35,70,49,49,43,43,43,15,54,39,49,92,92,79,79,79,79,86,112,90,53,53,79,79,79,54,54,54,104,104,90,90,90,90,62],"gold":68,"neow_bonus":"BOSS_RELIC","is_prod":false,"is_daily":false,"chose_seed":false,"campfire_upgraded":3,"win_rate":0,"timestamp":1554861236,"path_taken":["M","M","?","?","?","R","E","?","T","M","E","R","?","E","R","BOSS","M","$","?","?","?","E","R","?","T","R","?","M","?","M","R","BOSS","M","?","M","?","?","R","E","$","T","R","?","E","R","M","R","BOSS"],"build_version":"2019-01-23","purchased_purges":2,"victory":true,"max_hp_per_floor":[75,75,75,75,75,75,75,75,75,75,75,75,81,81,81,81,81,81,81,81,81,81,81,81,86,96,96,96,96,96,96,96,96,114,116,116,116,118,118,118,118,118,118,118,118,118,118,118,118,118],"card_choices":[{"not_picked":["Compile Driver","Stack"],"picked":"Go for the Eyes","floor":1.0},{"not_picked":["Stack","Hologram"],"picked":"Gash","floor":2.0},{"not_picked":["Go for the Eyes","Undo"],"picked":"Core Surge","floor":3.0},{"not_picked":["Rebound","Compile Driver"],"picked":"Cold Snap","floor":7.0},{"not_picked":["Compile Driver","Redo"],"picked":"Tempest","floor":10.0},{"not_picked":["Chill","Cold Snap"],"picked":"Genetic Algorithm","floor":11.0},{"not_picked":["Hologram","Double Energy"],"picked":"Melter","floor":14.0},{"not_picked":["Buffer","Rainbow"],"picked":"Biased Cognition","floor":16.0},{"not_picked":["Scrape+1","Leap"],"picked":"Capacitor+1","floor":18.0},{"not_picked":["Melter","Conserve Battery"],"picked":"White Noise+1","floor":23.0},{"not_picked":["Streamline","BootSequence"],"picked":"Consume","floor":28.0},{"not_picked":["Compile Driver","Stack"],"picked":"Consume+1","floor":29.0},{"not_picked":["Hologram","Beam Cell"],"picked":"FTL","floor":31.0},{"not_picked":["Creative AI","Core Surge"],"picked":"Electrodynamics","floor":33.0},{"not_picked":["Sweeping Beam","Cold Snap","Hello World+1"],"picked":"Singing Bowl","floor":35},{"not_picked":["Ball Lightning+1","Reinforced Body"],"picked":"Loop+1","floor":36},{"not_picked":["Ball Lightning+1","Coolheaded"],"picked":"Amplify","floor":37},{"not_picked":["Redo","Lockon+1","Barrage+1"],"picked":"Singing Bowl","floor":38},{"not_picked":["Barrage+1","Beam Cell+1"],"picked":"Storm","floor":41},{"not_picked":["Rebound+1","Doom and Gloom+1"],"picked":"Aggregate+1","floor":46}],"player_experience":522747,"relics_obtained":[{"floor":5.0,"key":"Pocketwatch"},{"floor":7.0,"key":"Matryoshka"},{"floor":7.0,"key":"Regal Pillow"},{"floor":8.0,"key":"MawBank"},{"floor":8.0,"key":"Whetstone"},{"floor":9.0,"key":"Kunai"},{"floor":9.0,"key":"Darkstone Periapt"},{"floor":11.0,"key":"Peace Pipe"},{"floor":11.0,"key":"Centennial Puzzle"},{"floor":14.0,"key":"Mercury Hourglass"},{"floor":14.0,"key":"Incense Burner"},{"floor":23.0,"key":"Blue Candle"},{"floor":23.0,"key":"Pen Nib"},{"floor":26.0,"key":"Pear"},{"floor":34,"key":"Smiling Mask"},{"floor":34,"key":"Singing Bowl"},{"floor":34,"key":"Torii"},{"floor":36,"key":"WingedGreaves"},{"floor":38,"key":"Thread and Needle"},{"floor":41,"key":"Toxic Egg 2"},{"floor":41,"key":"Bottled Flame"},{"floor":43,"key":"Molten Egg 2"},{"floor":46,"key":"Sundial"},{"floor":46,"key":"The Courier"}],"event_choices":[{"damage_healed":0.0,"max_hp_gain":0.0,"max_hp_loss":0.0,"gold_gain":75.0,"event_name":"World of Goop","player_choice":"Gather Gold","floor":4.0,"gold_loss":0.0,"damage_taken":11.0},{"damage_healed":0.0,"max_hp_gain":0.0,"max_hp_loss":0.0,"gold_gain":0.0,"event_name":"Big Fish","player_choice":"Box","floor":13.0,"gold_loss":0.0,"damage_taken":0.0,"relics_obtained":["FossilizedHelix"],"cards_obtained":["Regret"]},{"damage_healed":0.0,"max_hp_gain":0.0,"max_hp_loss":0.0,"gold_gain":0.0,"event_name":"Nest","player_choice":"Joined the Cult","floor":20.0,"gold_loss":0.0,"damage_taken":6.0,"cards_obtained":["RitualDagger"]},{"damage_healed":0.0,"max_hp_gain":0.0,"max_hp_loss":0.0,"gold_gain":0.0,"event_name":"Drug Dealer","player_choice":"Inject Mutagens","floor":21.0,"gold_loss":0.0,"damage_taken":0.0,"relics_obtained":["MutagenicStrength"]},{"damage_healed":0.0,"max_hp_gain":5.0,"max_hp_loss":0.0,"gold_gain":0.0,"event_name":"Forgotten Altar","player_choice":"Shed Blood","floor":25.0,"gold_loss":0.0,"damage_taken":20.0},{"cards_removed":["Strike_B"],"damage_healed":0.0,"max_hp_gain":0.0,"max_hp_loss":0.0,"gold_gain":0.0,"event_name":"Beggar","player_choice":"Gave Gold","floor":30.0,"gold_loss":75.0,"damage_taken":0.0},{"damage_healed":0,"gold_gain":0,"player_choice":"Fight","damage_taken":0,"max_hp_gain":0,"max_hp_loss":0,"event_name":"Mysterious Sphere","floor":36,"gold_loss":0},{"damage_healed":0,"gold_gain":0,"player_choice":"Fight","damage_taken":0,"max_hp_gain":0,"max_hp_loss":0,"event_name":"MindBloom","floor":38,"gold_loss":0},{"damage_healed":0,"gold_gain":0,"player_choice":"Ignored","damage_taken":0,"max_hp_gain":0,"max_hp_loss":0,"event_name":"SecretPortal","floor":45,"gold_loss":0}],"is_beta":false,"boss_relics":[{"not_picked":["Snecko Eye","Lizard Tail"],"picked":"Inserter"},{"not_picked":["Tiny House","Runic Dome"],"picked":"Calling Bell"}],"items_purged_floors":[39,42],"is_endless":false,"potions_floor_spawned":[3,10,11,16,23,28,29,31,37,48],"ascension_level":7}