{"gold_per_floor":[12,31,31,181,196,251,263,263],"floor_reached":8,"playtime":340,"items_purged":[],"score":110,"play_id":"cf010742-bb3a-4e84-ae43-20ea095293f2","local_time":"20181113181739","is_ascension_mode":true,"campfire_choices":[],"neow_cost":"NO_GOLD","seed_source_timestamp":0,"circlet_count":0,"master_deck":["AscendersBane","Defend_G","Defend_G","Defend_G","Defend_G+1","Defend_G","Strike_G","Strike_G","Strike_G","Strike_G","Strike_G","Survivor","Neutralize","Jack Of All Trades+1","Purity","Flying Knee","Backstab","Doubt","Deadly Poison","PiercingWail","Adrenaline"],"special_seed":0,"relics":["Ring of the Snake","War Paint"],"potions_floor_usage":[8],"damage_taken":[{"damage":2.0,"enemies":"2 Louse","floor":1.0,"turns":4.0},{"damage":6.0,"enemies":"Small Slimes","floor":2.0,"turns":5.0},{"damage":0,"enemies":"Cultist","floor":5,"turns":3},{"damage":36,"enemies":"Lagavulin","floor":6,"turns":6},{"damage":0,"enemies":"3 Louse","floor":7,"turns":4},{"damage":38,"enemies":"Gremlin Nob","floor":8,"turns":3}],"seed_played":"5630490464354331745","potions_obtained":[{"floor":1.0,"key":"Swift Potion"},{"floor":7,"key":"Poison Potion"}],"is_trial":false,"path_per_floor":["M","M","?","?","M","E","M","E"],"character_chosen":"THE_SILENT","items_purchased":[],"campfire_rested":0,"item_purchase_floors":[],"current_hp_per_floor":[57,51,51,51,51,15,15,0],"gold":263,"neow_bonus":"RANDOM_COLORLESS_2","is_prod":false,"is_daily":false,"chose_seed":false,"campfire_upgraded":0,"win_rate":0,"timestamp":1542151059,"path_taken":["M","M","?","?","M","E","M","E"],"build_version":"2018-11-08","purchased_purges":0,"victory":false,"max_hp_per_floor":[66,66,66,66,66,66,66,66],"card_choices":[{"not_picked":["Tactician","Outmaneuver"],"picked":"Flying Knee","floor":1.0},{"not_picked":["Backflip","Acrobatics"],"picked":"Backstab","floor":2.0},{"not_picked":["Bane","Underhanded Strike"],"picked":"Deadly Poison","floor":5},{"not_picked":["Flying Knee","Outmaneuver"],"picked":"PiercingWail","floor":6},{"not_picked":["Outmaneuver","Deadly Poison"],"picked":"Adrenaline","floor":7}],"player_experience":721115,"relics_obtained":[{"floor":6,"key":"War Paint"}],"event_choices":[{"damage_healed":0.0,"max_hp_gain":0.0,"max_hp_loss":0.0,"gold_gain":0.0,"event_name":"Shining Light","player_choice":"Ignored","floor":3.0,"gold_loss":0.0,"damage_taken":0.0},{"damage_healed":0.0,"max_hp_gain":0.0,"max_hp_loss":0.0,"gold_gain":150.0,"event_name":"Liars Game","player_choice":"AGREE","floor":4.0,"gold_loss":0.0,"damage_taken":0.0,"cards_obtained":["Doubt"]}],"is_beta":false,"boss_relics":[],"items_purged_floors":[],"is_endless":false,"potions_floor_spawned":[1,7],"killed_by":"Gremlin Nob","ascension_level":18}