{"gold_per_floor":[20,40,40,40,55,80,80,99,99,130,145,145,170,170,170,170],"floor_reached":16,"playtime":776,"items_purged":[],"score":116,"play_id":"5047f8a0-e757-4c07-a83b-72be8db0baf7","local_time":"20190409211316","is_ascension_mode":true,"campfire_choices":[{"data":"Rampage","floor":7,"key":"SMITH"},{"data":"1","floor":15,"key":"LIFT"}],"neow_cost":"NO_GOLD","seed_source_timestamp":338120412609546,"circlet_count":0,"master_deck":["Strike_R","Strike_R+1","Strike_R","Strike_R","Strike_R","Defend_R","Defend_R","Defend_R","Defend_R","Bash","Madness+1","Metamorphosis","Heavy Blade","Metallicize","Headbutt","Rampage+1","Thunderclap","Anger","Twin Strike","Blood for Blood+1"],"relics":["Burning Blood","Self Forming Clay","Girya","WingedGreaves"],"potions_floor_usage":[11,16],"damage_taken":[{"damage":6,"enemies":"Jaw Worm","floor":1,"turns":3},{"damage":0,"enemies":"2 Louse","floor":2,"turns":2},{"damage":6,"enemies":"Cultist","floor":5,"turns":3},{"damage":21,"enemies":"3 Sentries","floor":6,"turns":7},{"damage":20,"enemies":"Exordium Wildlife","floor":8,"turns":4},{"damage":25,"enemies":"Gremlin Nob","floor":10,"turns":4},{"damage":9,"enemies":"Blue Slaver","floor":11,"turns":3},{"damage":16,"enemies":"The Guardian","floor":16,"turns":6}],"seed_played":"8670078382588312227","potions_obtained":[{"floor":8,"key":"EssenceOfSteel"},{"floor":10,"key":"EssenceOfSteel"},{"floor":11,"key":"Strength Potion"}],"is_trial":false,"path_per_floor":["M","M","?","?","M","E","R","M","T","E","M","?","T","$","R","B"],"character_chosen":"IRONCLAD","items_purchased":[],"campfire_rested":0,"item_purchase_floors":[],"current_hp_per_floor":[80,80,64,64,64,49,49,35,35,16,13,13,13,13,13,0],"gold":170,"neow_bonus":"RANDOM_COLORLESS_2","is_prod":false,"is_daily":false,"chose_seed":false,"campfire_upgraded":1,"win_rate":0,"timestamp":1554862396,"path_taken":["M","M","?","?","?","E","R","M","T","E","M","?","?","$","R","BOSS"],"build_version":"2019-01-23","purchased_purges":0,"victory":false,"max_hp_per_floor":[80,80,80,80,80,80,80,80,80,80,80,80,80,80,80,80],"card_choices":[{"not_picked":["Warcry","True Grit"],"picked":"Heavy Blade","floor":1},{"not_picked":["Thunderclap","Wild Strike"],"picked":"Metallicize","floor":2},{"not_picked":["Havoc","Shrug It Off"],"picked":"Rampage","floor":5},{"not_picked":["Carnage","Rage"],"picked":"Thunderclap","floor":6},{"not_picked":["Barricade","Power Through"],"picked":"Anger","floor":8},{"not_picked":["Shrug It Off","Havoc"],"picked":"Twin Strike","floor":10},{"not_picked":["Clash","Heavy Blade"],"picked":"Blood for Blood","floor":11}],"player_experience":163393,"relics_obtained":[{"floor":6,"key":"Self Forming Clay"},{"floor":9,"key":"Girya"},{"floor":10,"key":"WingedGreaves"}],"event_choices":[{"damage_healed":0,"gold_gain":0,"player_choice":"Entered Light","damage_taken":16,"max_hp_gain":0,"max_hp_loss":0,"event_name":"Shining Light","floor":3,"gold_loss":0,"cards_upgraded":["Strike_R","Madness"]},{"damage_healed":0,"gold_gain":0,"player_choice":"1 cards matched","damage_taken":0,"max_hp_gain":0,"max_hp_loss":0,"event_name":"Match and Keep!","floor":4,"gold_loss":0,"cards_obtained":["Headbutt"]},{"damage_healed":0,"gold_gain":0,"player_choice":"Grow","damage_taken":0,"max_hp_gain":0,"max_hp_loss":0,"event_name":"Living Wall","floor":12,"gold_loss":0,"cards_upgraded":["Blood for Blood"]}],"is_beta":false,"boss_relics":[],"items_purged_floors":[],"is_endless":false,"potions_floor_spawned":[8,10,11],"killed_by":"The Guardian","ascension_level":1}