{"gold_per_floor":[16,16,16,41,61,61,82,82,107,125,145,158,191,214,214,308,308,328,328,328,13,37,70,340,354,404,404,29,48,81,95,95,184,184,197,197,197,210,230,230,268,268,268,289,289,622,647,647,647,647,647,647,647,125,184,184],"floor_reached":57,"playtime":3596,"items_purged":["Defend_B","Defend_B"],"score":2958,"play_id":"765f8790-f5ad-42ba-83e8-25a996c74ccb","local_time":"20190509010727","is_ascension_mode":true,"campfire_choices":[{"data":"Darkness","floor":6.0,"key":"SMITH"},{"data":"Redo","floor":8.0,"key":"SMITH"},{"data":"Dualcast","floor":15.0,"key":"SMITH"},{"data":"Self Repair","floor":27.0,"key":"SMITH"},{"data":"Coolheaded","floor":32.0,"key":"SMITH"},{"data":"Fission","floor":40.0,"key":"SMITH"},{"data":"Discovery","floor":42.0,"key":"SMITH"},{"data":"Turbo","floor":45.0,"key":"SMITH"},{"floor":49.0,"key":"RECALL"},{"data":"Heatsinks","floor":53.0,"key":"SMITH"}],"neow_cost":"NO_GOLD","seed_source_timestamp":14324349167900,"circlet_count":0,"master_deck":["AscendersBane","Zap","Dualcast+1","Reboot","Turbo+1","Darkness+1","Self Repair+1","Redo+1","Coolheaded+1","Chill","Hologram","Echo Form","Buffer+1","Conserve Battery+1","Glacier","Multi-Cast","Capacitor","Turbo","White Noise","Fission+1","Discovery+1","Impatience","All For One+1","Heatsinks+1","Panacea","Magnetism"],"special_seed":0,"relics":["Cracked Core","Oddly Smooth Stone","Centennial Puzzle","Astrolabe","Membership Card","Bottled Tornado","Dream Catcher","Meat on the Bone","Calipers","Blood Vial","Nuclear Battery","Thread and Needle","Art of War","Bag of Marbles","Sling","Whetstone","Sundial"],"potions_floor_usage":[56],"damage_taken":[{"damage":0.0,"enemies":"Cultist","floor":1.0,"turns":3.0},{"damage":7.0,"enemies":"Jaw Worm","floor":4.0,"turns":3.0},{"damage":5.0,"enemies":"2 Louse","floor":5.0,"turns":2.0},{"damage":31.0,"enemies":"Exordium Thugs","floor":7.0,"turns":4.0},{"damage":15.0,"enemies":"Blue Slaver","floor":10.0,"turns":4.0},{"damage":0.0,"enemies":"Large Slime","floor":11.0,"turns":4.0},{"damage":3.0,"enemies":"Exordium Wildlife","floor":12.0,"turns":5.0},{"damage":1.0,"enemies":"Gremlin Nob","floor":13.0,"turns":3.0},{"damage":2.0,"enemies":"Blue Slaver","floor":14.0,"turns":2.0},{"damage":23.0,"enemies":"Hexaghost","floor":16.0,"turns":8.0},{"damage":0.0,"enemies":"Spheric Guardian","floor":18.0,"turns":3.0},{"damage":0.0,"enemies":"Shell Parasite","floor":22.0,"turns":4.0},{"damage":32.0,"enemies":"Slavers","floor":23.0,"turns":10.0},{"damage":0.0,"enemies":"Centurion and Healer","floor":25.0,"turns":8.0},{"damage":8.0,"enemies":"Snake Plant","floor":29.0,"turns":3.0},{"damage":17.0,"enemies":"Book of Stabbing","floor":30.0,"turns":3.0},{"damage":4.0,"enemies":"Chosen and Byrds","floor":31.0,"turns":3.0},{"damage":0.0,"enemies":"Collector","floor":33.0,"turns":8.0},{"damage":9.0,"enemies":"3 Darklings","floor":35.0,"turns":4.0},{"damage":9.0,"enemies":"3 Shapes","floor":38.0,"turns":2.0},{"damage":0.0,"enemies":"Maw","floor":39.0,"turns":6.0},{"damage":0.0,"enemies":"Giant Head","floor":41.0,"turns":8.0},{"damage":0.0,"enemies":"Transient","floor":44.0,"turns":6.0},{"damage":17.0,"enemies":"Nemesis","floor":47.0,"turns":5.0},{"damage":0.0,"enemies":"Donu and Deca","floor":50.0,"turns":9.0},{"damage":9.0,"enemies":"Awakened One","floor":51.0,"turns":9.0},{"damage":12.0,"enemies":"Shield and Spear","floor":55.0,"turns":9.0},{"damage":51,"enemies":"The Heart","floor":56,"turns":11}],"seed_played":"-6334330553480148455","potions_obtained":[{"floor":7.0,"key":"AttackPotion"},{"floor":10.0,"key":"Block Potion"},{"floor":11.0,"key":"FocusPotion"},{"floor":13.0,"key":"EntropicBrew"},{"floor":14.0,"key":"SteroidPotion"},{"floor":16.0,"key":"Energy Potion"},{"floor":23.0,"key":"SkillPotion"},{"floor":30.0,"key":"Block Potion"},{"floor":33.0,"key":"Energy Potion"},{"floor":44.0,"key":"PowerPotion"},{"floor":47.0,"key":"Strength Potion"},{"floor":55.0,"key":"FairyPotion"}],"is_trial":false,"path_per_floor":["M","?","?","M","M","R","M","R","T","M","M","M","E","M","R","B",null,"M","?","?","$","M","E","?","M","T","R","$","M","E","M","R","B",null,"M","?","?","M","M","R","E","R","T","M","R","?","E","?","R","B","B",null,"R","$","E","B",null],"character_chosen":"DEFECT","items_purchased":["Membership Card","Multi-Cast","Capacitor","Meat on the Bone","Calipers","Turbo","Panacea","Bag of Marbles","GamblersBrew","Sling","Whetstone","Magnetism"],"campfire_rested":0,"item_purchase_floors":[21,21,21,28,28,28,54,54,54,54,54,54],"current_hp_per_floor":[64,64,64,57,52,52,28,28,28,20,27,31,37,42,42,26,55,55,55,55,55,62,44,20,27,27,27,27,41,36,54,54,64,64,64,54,54,64,64,64,64,64,64,64,64,64,64,64,64,64,64,64,64,64,62,35],"gold":184,"neow_bonus":"TRANSFORM_TWO_CARDS","is_prod":false,"is_daily":false,"chose_seed":false,"campfire_upgraded":9,"win_rate":0,"timestamp":1557335247,"path_taken":["M","?","?","M","M","R","M","R","T","?","M","M","E","M","R","BOSS","M","?","?","$","?","E","?","M","T","R","?","M","E","M","R","BOSS","M","?","?","?","M","R","E","R","T","M","R","?","E","?","R","BOSS","BOSS","R","$","E","BOSS"],"build_version":"2019-05-07","purchased_purges":2,"victory":true,"max_hp_per_floor":[71,64,64,64,64,64,64,64,64,64,64,64,64,64,64,64,64,64,64,64,64,64,64,64,64,64,64,64,64,64,64,64,64,64,64,64,64,64,64,64,64,64,64,64,64,64,64,64,64,64,64,64,64,64,64,64],"card_choices":[{"not_picked":["Go for the Eyes","Double Energy"],"picked":"Turbo","floor":1.0},{"not_picked":["Blizzard","Steam Power"],"picked":"Darkness","floor":4.0},{"not_picked":["Undo","Sweeping Beam"],"picked":"Self Repair","floor":5.0},{"not_picked":["Leap","Barrage"],"picked":"Redo","floor":7.0},{"not_picked":["Stack","Steam"],"picked":"Coolheaded","floor":10.0},{"not_picked":["Barrage","Leap"],"picked":"Chill","floor":11.0},{"not_picked":["Turbo","Ball Lightning","Creative AI"],"picked":"SKIP","floor":12.0},{"not_picked":["Turbo","Ball Lightning","Creative AI"],"picked":"SKIP","floor":12.0},{"not_picked":["Streamline","Redo","Sweeping Beam"],"picked":"SKIP","floor":13.0},{"not_picked":["Blizzard","Compile Driver"],"picked":"Hologram","floor":14.0},{"not_picked":["Seek","Reboot"],"picked":"Echo Form","floor":16.0},{"not_picked":["Coolheaded","Go for the Eyes"],"picked":"Glacier","floor":18.0},{"not_picked":["Auto Shields+1","Steam","Cold Snap"],"picked":"SKIP","floor":22.0},{"not_picked":["Melter","Aggregate","Beam Cell"],"picked":"SKIP","floor":23.0},{"not_picked":["Cold Snap","Barrage","Redo"],"picked":"SKIP","floor":25.0},{"not_picked":["Sweeping Beam","Streamline","Go for the Eyes"],"picked":"SKIP","floor":29.0},{"not_picked":["Steam","Gash","Redo"],"picked":"SKIP","floor":30.0},{"not_picked":["Static Discharge","Hologram"],"picked":"White Noise","floor":31.0},{"not_picked":["All For One","Buffer"],"picked":"Fission","floor":33.0},{"not_picked":["Redo","Hologram","Storm"],"picked":"SKIP","floor":35.0},{"not_picked":["Panacea","Blind"],"picked":"Discovery","floor":36.0},{"not_picked":["Swift Strike","Thinking Ahead"],"picked":"Impatience","floor":36.0},{"not_picked":["Beam Cell+1","Gash","Steam"],"picked":"SKIP","floor":38.0},{"not_picked":["Turbo","Stack+1","Redo+1"],"picked":"SKIP","floor":39.0},{"not_picked":["Beam Cell","Melter"],"picked":"All For One","floor":41.0},{"not_picked":["Hello World+1","Leap","Barrage"],"picked":"SKIP","floor":44.0},{"not_picked":["Hello World+1","Leap","Barrage"],"picked":"SKIP","floor":44.0},{"not_picked":["Hello World+1","Leap","Barrage"],"picked":"SKIP","floor":44.0},{"not_picked":["Compile Driver","Gash","Self Repair"],"picked":"SKIP","floor":47.0},{"not_picked":["Ball Lightning+1","Gash","Aggregate"],"picked":"SKIP","floor":55.0},{"not_picked":["Ball Lightning+1","Gash","Aggregate"],"picked":"SKIP","floor":55.0}],"player_experience":1439360,"relics_obtained":[{"floor":9.0,"key":"Oddly Smooth Stone"},{"floor":13.0,"key":"Centennial Puzzle"},{"floor":23.0,"key":"Bottled Tornado"},{"floor":26.0,"key":"Dream Catcher"},{"floor":30.0,"key":"Blood Vial"},{"floor":41.0,"key":"Thread and Needle"},{"floor":47.0,"key":"Art of War"},{"floor":55.0,"key":"Sundial"}],"event_choices":[{"damage_healed":0.0,"max_hp_gain":0.0,"max_hp_loss":7.0,"gold_gain":0.0,"event_name":"Golden Idol","player_choice":"Lose Max HP","floor":2.0,"gold_loss":0.0,"damage_taken":0.0,"relics_obtained":["Golden Idol"]},{"cards_removed":["Strike_B"],"damage_healed":0.0,"max_hp_gain":0.0,"max_hp_loss":0.0,"gold_gain":0.0,"event_name":"Bonfire Elementals","player_choice":"Offered Basic","floor":3.0,"gold_loss":0.0,"damage_taken":0.0},{"damage_healed":0.0,"max_hp_gain":0.0,"max_hp_loss":0.0,"gold_gain":0.0,"event_name":"Vampires","player_choice":"Ignored","floor":19.0,"gold_loss":0.0,"damage_taken":0.0},{"damage_healed":0.0,"max_hp_gain":0.0,"max_hp_loss":0.0,"gold_gain":0.0,"event_name":"Lab","player_choice":"Got Potions","floor":20.0,"gold_loss":0.0,"damage_taken":0.0},{"damage_healed":0.0,"max_hp_gain":0.0,"max_hp_loss":0.0,"gold_gain":270.0,"event_name":"Knowing Skull","player_choice":"GOLD GOLD GOLD ","floor":24.0,"potions_obtained":[],"gold_loss":0.0,"damage_taken":24.0,"cards_obtained":[]},{"damage_healed":0.0,"max_hp_gain":0.0,"max_hp_loss":0.0,"gold_gain":0.0,"event_name":"SensoryStone","player_choice":"Memory 3","floor":36.0,"gold_loss":0.0,"damage_taken":10.0},{"cards_removed":["Doom and Gloom"],"damage_healed":0.0,"max_hp_gain":0.0,"max_hp_loss":0.0,"gold_gain":0.0,"event_name":"Falling","player_choice":"Removed Attack","floor":37.0,"gold_loss":0.0,"damage_taken":0.0},{"damage_healed":0.0,"max_hp_gain":0.0,"max_hp_loss":0.0,"gold_gain":333.0,"event_name":"The Moai Head","player_choice":"Gave Idol","floor":46.0,"relics_lost":["Golden Idol"],"gold_loss":0.0,"damage_taken":0.0},{"damage_healed":0.0,"max_hp_gain":0.0,"max_hp_loss":0.0,"gold_gain":0.0,"cards_transformed":["Melter"],"event_name":"Transmorgrifier","player_choice":"Transformed","floor":48.0,"gold_loss":0.0,"damage_taken":0.0,"cards_obtained":["Heatsinks"]}],"is_beta":true,"boss_relics":[{"not_picked":["FrozenCore","Inserter"],"picked":"Astrolabe"},{"not_picked":["Cursed Key","Pandora\u0027s Box"],"picked":"Nuclear Battery"}],"items_purged_floors":[28,54],"is_endless":false,"potions_floor_spawned":[7,10,11,13,14,16,23,30,33,44,47,55],"ascension_level":20}