{"path_per_floor":["M","?","M","M","M","R","M","$","T","M","?","?","M","M","R","B",null,"M","M","?","$","M","E","R","M","T","R","M","T","M","$","R"],"character_chosen":"IRONCLAD","items_purchased":["Gremlin Horn"],"gold_per_floor":[112,62,75,91,104,104,120,45,96,112,112,112,131,146,146,275,275,293,306,306,51,70,110,110,128,128,128,143,143,167,67,67],"floor_reached":33,"campfire_rested":1,"playtime":1815,"current_hp_per_floor":[75,75,67,73,62,62,57,57,57,58,58,58,64,58,58,32,80,68,65,65,65,68,47,47,23,23,23,11,11,8,8,32],"items_purged":["Strike_R","Strike_R"],"gold":67,"play_id":"cd3790cd-6acd-4f55-88f0-8f72c7cd351b","is_prod":false,"is_daily":false,"campfire_rituals":0,"campfire_upgraded":4,"is_hardmode":false,"path_taken":["M","?","M","M","M","R","M","$","T","M","?","?","M","M","R","BOSS","M","M","?","$","M","E","R","M","T","R","M","?","M","?","R","BOSS"],"build_version":"2018-01-11-PROD2","purchased_purges":3,"victory":false,"master_deck":["Strike_R","Defend_R","Defend_R","Defend_R","Defend_R","Bash","Sword Boomerang","Heavy Blade","Inflame","Inflame","Burning Pact","Injury","Thunderclap","Cleave","Headbutt","Demon Form","Battle Trance","Headbutt","Dual Wield","True Grit","Flex","Rage"],"max_hp_per_floor":[80,80,80,80,80,80,80,80,80,80,80,80,80,80,80,80,80,80,80,80,80,80,80,80,80,80,80,80,80,80,80,80],"relics":["Burning Blood","Lantern","Golden Idol","Runic Dome","Gremlin Horn","Juzu Bracelet","Torii","Peace Pipe"],"campfire_meditates":0,"card_choices":[{"not_picked":["Disarm","Cleave"],"picked":"Sword Boomerang"},{"not_picked":["Iron Wave","Shrug It Off"],"picked":"Heavy Blade"},{"not_picked":["Second Wind","Battle Trance"],"picked":"Inflame"},{"not_picked":["Flex","Offering"],"picked":"Inflame"},{"not_picked":["Searing Blow","Body Slam"],"picked":"Burning Pact"},{"not_picked":["Clothesline","Anger"],"picked":"Cleave"},{"not_picked":["Flex","Heavy Blade"],"picked":"Headbutt"},{"not_picked":["Juggernaut","Fiend Fire"],"picked":"Demon Form"},{"not_picked":["Blood for Blood","Perfected Strike"],"picked":"Battle Trance"},{"not_picked":["Body Slam","Clothesline"],"picked":"Headbutt"},{"not_picked":["Flex","Impervious"],"picked":"Dual Wield"},{"not_picked":["Clash","Twin Strike"],"picked":"True Grit"},{"not_picked":["Headbutt","Havoc"],"picked":"Flex"},{"not_picked":["Anger","Evolve"],"picked":"Rage"}],"player_experience":42209,"potions_floor_usage":[16,22,25,30,30,33],"damage_taken":[{"damage":11,"enemies":"Jaw Worm","floor":1,"turns":2},{"damage":14,"enemies":"Blue Slaver","floor":3,"turns":3},{"damage":0,"enemies":"Small Slimes","floor":4,"turns":3},{"damage":17,"enemies":"3 Louse","floor":5,"turns":5},{"damage":11,"enemies":"Exordium Thugs","floor":7,"turns":5},{"damage":5,"enemies":"Looter","floor":10,"turns":2},{"damage":0,"enemies":"Large Slime","floor":13,"turns":4},{"damage":12,"enemies":"3 Louse","floor":14,"turns":3},{"damage":32,"enemies":"The Guardian","floor":16,"turns":8},{"damage":18,"enemies":"Chosen","floor":18,"turns":3},{"damage":9,"enemies":"3 Byrds","floor":19,"turns":4},{"damage":3,"enemies":"Snecko","floor":22,"turns":3},{"damage":27,"enemies":"Gremlin Leader","floor":23,"turns":3},{"damage":39,"enemies":"Snake Plant","floor":25,"turns":4},{"damage":18,"enemies":"Sentry and Sphere","floor":28,"turns":3},{"damage":9,"enemies":"Centurion and Healer","floor":30,"turns":3},{"damage":37,"enemies":"Collector","floor":33,"turns":6}],"event_choices":[{"event_name":"The Cleric","player_choice":"Card Removal","floor":2,"damage_taken":0},{"event_name":"Golden Idol","player_choice":"Take Wound","floor":11,"damage_taken":0},{"event_name":"Living Wall","player_choice":"Change","floor":12,"damage_taken":0},{"event_name":"Upgrade Shrine","player_choice":"Upgraded","floor":20,"damage_taken":0}],"boss_relics":[{"not_picked":["Orrery","Sozu"],"picked":"Runic Dome"}],"potions_floor_spawned":[3,10,13,19,28,30],"seed_played":"6736621446036584033","killed_by":"Collector","is_trial":false}