{"gold_per_floor":[119,129,129,54,54,54,68,91,91,114,129,150,173,197,197,197],"floor_reached":16,"playtime":463,"items_purged":["Strike_R"],"score":98,"play_id":"e3e458d7-160f-4875-8899-4b4dd58212cb","local_time":"20180719205327","is_ascension_mode":false,"campfire_choices":[{"data":"Shrug It Off","floor":6,"key":"SMITH"},{"data":"Entrench","floor":15,"key":"SMITH"}],"neow_cost":"NONE","seed_source_timestamp":387083927321786,"circlet_count":0,"master_deck":["Strike_R","Strike_R","Strike_R","Defend_R","Defend_R","Defend_R+1","Defend_R+1","Bash","Cleave","Shrug It Off+1","Entrench+1","Shrug It Off","True Grit"],"relics":["Burning Blood","Golden Idol","Molten Egg 2"],"potions_floor_usage":[8,14,16],"damage_taken":[{"damage":6,"enemies":"Cultist","floor":1,"turns":3},{"damage":3,"enemies":"Small Slimes","floor":2,"turns":3},{"damage":4,"enemies":"2 Louse","floor":7,"turns":2},{"damage":11,"enemies":"Large Slime","floor":8,"turns":8},{"damage":7,"enemies":"Blue Slaver","floor":10,"turns":5},{"damage":5,"enemies":"Exordium Wildlife","floor":11,"turns":5},{"damage":2,"enemies":"2 Fungi Beasts","floor":12,"turns":4},{"damage":0,"enemies":"3 Louse","floor":13,"turns":4},{"damage":5,"enemies":"Blue Slaver","floor":14,"turns":3},{"damage":62,"enemies":"Slime Boss","floor":16,"turns":9}],"seed_played":"4644984163822116322","potions_obtained":[{"floor":1,"key":"Regen Potion"},{"floor":11,"key":"AttackPotion"},{"floor":13,"key":"FearPotion"}],"is_trial":false,"path_per_floor":["M","M","?","$","?","R","M","M","T","M","M","M","M","M","R"],"character_chosen":"IRONCLAD","items_purchased":[],"campfire_rested":0,"item_purchase_floors":[],"current_hp_per_floor":[80,80,60,60,44,44,46,56,56,55,56,60,66,67,67,5],"gold":197,"neow_bonus":"TRANSFORM_CARD","is_prod":false,"is_daily":false,"chose_seed":false,"campfire_upgraded":2,"win_rate":0,"timestamp":1532004807,"path_taken":["M","M","?","$","?","R","M","M","T","M","M","M","M","M","R","BOSS"],"build_version":"2018-07-12","purchased_purges":1,"victory":false,"max_hp_per_floor":[80,80,80,80,80,80,80,80,80,80,80,80,80,80,80,80],"card_choices":[{"not_picked":["Searing Blow","Dual Wield"],"picked":"Shrug It Off","floor":1},{"not_picked":["Twin Strike","Sever Soul","Cleave"],"picked":"SKIP","floor":2},{"not_picked":["Headbutt","Heavy Blade","Wild Strike"],"picked":"SKIP","floor":7},{"not_picked":["Warcry","Pommel Strike","Dual Wield"],"picked":"SKIP","floor":8},{"not_picked":["Pommel Strike+1","Juggernaut"],"picked":"Entrench","floor":10},{"not_picked":["Reckless Charge+1","Clash+1","Anger+1"],"picked":"SKIP","floor":11},{"not_picked":["Rupture","Bloodletting"],"picked":"Shrug It Off","floor":12},{"not_picked":["Cleave+1","Iron Wave+1","Rupture"],"picked":"SKIP","floor":13},{"not_picked":["Havoc","Pommel Strike+1"],"picked":"True Grit","floor":14}],"player_experience":308603,"relics_obtained":[{"floor":9,"key":"Molten Egg 2"}],"event_choices":[{"event_name":"Golden Idol","player_choice":"Take Damage","floor":3,"damage_taken":0},{"event_name":"Shining Light","player_choice":"Entered Light","floor":5,"damage_taken":0}],"boss_relics":[],"items_purged_floors":[4],"is_endless":false,"potions_floor_spawned":[1,11,13],"killed_by":"Slime Boss","ascension_level":0}