{"gold_per_floor":[117,117,132,132,152,181,181,192,217,234,253,253,14,42,42,146,146,162,162,162,162,15,15,15,46,46,46,46,46,56,56,56,159,159,172,192,192,206,219,219,230,253,253,280,296,296,127,152,152,152],"floor_reached":50,"playtime":5341,"items_purged":["Writhe","Darkness"],"score":629,"play_id":"d8df44ec-b4a0-427f-ac86-9fcae0182161","local_time":"20181227163343","is_ascension_mode":true,"campfire_choices":[{"floor":12,"key":"REST"},{"floor":15,"key":"RECALL"},{"data":"Capacitor","floor":23,"key":"SMITH"},{"floor":29,"key":"REST"},{"floor":32,"key":"REST"},{"floor":40,"key":"REST"},{"floor":49,"key":"REST"}],"neow_cost":"NONE","seed_source_timestamp":55791206899381,"circlet_count":0,"master_deck":["Strike_B+1","Defend_B","Defend_B","Defend_B","Defend_B+1","Zap+1","Dualcast","Leap","Ball Lightning","Go for the Eyes","Gash","Conserve Battery","Stack","Leap","Gash","Machine Learning","Stack","Necronomicurse","Gash","Capacitor+1","Leap","Stack","Defragment+1","Leap","Barrage","Echo Form","Beam Cell","Aggregate","Tempest+1","Leap","Gash","Capacitor+1","Hologram+1","Defragment+1","Loop+1","Electrodynamics+1"],"relics":["Cracked Core","Happy Flower","Boot","Pear","Smiling Mask","Runic Pyramid","Dream Catcher","Necronomicon","Bottled Flame","Anchor","Nuclear Battery","Vajra","Calipers","Frozen Egg 2","Bag of Preparation"],"potions_floor_usage":[14,33,33,36,48,50,50,50],"damage_taken":[{"damage":0,"enemies":"Small Slimes","floor":1,"turns":3},{"damage":2,"enemies":"Jaw Worm","floor":3,"turns":2},{"damage":0,"enemies":"2 Louse","floor":5,"turns":2},{"damage":13,"enemies":"3 Sentries","floor":6,"turns":7},{"damage":0,"enemies":"Blue Slaver","floor":8,"turns":3},{"damage":4,"enemies":"Lots of Slimes","floor":10,"turns":3},{"damage":0,"enemies":"Exordium Wildlife","floor":11,"turns":3},{"damage":10,"enemies":"Gremlin Nob","floor":14,"turns":4},{"damage":9,"enemies":"The Guardian","floor":16,"turns":13},{"damage":6,"enemies":"Shell Parasite","floor":18,"turns":6},{"damage":13,"enemies":"Book of Stabbing","floor":25,"turns":7},{"damage":20,"enemies":"Spheric Guardian","floor":30,"turns":6},{"damage":48,"enemies":"Collector","floor":33,"turns":14},{"damage":13,"enemies":"Orb Walker","floor":35,"turns":4},{"damage":0,"enemies":"3 Shapes","floor":36,"turns":9},{"damage":34,"enemies":"3 Darklings","floor":38,"turns":7},{"damage":5,"enemies":"Transient","floor":39,"turns":5},{"damage":5,"enemies":"4 Shapes","floor":41,"turns":6},{"damage":26,"enemies":"Giant Head","floor":44,"turns":8},{"damage":26,"enemies":"Spire Growth","floor":45,"turns":4},{"damage":66,"enemies":"Reptomancer","floor":48,"turns":6},{"damage":55,"enemies":"Awakened One","floor":50,"turns":7}],"seed_played":"9200166870447655752","potions_obtained":[{"floor":6,"key":"Poison Potion"},{"floor":10,"key":"SpeedPotion"},{"floor":16,"key":"Swift Potion"},{"floor":33,"key":"Dexterity Potion"},{"floor":35,"key":"Fruit Juice"},{"floor":44,"key":"EssenceOfSteel"},{"floor":48,"key":"Dexterity Potion"}],"is_trial":false,"path_per_floor":["M","?","M","?","M","E","?","M","T","M","M","R","$","E","R","B",null,"M","?","?","?","$","R","$","E","T","?","$","R","M","?","R","B",null,"M","M","?","M","M","R","M","T","T","E","M","?","$","E","R","B"],"character_chosen":"DEFECT","items_purchased":["Pear","Capacitor","Leap","Defragment+1","SkillPotion"],"campfire_rested":5,"item_purchase_floors":[13,22,22,47,47],"current_hp_per_floor":[75,60,58,58,58,45,38,38,38,34,34,56,66,56,56,47,85,79,79,63,63,63,63,63,50,50,50,50,75,55,55,80,32,85,72,77,77,43,38,65,60,60,60,34,8,79,79,13,36,0],"gold":152,"neow_bonus":"RANDOM_COMMON_RELIC","is_prod":false,"is_daily":false,"chose_seed":false,"campfire_upgraded":1,"win_rate":0,"timestamp":1545946423,"path_taken":["M","?","M","?","M","E","?","M","T","M","M","R","$","E","R","BOSS","M","?","?","?","$","R","$","E","T","?","?","R","M","?","R","BOSS","M","M","?","?","M","R","?","?","T","E","M","?","$","E","R","BOSS"],"build_version":"2018-12-20","purchased_purges":2,"victory":false,"max_hp_per_floor":[75,75,75,75,75,75,75,75,75,75,75,75,85,85,85,85,85,85,85,85,85,85,85,85,85,85,85,85,85,85,85,85,85,85,85,90,90,90,90,90,90,90,90,90,90,79,79,79,79,79],"card_choices":[{"not_picked":["Streamline","Turbo"],"picked":"Leap","floor":1},{"not_picked":["Compile Driver","Reinforced Body"],"picked":"Ball Lightning","floor":3},{"not_picked":["Turbo","Steam Power"],"picked":"Go for the Eyes","floor":5},{"not_picked":["Blizzard","Compile Driver"],"picked":"Gash","floor":6},{"not_picked":["Reboot","Gash"],"picked":"Conserve Battery","floor":8},{"not_picked":["Rip and Tear","Reinforced Body"],"picked":"Stack","floor":10},{"not_picked":["Sweeping Beam","Beam Cell"],"picked":"Leap","floor":11},{"not_picked":["Reboot","Steam"],"picked":"Gash","floor":14},{"not_picked":["Reboot","Buffer"],"picked":"Machine Learning","floor":16},{"not_picked":["Turbo","Compile Driver"],"picked":"Stack","floor":18},{"not_picked":["Steam+1","Compile Driver"],"picked":"Stack","floor":25},{"not_picked":["Stack","Hello World"],"picked":"Defragment","floor":29},{"not_picked":["Hologram","Self Repair"],"picked":"Leap","floor":30},{"not_picked":["Heatsinks","BootSequence"],"picked":"Barrage","floor":32},{"not_picked":["Reboot","Rainbow"],"picked":"Echo Form","floor":33},{"not_picked":["Steam+1","Rip and Tear+1"],"picked":"Beam Cell","floor":35},{"not_picked":["Blizzard+1","Redo"],"picked":"Aggregate","floor":36},{"not_picked":["Steam+1","Conserve Battery+1"],"picked":"Tempest+1","floor":38},{"not_picked":["Go for the Eyes","Hologram"],"picked":"Leap","floor":39},{"not_picked":["Aggregate","BootSequence"],"picked":"Gash","floor":40},{"not_picked":["Streamline","Consume+1"],"picked":"Capacitor+1","floor":41},{"not_picked":["Steam","Chaos+1","Rainbow"],"picked":"SKIP","floor":44},{"not_picked":["Steam","Compile Driver"],"picked":"Hologram+1","floor":45},{"not_picked":["Hologram","Capacitor+1"],"picked":"Loop+1","floor":48},{"not_picked":["Doom and Gloom","Rebound"],"picked":"Electrodynamics+1","floor":49}],"player_experience":50383,"relics_obtained":[{"floor":6,"key":"Boot"},{"floor":14,"key":"Smiling Mask"},{"floor":20,"key":"Necronomicon"},{"floor":25,"key":"Bottled Flame"},{"floor":26,"key":"Anchor"},{"floor":42,"key":"Vajra"},{"floor":43,"key":"Calipers"},{"floor":44,"key":"Frozen Egg 2"},{"floor":48,"key":"Bag of Preparation"}],"event_choices":[{"damage_healed":0,"gold_gain":0,"player_choice":"Entered Light","damage_taken":15,"max_hp_gain":0,"max_hp_loss":0,"event_name":"Shining Light","floor":2,"gold_loss":0,"cards_upgraded":["Strike_B","Defend_B"]},{"damage_healed":0,"gold_gain":0,"player_choice":"Grow","damage_taken":0,"max_hp_gain":0,"max_hp_loss":0,"event_name":"Living Wall","floor":4,"gold_loss":0,"cards_upgraded":["Zap"]},{"cards_removed":["Strike_B"],"damage_healed":0,"gold_gain":0,"player_choice":"Card Removal","damage_taken":7,"max_hp_gain":0,"max_hp_loss":0,"event_name":"Golden Wing","floor":7,"gold_loss":0},{"damage_healed":0,"gold_gain":0,"player_choice":"Opened","damage_taken":0,"relics_obtained":["Dream Catcher"],"max_hp_gain":0,"max_hp_loss":0,"event_name":"The Mausoleum","floor":19,"gold_loss":0,"cards_obtained":["Writhe"]},{"damage_healed":0,"gold_gain":0,"player_choice":"Obtained Book","damage_taken":16,"max_hp_gain":0,"max_hp_loss":0,"event_name":"Cursed Tome","floor":20,"gold_loss":0},{"damage_healed":0,"gold_gain":0,"cards_transformed":["Strike_B","Strike_B"],"player_choice":"Became Test Subject","damage_taken":0,"max_hp_gain":0,"max_hp_loss":0,"event_name":"Drug Dealer","floor":21,"gold_loss":0,"cards_obtained":["Gash","Darkness"]},{"damage_healed":0,"gold_gain":0,"player_choice":"Ignored","damage_taken":0,"max_hp_gain":0,"max_hp_loss":0,"event_name":"Beggar","floor":31,"gold_loss":0},{"damage_healed":0,"gold_gain":0,"player_choice":"Upgraded","damage_taken":0,"max_hp_gain":0,"max_hp_loss":0,"event_name":"Upgrade Shrine","floor":37,"gold_loss":0,"cards_upgraded":["Defragment"]},{"damage_healed":79,"gold_gain":0,"player_choice":"Heal","damage_taken":0,"max_hp_gain":0,"max_hp_loss":11,"event_name":"The Moai Head","floor":46,"gold_loss":0}],"is_beta":false,"boss_relics":[{"not_picked":["FrozenCore","Black Star"],"picked":"Runic Pyramid"},{"not_picked":["Astrolabe","Snecko Eye"],"picked":"Nuclear Battery"}],"items_purged_floors":[22,47],"is_endless":false,"potions_floor_spawned":[6,10,16,33,35,44,48],"killed_by":"Awakened One","ascension_level":1}