{"gold_per_floor":[112,127,127,142,44,44,64,64,90,105,124,159,174,74,74,175,225,225],"floor_reached":18,"playtime":664,"items_purged":["Strike_B","Defend_B"],"score":238,"play_id":"a1680828-0666-4b18-a270-c2847ae5d43d","local_time":"20180819144317","is_ascension_mode":true,"campfire_choices":[{"data":"Coolheaded","floor":6,"key":"SMITH"},{"data":"Fusion","floor":8,"key":"SMITH"},{"floor":15,"key":"REST"}],"neow_cost":"TEN_PERCENT_HP_LOSS","seed_source_timestamp":231294779338666,"circlet_count":0,"master_deck":["Strike_B","Defend_B","Defend_B","Zap","Dualcast","Beam Cell","Fusion+1","Coolheaded+1","Ball Lightning","Conserve Battery","Coolheaded","Streamline+1","All For One","Hologram"],"relics":["Cracked Core","Oddly Smooth Stone","Blood Vial","Tiny House"],"potions_floor_usage":[12,16],"damage_taken":[{"damage":1,"enemies":"Cultist","floor":1,"turns":3},{"damage":4,"enemies":"Jaw Worm","floor":2,"turns":5},{"damage":0,"enemies":"2 Louse","floor":4,"turns":2},{"damage":9,"enemies":"Red Slaver","floor":7,"turns":3},{"damage":2,"enemies":"Large Slime","floor":10,"turns":5},{"damage":1,"enemies":"Looter","floor":11,"turns":3},{"damage":39,"enemies":"3 Sentries","floor":12,"turns":8},{"damage":4,"enemies":"Exordium Wildlife","floor":13,"turns":3},{"damage":14,"enemies":"Hexaghost","floor":16,"turns":9},{"damage":38,"enemies":"Chosen","floor":18,"turns":5}],"seed_played":"-684434861372351028","potions_obtained":[{"floor":2,"key":"Regen Potion"},{"floor":4,"key":"FearPotion"},{"floor":16,"key":"PowerPotion"},{"floor":17,"key":"Dexterity Potion"}],"is_trial":false,"path_per_floor":["M","M","?","M","$","R","M","R","T","M","M","E","M","$","R","B",null],"character_chosen":"DEFECT","items_purchased":["Conserve Battery"],"campfire_rested":1,"item_purchase_floors":[5],"current_hp_per_floor":[67,63,56,56,56,56,47,47,47,45,44,20,18,18,38,26,63,27],"gold":225,"neow_bonus":"TRANSFORM_TWO_CARDS","is_prod":false,"is_daily":false,"chose_seed":false,"campfire_upgraded":2,"win_rate":0,"timestamp":1534660997,"path_taken":["M","M","?","M","$","R","M","R","T","M","?","E","M","?","R","BOSS","M"],"build_version":"2018-08-16","purchased_purges":2,"victory":false,"max_hp_per_floor":[68,68,68,68,68,68,68,68,68,68,68,68,68,68,68,68,73,73],"card_choices":[{"not_picked":["Go for the Eyes","Stack"],"picked":"Coolheaded","floor":1},{"not_picked":["Sweeping Beam","Genetic Algorithm"],"picked":"Ball Lightning","floor":2},{"not_picked":["Steam","Ball Lightning","Stack"],"picked":"SKIP","floor":4},{"not_picked":["Sweeping Beam","Rebound","Reinforced Body"],"picked":"SKIP","floor":7},{"not_picked":["Redo","Self Repair"],"picked":"Coolheaded","floor":10},{"not_picked":["Coolheaded","Chaos","Redo"],"picked":"SKIP","floor":11},{"not_picked":["Hello World","Steam","Force Field"],"picked":"SKIP","floor":12},{"not_picked":["Beam Cell","Stack"],"picked":"Streamline","floor":13},{"not_picked":["Buffer","Amplify"],"picked":"All For One","floor":16},{"not_picked":["Redo","Static Discharge"],"picked":"Hologram","floor":17}],"player_experience":352164,"relics_obtained":[{"floor":9,"key":"Oddly Smooth Stone"},{"floor":12,"key":"Blood Vial"}],"event_choices":[{"event_name":"Golden Wing","player_choice":"Card Removal","floor":3,"damage_taken":0}],"is_beta":false,"boss_relics":[{"not_picked":["FrozenCore","Philosopher\u0027s Stone"],"picked":"Tiny House"}],"items_purged_floors":[5,14],"is_endless":false,"potions_floor_spawned":[2,4,16],"killed_by":"Chosen","ascension_level":9}