{"gold_per_floor":[112,112,262,262,262,262,287,287,287,287,299,314,326,359,359,430,430,442,442,128,141,159,159,187,187,256,256,270,270,270,0,0,78,78,95,95,110,23,47,47,47],"floor_reached":41,"playtime":1202,"items_purged":["Doubt"],"score":860,"play_id":"c6030025-7387-4652-85d8-a3db71b56949","local_time":"20180926103720","is_ascension_mode":true,"campfire_choices":[{"data":"Beam Cell","floor":6.0,"key":"SMITH"},{"data":"Chill","floor":8.0,"key":"SMITH"},{"floor":10.0,"key":"REST"},{"data":"Zap","floor":15.0,"key":"SMITH"},{"floor":23.0,"key":"REST"},{"floor":25.0,"key":"REST"},{"floor":29.0,"key":"REST"},{"data":"Metamorphosis","floor":30.0,"key":"SMITH"},{"floor":32.0,"key":"REST"},{"floor":40,"key":"REST"}],"neow_cost":"NONE","seed_source_timestamp":0,"circlet_count":0,"master_deck":["Strike_B+1","Strike_B+1","Strike_B+1","Strike_B+1","Defend_B+1","Defend_B+1","Defend_B+1","Defend_B+1","Zap+1","Dualcast+1","AscendersBane","Beam Cell+1","Chill+1","Go for the Eyes+1","Scrape+1","Beam Cell+1","Streamline+1","Creative AI","Defragment+1","Metamorphosis+1","BootSequence","Conserve Battery","White Noise+1","Loop+1","Gash+1","Electrodynamics","Hologram","Ball Lightning+1","Gash+1","Flash of Steel+1"],"special_seed":0,"relics":["Cracked Core","NeowsBlessing","Strawberry","Molten Egg 2","Prayer Wheel","Black Star","Nloth\u0027s Gift","WingedGreaves","Ginger","The Courier","Nuclear Battery","Dream Catcher"],"potions_floor_usage":[],"damage_taken":[{"damage":0.0,"enemies":"Cultist","floor":1.0,"turns":1.0},{"damage":0.0,"enemies":"Lagavulin","floor":7.0,"turns":2.0},{"damage":0.0,"enemies":"2 Louse","floor":11.0,"turns":1.0},{"damage":5.0,"enemies":"Jaw Worm","floor":12.0,"turns":3.0},{"damage":14.0,"enemies":"Exordium Wildlife","floor":13.0,"turns":4.0},{"damage":0.0,"enemies":"3 Sentries","floor":14.0,"turns":5.0},{"damage":38.0,"enemies":"Hexaghost","floor":16.0,"turns":9.0},{"damage":19.0,"enemies":"Shell Parasite","floor":18.0,"turns":5.0},{"damage":1.0,"enemies":"3 Byrds","floor":21.0,"turns":4.0},{"damage":39.0,"enemies":"Snecko","floor":22.0,"turns":5.0},{"damage":24.0,"enemies":"Book of Stabbing","floor":24.0,"turns":4.0},{"damage":19.0,"enemies":"Shelled Parasite and Fungi","floor":28.0,"turns":5.0},{"damage":71.0,"enemies":"Collector","floor":33.0,"turns":9.0},{"damage":28.0,"enemies":"Orb Walker","floor":35.0,"turns":4.0},{"damage":29,"enemies":"3 Darklings","floor":37,"turns":6},{"damage":29,"enemies":"Transient","floor":41,"turns":4}],"seed_played":"-2154485010291867848","potions_obtained":[{"floor":1.0,"key":"Explosive Potion"},{"floor":16.0,"key":"Regen Potion"},{"floor":18.0,"key":"FairyPotion"},{"floor":22.0,"key":"AttackPotion"},{"floor":28.0,"key":"Strength Potion"}],"is_trial":false,"path_per_floor":["M","T","?","?","?","R","E","R","T","R","M","M","M","E","R","B",null,"M","?","$","M","M","R","E","R","T","?","M","R","R","?","R","B",null,"M","?","M","$","T","R"],"character_chosen":"DEFECT","items_purchased":["Metamorphosis","Flash of Steel+1"],"campfire_rested":6,"item_purchase_floors":[20,38],"current_hp_per_floor":[64,71,71,71,48,48,48,48,48,71,71,66,52,52,52,14,62,43,43,43,42,17,40,16,39,39,39,20,43,43,43,66,7,60,32,32,3,3,3,26,0],"gold":47,"neow_bonus":"THREE_ENEMY_KILL","is_prod":false,"is_daily":false,"chose_seed":false,"campfire_upgraded":4,"win_rate":0,"timestamp":1537972640,"path_taken":["M","?","?","?","?","R","E","R","T","R","M","?","M","E","R","BOSS","M","?","$","M","M","R","E","R","T","?","M","R","R","?","R","BOSS","M","?","M","$","?","R","?"],"build_version":"2018-09-20","purchased_purges":1,"victory":false,"max_hp_per_floor":[71,78,78,78,78,78,78,78,78,78,78,78,78,78,78,78,78,78,78,78,78,78,78,78,78,78,78,78,78,78,78,78,78,78,78,78,78,78,78,78,78],"card_choices":[{"not_picked":["Steam","Ball Lightning"],"picked":"Beam Cell","floor":1.0},{"not_picked":["Redo","BootSequence"],"picked":"Chill","floor":7.0},{"not_picked":["Hologram","Auto Shields"],"picked":"Go for the Eyes+1","floor":11.0},{"not_picked":["Storm","Skim"],"picked":"Scrape+1","floor":12.0},{"not_picked":["Static Discharge","Go for the Eyes+1"],"picked":"Beam Cell+1","floor":13.0},{"not_picked":["Blizzard+1","Rip and Tear+1"],"picked":"Streamline+1","floor":14.0},{"not_picked":["Hyperbeam+1","Fission"],"picked":"Creative AI","floor":16.0},{"not_picked":["Auto Shields","Leap"],"picked":"Defragment+1","floor":18.0},{"not_picked":["Genetic Algorithm","Turbo","Rebound+1"],"picked":"SKIP","floor":18.0},{"not_picked":["Streamline+1","Sweeping Beam+1"],"picked":"BootSequence","floor":21.0},{"not_picked":["Heatsinks","Go for the Eyes+1"],"picked":"Conserve Battery","floor":21.0},{"not_picked":["Sweeping Beam+1","Auto Shields"],"picked":"White Noise+1","floor":22.0},{"not_picked":["Rebound+1","Auto Shields","Streamline+1"],"picked":"SKIP","floor":22.0},{"not_picked":["Redo","Meteor Strike+1"],"picked":"Loop+1","floor":24.0},{"not_picked":["Steam","Ball Lightning+1"],"picked":"Gash+1","floor":28.0},{"not_picked":["Recycle+1","Beam Cell+1","Streamline+1"],"picked":"SKIP","floor":28.0},{"not_picked":["All For One+1","Hyperbeam+1"],"picked":"Electrodynamics","floor":33.0},{"not_picked":["Tempest","Ball Lightning+1"],"picked":"Hologram","floor":35.0},{"not_picked":["Steam","Coolheaded+1"],"picked":"Ball Lightning+1","floor":35.0},{"not_picked":["Compile Driver+1","BootSequence"],"picked":"Gash+1","floor":37},{"not_picked":["Force Field+1","Aggregate","Hologram+1"],"picked":"SKIP","floor":37}],"player_experience":590374,"relics_obtained":[{"floor":2.0,"key":"Strawberry"},{"floor":7.0,"key":"Mercury Hourglass"},{"floor":9.0,"key":"Molten Egg 2"},{"floor":14.0,"key":"Prayer Wheel"},{"floor":24.0,"key":"WingedGreaves"},{"floor":24.0,"key":"Ginger"},{"floor":26.0,"key":"The Courier"},{"floor":39,"key":"Dream Catcher"}],"event_choices":[{"event_name":"Liars Game","player_choice":"agreed","floor":3.0,"damage_taken":0.0},{"event_name":"Golden Idol","player_choice":"Ignored","floor":4.0,"damage_taken":0.0},{"event_name":"Shining Light","player_choice":"Entered Light","floor":5.0,"damage_taken":0.0},{"event_name":"N\u0027loth","player_choice":"Traded a Mercury Hourglass","floor":19.0,"damage_taken":0.0},{"event_name":"Back to Basics","player_choice":"Simplicity","floor":27.0,"damage_taken":0.0},{"event_name":"Masked Bandits","player_choice":"Paid Fearfully","floor":31.0,"damage_taken":0.0},{"event_name":"Mysterious Sphere","player_choice":"Ignore","floor":36.0,"damage_taken":0.0}],"is_beta":false,"boss_relics":[{"not_picked":["Velvet Choker","Fusion Hammer"],"picked":"Black Star"},{"not_picked":["Lizard Tail","FrozenCore"],"picked":"Nuclear Battery"}],"items_purged_floors":[20],"is_endless":false,"potions_floor_spawned":[1,16,18,22,28],"killed_by":"Transient","ascension_level":17}