{"path_per_floor":["M","M","M","?","M","R","M","R","T","$","?","R","M","$","R","B",null,"M","M","$","M","M","R","?","E","T","R","M"],"character_chosen":"DEFECT","items_purchased":["DataDisk"],"gold_per_floor":[118,128,141,141,151,151,169,169,169,94,344,344,362,209,209,312,312,297,316,216,228,247,247,247,272,272,272,288,288],"floor_reached":29,"campfire_rested":3,"playtime":1369,"current_hp_per_floor":[57,52,52,52,37,59,54,54,54,54,54,54,54,54,54,47,78,74,74,74,64,44,69,69,13,13,38,21,0],"items_purged":["Regret","Normality"],"gold":288,"score":373,"play_id":"10eff915-d7be-4442-acae-4cf92582f6f7","local_time":"20180514134013","is_prod":false,"is_daily":false,"chose_seed":false,"is_ascension_mode":true,"campfire_upgraded":3,"timestamp":1526319613,"path_taken":["M","M","M","?","M","R","M","R","T","$","?","R","M","$","R","BOSS","M","?","$","M","M","R","?","E","T","R","M","E"],"build_version":"2018-05-12v2","seed_source_timestamp":0,"purchased_purges":2,"victory":false,"master_deck":["Strike_B","Strike_B","Strike_B","Defend_B","Defend_B","Defend_B","Zap","Dualcast+1","Force Field","Melter","Leap","Beam Cell+1","Cold Snap+1","Cold Snap+1","Glacier","Regret","Seek","Injury","Regret","Rebound","Axe Kick+1","Capacitor+1","Barrage+1","Skim","Self Repair+1","Sweeping Beam+1"],"max_hp_per_floor":[75,75,75,75,75,75,75,75,75,75,75,75,75,75,75,75,85,85,85,85,85,85,85,85,85,85,85,85,85],"relics":["Cracked Core","Mercury Hourglass","DataDisk","Calling Bell","Happy Flower","Pear","Unceasing Top","Molten Egg 2","Bottled Tornado"],"card_choices":[{"not_picked":["Go for the Eyes","Rebound"],"picked":"Leap","floor":1.0},{"not_picked":["Leap","Sweeping Beam"],"picked":"Beam Cell","floor":2.0},{"not_picked":["Rip and Tear","Reprogram"],"picked":"Cold Snap","floor":3.0},{"not_picked":["Go for the Eyes","Stack"],"picked":"Cold Snap","floor":5.0},{"not_picked":["Streamline","Double Energy"],"picked":"Glacier","floor":7.0},{"not_picked":["Axe Kick","Coolheaded","Go for the Eyes"],"picked":"SKIP","floor":13.0},{"not_picked":["Hyperbeam","Buffer"],"picked":"Seek","floor":16.0},{"not_picked":["Steam+1","Leap"],"picked":"Rebound","floor":18.0},{"not_picked":["BootSequence","Rebound"],"picked":"Axe Kick+1","floor":19.0},{"not_picked":["Leap","Skim"],"picked":"Capacitor+1","floor":21},{"not_picked":["Steam","Electrodynamics"],"picked":"Barrage+1","floor":22},{"not_picked":["Turbo","Sweeping Beam"],"picked":"Self Repair+1","floor":25},{"not_picked":["Beam Cell+1","Genetic Algorithm+1"],"picked":"Sweeping Beam+1","floor":28}],"player_experience":78901,"potions_floor_usage":[21,25],"damage_taken":[{"damage":11.0,"enemies":"Jaw Worm","floor":1.0,"turns":3.0},{"damage":5.0,"enemies":"Cultist","floor":2.0,"turns":4.0},{"damage":0.0,"enemies":"2 Louse","floor":3.0,"turns":2.0},{"damage":15.0,"enemies":"2 Fungi Beasts","floor":5.0,"turns":3.0},{"damage":5.0,"enemies":"3 Louse","floor":7.0,"turns":3.0},{"damage":0.0,"enemies":"Looter","floor":13.0,"turns":2.0},{"damage":7.0,"enemies":"Slime Boss","floor":16.0,"turns":11.0},{"damage":4.0,"enemies":"2 Thieves","floor":18.0,"turns":4.0},{"damage":0.0,"enemies":"Spheric Guardian","floor":19.0,"turns":2.0},{"damage":10,"enemies":"Chosen and Byrds","floor":21,"turns":7},{"damage":20,"enemies":"Centurion and Healer","floor":22,"turns":9},{"damage":56,"enemies":"Gremlin Leader","floor":25,"turns":9},{"damage":17,"enemies":"Snake Plant","floor":28,"turns":4},{"damage":25,"enemies":"Slavers","floor":29,"turns":1}],"event_choices":[{"event_name":"Living Wall","player_choice":"Grow","floor":4.0,"damage_taken":0.0},{"event_name":"Golden Shrine","player_choice":"Desecrate","floor":11.0,"damage_taken":0.0},{"event_name":"The Library","player_choice":"Read","floor":24,"damage_taken":0}],"boss_relics":[],"potions_floor_spawned":[1,13,22,28],"seed_played":"505459870387144814","killed_by":"Slavers","ascension_level":6,"is_trial":false}