{"gold_per_floor":[17,31,31,44,119,119,119,153,153,180,191,207,52,66,66,162,162,179,179,179,39,54,54,54,68,68,68,68,87,87,97,97,195,195,208,208,219,219,219,219],"floor_reached":40,"playtime":1362,"items_purged":[],"score":579,"play_id":"91082b99-18ee-4aa4-a203-bf84e9b544b4","local_time":"20190411165230","is_ascension_mode":true,"campfire_choices":[{"data":"Zap","floor":6.0,"key":"SMITH"},{"floor":15,"key":"REST"},{"data":"White Noise","floor":23,"key":"SMITH"},{"floor":27,"key":"REST"},{"floor":30,"key":"REST"},{"data":"Sunder","floor":32,"key":"SMITH"}],"neow_cost":"NO_GOLD","seed_source_timestamp":0,"circlet_count":0,"master_deck":["Defend_B+1","Defend_B+1","Defend_B+1","Zap+1","Dualcast","Rip and Tear","Leap","Ball Lightning","White Noise+1","Machine Learning","Conserve Battery","Storm","Sunder+1","Amplify","Sweeping Beam","Bite","Bite","Bite","Bite","Bite","Electrodynamics","Compile Driver","Conserve Battery","Hyperbeam","Recycle","Compile Driver+1","Flash of Steel","Finesse","Discovery","Writhe"],"special_seed":0,"relics":["Cracked Core","Du-Vu Doll","Peace Pipe","Darkstone Periapt","Lantern","Strawberry","Busted Crown","MutagenicStrength","Pear","Emotion Chip","Velvet Choker"],"potions_floor_usage":[8,16,16,33,33,33],"damage_taken":[{"damage":2.0,"enemies":"2 Louse","floor":1.0,"turns":3.0},{"damage":0.0,"enemies":"Small Slimes","floor":2.0,"turns":2.0},{"damage":3.0,"enemies":"Jaw Worm","floor":4.0,"turns":2.0},{"damage":10,"enemies":"Gremlin Nob","floor":8,"turns":3},{"damage":21,"enemies":"3 Sentries","floor":10,"turns":6},{"damage":6,"enemies":"2 Fungi Beasts","floor":11,"turns":3},{"damage":1,"enemies":"Looter","floor":12,"turns":2},{"damage":11,"enemies":"Exordium Wildlife","floor":14,"turns":3},{"damage":8,"enemies":"Slime Boss","floor":16,"turns":6},{"damage":42,"enemies":"3 Byrds","floor":18,"turns":5},{"damage":18,"enemies":"Shell Parasite","floor":22,"turns":4},{"damage":20,"enemies":"Snecko","floor":25,"turns":4},{"damage":13,"enemies":"Snake Plant","floor":29,"turns":4},{"damage":4,"enemies":"Cultist and Chosen","floor":31,"turns":4},{"damage":44,"enemies":"Champ","floor":33,"turns":8},{"damage":25,"enemies":"3 Darklings","floor":35,"turns":3},{"damage":19,"enemies":"Orb Walker","floor":37,"turns":3},{"damage":50,"enemies":"Giant Head","floor":40,"turns":5}],"seed_played":"4504085049487676266","potions_obtained":[{"floor":2.0,"key":"AttackPotion"},{"floor":11,"key":"AttackPotion"},{"floor":14,"key":"Explosive Potion"},{"floor":16,"key":"FocusPotion"},{"floor":18,"key":"FocusPotion"},{"floor":25,"key":"FocusPotion"}],"is_trial":false,"path_per_floor":["M","M","?","M","?","R","$","E","T","E","M","M","$","M","R","B",null,"M","?","?","$","M","R","?","M","T","R","T","M","R","M","R","B",null,"M","?","M","?","?","E"],"character_chosen":"DEFECT","items_purchased":["Strawberry","Electrodynamics"],"campfire_rested":3,"item_purchase_floors":[13,21],"current_hp_per_floor":[66,66,59,56,45,45,45,35,35,14,8,7,14,3,27,19,66,24,24,24,24,16,16,16,4,14,34,34,29,49,51,51,21,56,35,35,22,12,35,0],"gold":219,"neow_bonus":"ONE_RARE_RELIC","is_prod":false,"is_daily":false,"chose_seed":false,"campfire_upgraded":3,"win_rate":0,"timestamp":1555026750,"path_taken":["M","M","?","M","?","R","$","E","T","E","?","M","$","M","R","BOSS","M","?","?","$","M","R","?","?","T","R","?","M","R","M","R","BOSS","M","?","?","?","?","E"],"build_version":"2019-01-23","purchased_purges":0,"victory":false,"max_hp_per_floor":[75,75,75,75,75,75,75,75,75,75,75,75,82,82,82,82,82,82,57,57,57,57,57,57,57,67,67,67,67,67,67,67,67,67,67,67,67,67,73,73],"card_choices":[{"not_picked":["Leap","Rebound"],"picked":"Rip and Tear","floor":1.0},{"not_picked":["Recycle","Redo"],"picked":"Leap","floor":2.0},{"not_picked":["Compile Driver","Rebound"],"picked":"Ball Lightning","floor":4.0},{"not_picked":["Auto Shields","Steam Power"],"picked":"White Noise","floor":8},{"not_picked":["Blizzard","Hologram"],"picked":"Machine Learning","floor":10},{"not_picked":["Streamline","Leap"],"picked":"Conserve Battery","floor":11},{"not_picked":["Ball Lightning","Gash"],"picked":"Storm","floor":12},{"not_picked":["Cold Snap","Storm"],"picked":"Sunder","floor":14},{"not_picked":["Multi-Cast","Hyperbeam"],"picked":"Amplify","floor":16},{"not_picked":[],"picked":"Sweeping Beam","floor":18},{"not_picked":["Barrage"],"picked":"SKIP","floor":22},{"not_picked":[],"picked":"Compile Driver","floor":25},{"not_picked":["Compile Driver"],"picked":"SKIP","floor":29},{"not_picked":[],"picked":"Conserve Battery","floor":31},{"not_picked":[],"picked":"Hyperbeam","floor":33},{"not_picked":[],"picked":"Coolheaded","floor":35},{"not_picked":[],"picked":"Compile Driver+1","floor":37},{"not_picked":[],"picked":"Flash of Steel","floor":38},{"not_picked":[],"picked":"Finesse","floor":38},{"not_picked":[],"picked":"Discovery","floor":38}],"player_experience":555153,"relics_obtained":[{"floor":8,"key":"Peace Pipe"},{"floor":9,"key":"Darkstone Periapt"},{"floor":10,"key":"Lantern"},{"floor":26,"key":"Pear"},{"floor":28,"key":"Emotion Chip"}],"event_choices":[{"cards_removed":["Defend_B"],"damage_healed":0.0,"max_hp_gain":0.0,"max_hp_loss":0.0,"gold_gain":0.0,"event_name":"Golden Wing","player_choice":"Card Removal","floor":3.0,"gold_loss":0.0,"damage_taken":7.0},{"damage_healed":0.0,"max_hp_gain":0.0,"max_hp_loss":0.0,"gold_gain":75.0,"event_name":"World of Goop","player_choice":"Gather Gold","floor":5.0,"gold_loss":0.0,"damage_taken":11.0},{"damage_healed":0,"gold_gain":0,"player_choice":"Became a vampire","damage_taken":0,"max_hp_gain":0,"max_hp_loss":25,"event_name":"Vampires","floor":19,"gold_loss":0,"cards_obtained":["Bite","Bite","Bite","Bite","Bite"]},{"damage_healed":0,"gold_gain":0,"player_choice":"Inject Mutagens","damage_taken":0,"relics_obtained":["MutagenicStrength"],"max_hp_gain":0,"max_hp_loss":0,"event_name":"Drug Dealer","floor":20,"gold_loss":0},{"damage_healed":0,"gold_gain":0,"player_choice":"Simplicity","damage_taken":0,"max_hp_gain":0,"max_hp_loss":0,"event_name":"Back to Basics","floor":24,"gold_loss":0,"cards_upgraded":["Defend_B","Defend_B","Defend_B"]},{"damage_healed":0,"gold_gain":0,"cards_transformed":["Coolheaded"],"player_choice":"Transformed","damage_taken":0,"max_hp_gain":0,"max_hp_loss":0,"event_name":"Transmorgrifier","floor":36,"gold_loss":0,"cards_obtained":["Recycle"]},{"damage_healed":0,"gold_gain":0,"player_choice":"Memory 3","damage_taken":10,"max_hp_gain":0,"max_hp_loss":0,"event_name":"SensoryStone","floor":38,"gold_loss":0},{"damage_healed":17,"gold_gain":0,"player_choice":"Writhe","damage_taken":0,"max_hp_gain":0,"max_hp_loss":0,"event_name":"Winding Halls","floor":39,"gold_loss":0,"cards_obtained":["Writhe"]}],"is_beta":false,"boss_relics":[{"not_picked":["Pandora\u0027s Box","Black Star"],"picked":"Busted Crown"},{"not_picked":["White Beast Statue","Lizard Tail"],"picked":"Velvet Choker"}],"items_purged_floors":[],"is_endless":false,"potions_floor_spawned":[2,11,14,16,18,25,29],"killed_by":"Giant Head","ascension_level":8}