{"gold_per_floor":[112,37,48,48,65,90,90,124,124,124,155,169,235,222,222,222],"floor_reached":16,"playtime":661,"items_purged":["Parasite"],"score":210,"play_id":"8a494780-fdf8-4204-908f-58e03cb28419","local_time":"20190501122610","is_ascension_mode":true,"campfire_choices":[{"floor":10,"key":"REST"},{"floor":15,"key":"REST"}],"neow_cost":"CURSE","seed_source_timestamp":94669573518600,"circlet_count":0,"master_deck":["AscendersBane","Strike_R","Strike_R+1","Strike_R","Strike_R","Strike_R","Defend_R+1","Defend_R","Defend_R","Defend_R","Bash","Immolate","Headbutt","Shockwave","Sentinel","Flame Barrier","Brutality","Twin Strike","True Grit","Warcry"],"relics":["Burning Blood","The Courier","Question Card","Bottled Lightning","Paper Frog"],"potions_floor_usage":[8,14,16],"damage_taken":[{"damage":0,"enemies":"Small Slimes","floor":1,"turns":3},{"damage":0,"enemies":"2 Louse","floor":3,"turns":1},{"damage":7,"enemies":"Jaw Worm","floor":5,"turns":3},{"damage":25,"enemies":"Lagavulin","floor":6,"turns":6},{"damage":32,"enemies":"Gremlin Nob","floor":8,"turns":4},{"damage":39,"enemies":"Lagavulin","floor":11,"turns":7},{"damage":8,"enemies":"3 Louse","floor":12,"turns":3},{"damage":3,"enemies":"Exordium Thugs","floor":14,"turns":5},{"damage":38,"enemies":"Slime Boss","floor":16,"turns":7}],"seed_played":"-7406338703928661753","potions_obtained":[{"floor":6,"key":"Regen Potion"},{"floor":12,"key":"SkillPotion"},{"floor":14,"key":"PowerPotion"}],"is_trial":false,"path_per_floor":["M","$","M","?","M","E","?","E","T","R","E","M","?","M","R","B"],"character_chosen":"IRONCLAD","items_purchased":[],"campfire_rested":2,"item_purchase_floors":[],"current_hp_per_floor":[74,72,72,77,76,57,34,20,20,43,10,8,8,11,34,0],"gold":222,"neow_bonus":"THREE_RARE_CARDS","is_prod":false,"is_daily":false,"chose_seed":false,"campfire_upgraded":0,"win_rate":0,"timestamp":1556684770,"path_taken":["M","$","M","?","M","E","?","E","T","R","E","M","?","M","R","BOSS"],"build_version":"2019-01-23","purchased_purges":1,"victory":false,"max_hp_per_floor":[75,72,72,77,77,77,77,77,77,77,77,77,77,77,77,77],"card_choices":[{"not_picked":["Dark Embrace","Feed"],"picked":"Immolate","floor":0},{"not_picked":["Seeing Red","Iron Wave"],"picked":"Headbutt","floor":1},{"not_picked":["Wild Strike","Heavy Blade"],"picked":"Shockwave","floor":3},{"not_picked":["Second Wind","Intimidate"],"picked":"Sentinel","floor":5},{"not_picked":["Dropkick","Reckless Charge"],"picked":"Flame Barrier","floor":6},{"not_picked":["Pommel Strike","Sword Boomerang"],"picked":"Brutality","floor":8},{"not_picked":["Entrench","Clash","Thunderclap"],"picked":"Twin Strike","floor":11},{"not_picked":["Hemokinesis","Iron Wave","Pommel Strike"],"picked":"True Grit","floor":12},{"not_picked":["Havoc","Entrench","Anger"],"picked":"Warcry","floor":14}],"player_experience":569672,"relics_obtained":[{"floor":6,"key":"The Courier"},{"floor":8,"key":"Question Card"},{"floor":9,"key":"Bottled Lightning"},{"floor":11,"key":"Paper Frog"}],"event_choices":[{"damage_healed":0,"gold_gain":0,"player_choice":"Donut","damage_taken":0,"max_hp_gain":5,"max_hp_loss":0,"event_name":"Big Fish","floor":4,"gold_loss":0},{"damage_healed":0,"gold_gain":0,"player_choice":"Entered Light","damage_taken":23,"max_hp_gain":0,"max_hp_loss":0,"event_name":"Shining Light","floor":7,"gold_loss":0,"cards_upgraded":["Defend_R","Strike_R"]},{"damage_healed":0,"gold_gain":66,"player_choice":"Gained Gold","damage_taken":0,"max_hp_gain":0,"max_hp_loss":0,"event_name":"Golden Wing","floor":13,"gold_loss":0}],"is_beta":false,"boss_relics":[],"items_purged_floors":[2],"is_endless":false,"potions_floor_spawned":[6,12,14],"killed_by":"Slime Boss","ascension_level":15}