{"gold_per_floor":[113,113,0,12,24,24,57,57,81,92,92,118,98,116,116,190,190,170,39,39,39,49,49,68,68],"floor_reached":25,"playtime":839,"items_purged":["Strike_B"],"score":422,"play_id":"186e09b4-f351-4ec8-b1d8-8340da9fac4f","local_time":"20190425205619","is_ascension_mode":true,"campfire_choices":[{"data":"Zap","floor":6.0,"key":"SMITH"},{"data":"Dualcast","floor":8.0,"key":"SMITH"},{"data":"Turbo","floor":11.0,"key":"SMITH"},{"data":"Chaos","floor":15.0,"key":"SMITH"},{"data":"Coolheaded","floor":23,"key":"SMITH"}],"neow_cost":"NONE","seed_source_timestamp":77980115828992,"circlet_count":0,"master_deck":["AscendersBane","Defend_B","Defend_B","Defend_B","Zap+1","Dualcast+1","Stack+1","Core Surge","Hologram+1","Go for the Eyes","Rainbow","Turbo+1","Cold Snap","Compile Driver","Chaos+1","Coolheaded+1","All For One","Sunder","Beam Cell","Echo Form","Hologram","Turbo","Compile Driver+1","Steam+1"],"special_seed":0,"relics":["Eternal Feather","Art of War","Regal Pillow","War Paint","Empty Cage","Prayer Wheel"],"potions_floor_usage":[22,24],"damage_taken":[{"damage":7.0,"enemies":"2 Louse","floor":1.0,"turns":3.0},{"damage":1.0,"enemies":"Cultist","floor":4.0,"turns":4.0},{"damage":2.0,"enemies":"Jaw Worm","floor":5.0,"turns":3.0},{"damage":12.0,"enemies":"Lagavulin","floor":7.0,"turns":5.0},{"damage":25.0,"enemies":"Exordium Wildlife","floor":10.0,"turns":5.0},{"damage":25.0,"enemies":"Gremlin Nob","floor":12.0,"turns":4.0},{"damage":10.0,"enemies":"Large Slime","floor":14.0,"turns":6.0},{"damage":20.0,"enemies":"Slime Boss","floor":16.0,"turns":11.0},{"damage":20.0,"enemies":"2 Thieves","floor":18.0,"turns":4.0},{"damage":11,"enemies":"3 Byrds","floor":22,"turns":5},{"damage":8,"enemies":"Cultist and Chosen","floor":24,"turns":6},{"damage":31,"enemies":"Gremlin Leader","floor":25,"turns":2}],"seed_played":"5390628075679347511","potions_obtained":[{"floor":4.0,"key":"LiquidBronze"},{"floor":7.0,"key":"PowerPotion"},{"floor":12.0,"key":"Dexterity Potion"},{"floor":13.0,"key":"GamblersBrew"},{"floor":18.0,"key":"Block Potion"},{"floor":22,"key":"Swift Potion"}],"is_trial":false,"path_per_floor":["M","?","$","M","M","R","E","R","T","M","R","E","?","M","R","B",null,"M","$","T","?","M","R","M","E"],"character_chosen":"DEFECT","items_purchased":["Hologram","Go for the Eyes","Beam Cell"],"campfire_rested":0,"item_purchase_floors":[3,3,19],"current_hp_per_floor":[57,57,57,56,54,63,51,60,60,35,44,19,19,9,21,1,54,34,34,34,34,23,35,27,0],"gold":68,"neow_bonus":"BOSS_RELIC","is_prod":false,"is_daily":false,"chose_seed":false,"campfire_upgraded":5,"win_rate":0,"timestamp":1556196979,"path_taken":["M","?","$","M","M","R","E","R","T","M","R","E","?","M","R","BOSS","M","$","?","?","M","R","M","E"],"build_version":"2019-01-23","purchased_purges":1,"victory":false,"max_hp_per_floor":[71,71,71,71,71,71,71,71,71,71,71,71,71,71,71,71,71,71,71,71,71,71,71,71,71],"card_choices":[{"not_picked":["Sweeping Beam","Hello World"],"picked":"Stack","floor":1.0},{"not_picked":["Beam Cell","BootSequence"],"picked":"Rainbow","floor":4.0},{"not_picked":["White Noise","Redo"],"picked":"Turbo","floor":5.0},{"not_picked":["Streamline","Conserve Battery"],"picked":"Cold Snap","floor":7.0},{"not_picked":["Redo","Sweeping Beam"],"picked":"Compile Driver","floor":10.0},{"not_picked":["Scrape","Undo"],"picked":"Chaos","floor":12.0},{"not_picked":["Beam Cell","Conserve Battery"],"picked":"Coolheaded","floor":14.0},{"not_picked":["Machine Learning","Core Surge"],"picked":"All For One","floor":16.0},{"not_picked":["Loop","Lockon"],"picked":"Sunder","floor":18.0},{"not_picked":["Barrage","Beam Cell"],"picked":"Hologram","floor":22},{"not_picked":["Lockon","Streamline"],"picked":"Turbo","floor":22},{"not_picked":["Sweeping Beam","Streamline"],"picked":"Compile Driver+1","floor":24},{"not_picked":["Redo","Gash"],"picked":"Steam+1","floor":24}],"player_experience":1481366,"relics_obtained":[{"floor":7.0,"key":"Art of War"},{"floor":9.0,"key":"Regal Pillow"},{"floor":12.0,"key":"War Paint"},{"floor":20,"key":"Prayer Wheel"}],"event_choices":[{"damage_healed":0.0,"max_hp_gain":0.0,"max_hp_loss":0.0,"gold_gain":0.0,"cards_transformed":["Strike_B"],"event_name":"Living Wall","player_choice":"Change","floor":2.0,"gold_loss":0.0,"damage_taken":0.0,"cards_obtained":["Core Surge"]},{"damage_healed":0.0,"max_hp_gain":0.0,"max_hp_loss":0.0,"gold_gain":0.0,"event_name":"The Woman in Blue","player_choice":"Bought 1 Potion","floor":13.0,"gold_loss":0.0,"damage_taken":0.0},{"damage_healed":0,"gold_gain":0,"cards_transformed":["Defend_B"],"player_choice":"Transformed","damage_taken":0,"max_hp_gain":0,"max_hp_loss":0,"event_name":"Transmorgrifier","floor":21,"gold_loss":0,"cards_obtained":["Echo Form"]}],"is_beta":false,"boss_relics":[{"not_picked":["White Beast Statue","Fusion Hammer"],"picked":"Empty Cage"}],"items_purged_floors":[19],"is_endless":false,"potions_floor_spawned":[4,7,10,12,18,22],"killed_by":"Gremlin Leader","ascension_level":20}