{"path_per_floor":["M","?","$","M","M","R","?","R","T","R","M","M","M","M","R","B",null,"M","$","M","$","?","R","M","M","T","E","R","M","?","M","R"],"character_chosen":"IRONCLAD","items_purchased":["Good Instincts"],"gold_per_floor":[109,184,12,25,37,37,59,59,59,59,76,88,100,116,116,213,213,227,127,147,22,22,22,40,58,58,89,89,109,109,124,124,124],"floor_reached":33,"campfire_rested":2,"playtime":981,"current_hp_per_floor":[75,64,64,65,70,70,71,71,71,71,70,67,73,75,75,8,80,68,68,49,49,49,49,47,46,46,21,45,43,43,49,73,0],"items_purged":["Defend_R","Doubt","Writhe"],"gold":124,"score":261,"play_id":"76e2d426-df3b-4854-b89b-f866384eba3a","local_time":"20180426205600","is_prod":false,"is_daily":false,"chose_seed":false,"is_ascension_mode":false,"campfire_upgraded":5,"timestamp":1524790560,"path_taken":["M","?","$","M","?","R","?","R","T","R","?","?","M","M","R","BOSS","M","$","M","$","?","R","M","M","T","E","R","M","?","M","R","BOSS"],"build_version":"2018-04-26","seed_source_timestamp":307112776448384,"purchased_purges":3,"victory":false,"master_deck":["Strike_R","Strike_R","Strike_R","Strike_R","Strike_R","Defend_R","Defend_R","Defend_R","Bash+1","Cleave+1","Good Instincts+1","Perfected Strike+1","Shockwave+1","Perfected Strike+1","Sword Boomerang","Pummel+1","Brutality","Writhe","Flex+1","Flex+1","Normality","Whirlwind","Battle Trance+1","Flex+1"],"max_hp_per_floor":[80,80,80,80,80,80,80,80,80,80,80,80,80,80,80,80,80,80,80,80,80,80,80,80,80,80,80,80,80,80,80,80,80],"relics":["Burning Blood","Odd Mushroom","Toxic Egg 2","Calling Bell","Oddly Smooth Stone","Centennial Puzzle","Champion Belt","Bag of Preparation","Matryoshka","Whetstone"],"card_choices":[{"not_picked":["Sever Soul","Hemokinesis"],"picked":"Cleave","floor":1},{"not_picked":["Anger","Rage"],"picked":"Perfected Strike","floor":4},{"not_picked":["Blood for Blood","Clothesline"],"picked":"Shockwave","floor":5},{"not_picked":["Thunderclap","Power Through"],"picked":"Perfected Strike","floor":7},{"not_picked":["Shrug It Off","Cleave"],"picked":"Sword Boomerang","floor":11},{"not_picked":["Pommel Strike","Iron Wave"],"picked":"Pummel","floor":13},{"not_picked":["Juggernaut","Reaper"],"picked":"Brutality","floor":16},{"not_picked":["Flame Barrier","True Grit"],"picked":"Flex","floor":18},{"not_picked":["Reckless Charge","Warcry"],"picked":"Flex","floor":20},{"not_picked":["Iron Wave","Clash"],"picked":"Whirlwind","floor":25},{"not_picked":["Perfected Strike","Thunderclap"],"picked":"Battle Trance","floor":27},{"not_picked":["Intimidate","Disarm"],"picked":"Flex","floor":31}],"player_experience":0,"potions_floor_usage":[7,18,18,20,27,33],"damage_taken":[{"damage":11,"enemies":"Jaw Worm","floor":1,"turns":2},{"damage":5,"enemies":"2 Louse","floor":4,"turns":2},{"damage":1,"enemies":"Cultist","floor":5,"turns":3},{"damage":5,"enemies":"The Mushroom Lair","floor":7,"turns":3},{"damage":7,"enemies":"Blue Slaver","floor":11,"turns":3},{"damage":9,"enemies":"Looter","floor":12,"turns":3},{"damage":0,"enemies":"Gremlin Gang","floor":13,"turns":4},{"damage":4,"enemies":"Exordium Thugs","floor":14,"turns":3},{"damage":73,"enemies":"The Guardian","floor":16,"turns":12},{"damage":18,"enemies":"Shell Parasite","floor":18,"turns":5},{"damage":25,"enemies":"2 Thieves","floor":20,"turns":3},{"damage":8,"enemies":"Snecko","floor":24,"turns":3},{"damage":7,"enemies":"Centurion and Healer","floor":25,"turns":4},{"damage":31,"enemies":"Slavers","floor":27,"turns":4},{"damage":8,"enemies":"Chosen and Byrds","floor":29,"turns":6},{"damage":0,"enemies":"Snecko","floor":31,"turns":2},{"damage":96,"enemies":"Champ","floor":33,"turns":11}],"event_choices":[{"event_name":"World of Goop","player_choice":"Gather Gold","floor":2,"damage_taken":0},{"event_name":"Mushrooms","player_choice":"Fought Mushrooms","floor":7,"damage_taken":0},{"event_name":"Accursed Blacksmith","player_choice":"Rummage","floor":22,"damage_taken":0},{"event_name":"Vampires","player_choice":"Ignored","floor":30,"damage_taken":0}],"boss_relics":[{"not_picked":["Eternal Feather","Mark of Pain"],"picked":"Calling Bell"}],"potions_floor_spawned":[1,4,12,13,18,24,31],"seed_played":"-975143876341868681","killed_by":"Champ","ascension_level":0,"is_trial":false}