{"gold_per_floor":[115,115,5,5,5,38,38,38,61,77,87,87],"floor_reached":12,"playtime":445,"items_purged":["Regret"],"score":103,"play_id":"aed71017-8d86-43b9-9f2a-d4ebf8dd55b7","local_time":"20190323222437","is_ascension_mode":true,"campfire_choices":[{"floor":7,"key":"REST"}],"neow_cost":"NONE","seed_source_timestamp":913275833441490,"circlet_count":0,"master_deck":["Defend_G","Defend_G","Defend_G","Defend_G","Defend_G","Strike_G","Strike_G","Strike_G","Strike_G","Strike_G","Survivor","Neutralize","Heel Hook","Footwork+1","Prepared","Deflect","Accuracy"],"relics":["Black Star","Anchor","Kunai","Ninja Scroll","Blood Vial"],"potions_floor_usage":[12,12],"damage_taken":[{"damage":10,"enemies":"Small Slimes","floor":1,"turns":5},{"damage":38,"enemies":"3 Sentries","floor":6,"turns":15},{"damage":0,"enemies":"Cultist","floor":10,"turns":4},{"damage":0,"enemies":"Jaw Worm","floor":11,"turns":4},{"damage":51,"enemies":"Gremlin Nob","floor":12,"turns":6}],"seed_played":"9037981091365579066","potions_obtained":[{"floor":6,"key":"Dexterity Potion"},{"floor":10,"key":"GhostInAJar"}],"is_trial":false,"path_per_floor":["M","?","$","?","?","E","R","?","T","M","M","E"],"character_chosen":"THE_SILENT","items_purchased":["Footwork"],"campfire_rested":1,"item_purchase_floors":[3],"current_hp_per_floor":[53,53,53,53,53,15,36,36,36,38,40,0],"gold":87,"neow_bonus":"BOSS_RELIC","is_prod":false,"is_daily":false,"chose_seed":false,"campfire_upgraded":0,"win_rate":0,"timestamp":1553405077,"path_taken":["M","?","$","?","?","E","R","?","T","M","?","E"],"build_version":"2019-01-23","purchased_purges":1,"victory":false,"max_hp_per_floor":[70,70,70,70,70,70,70,70,70,70,70,70],"card_choices":[{"not_picked":["Sucker Punch","Expertise"],"picked":"Heel Hook","floor":1},{"not_picked":["Slice","Expertise"],"picked":"Prepared","floor":6},{"not_picked":["Bane","Flechettes"],"picked":"Deflect","floor":10},{"not_picked":["Well Laid Plans","Calculated Gamble"],"picked":"Accuracy","floor":11}],"player_experience":404954,"relics_obtained":[{"floor":6,"key":"Kunai"},{"floor":6,"key":"Ninja Scroll"},{"floor":9,"key":"Blood Vial"}],"event_choices":[{"damage_healed":0,"gold_gain":0,"player_choice":"Box","damage_taken":0,"relics_obtained":["Anchor"],"max_hp_gain":0,"max_hp_loss":0,"event_name":"Big Fish","floor":2,"gold_loss":0,"cards_obtained":["Regret"]},{"damage_healed":0,"gold_gain":0,"player_choice":"Ignored","damage_taken":0,"max_hp_gain":0,"max_hp_loss":0,"event_name":"Liars Game","floor":4,"gold_loss":0},{"damage_healed":0,"gold_gain":0,"player_choice":"Leave","damage_taken":0,"max_hp_gain":0,"max_hp_loss":0,"event_name":"The Cleric","floor":5,"gold_loss":0},{"damage_healed":0,"gold_gain":0,"player_choice":"Forge","damage_taken":0,"max_hp_gain":0,"max_hp_loss":0,"event_name":"Accursed Blacksmith","floor":8,"gold_loss":0,"cards_upgraded":["Footwork"]}],"is_beta":false,"boss_relics":[],"items_purged_floors":[3],"is_endless":false,"potions_floor_spawned":[6,10],"killed_by":"Gremlin Nob","ascension_level":7}