{"gold_per_floor":[110,110,121,140,29,29,64,64,64,64,80,96,123,142,142,243,243,262,182,192,203,103,103,103],"floor_reached":24,"playtime":1235,"items_purged":["Strike_B","Defend_B","Defend_B"],"score":322,"play_id":"a0edfc8d-cd42-4a2f-955f-1c18768018e8","local_time":"20190424223231","is_ascension_mode":true,"campfire_choices":[{"data":"Fusion","floor":6,"key":"SMITH"},{"data":"Coolheaded","floor":8,"key":"SMITH"},{"data":"Defragment","floor":10,"key":"SMITH"},{"floor":15,"key":"REST"},{"data":"Zap","floor":23,"key":"SMITH"}],"neow_cost":"NONE","seed_source_timestamp":88265838357900,"circlet_count":0,"master_deck":["AscendersBane","Strike_B","Strike_B","Defend_B","Defend_B","Zap+1","Dualcast","Cold Snap","Hyperbeam","Coolheaded+1","Fusion+1","Loop","Defragment+1","Glacier","Recycle","Buffer","Seek","Coolheaded+1"],"relics":["Cracked Core","Dodecahedron","The Courier","Pocketwatch","Cursed Key"],"potions_floor_usage":[7,21,21],"damage_taken":[{"damage":4,"enemies":"Small Slimes","floor":1,"turns":4},{"damage":6,"enemies":"Cultist","floor":3,"turns":3},{"damage":0,"enemies":"Jaw Worm","floor":4,"turns":4},{"damage":24,"enemies":"3 Sentries","floor":7,"turns":4},{"damage":7,"enemies":"Blue Slaver","floor":11,"turns":4},{"damage":0,"enemies":"Lots of Slimes","floor":12,"turns":1},{"damage":12,"enemies":"Lagavulin","floor":13,"turns":8},{"damage":4,"enemies":"Looter","floor":14,"turns":4},{"damage":18,"enemies":"The Guardian","floor":16,"turns":21},{"damage":11,"enemies":"2 Thieves","floor":18,"turns":4},{"damage":1,"enemies":"Shell Parasite","floor":20,"turns":9},{"damage":2,"enemies":"Centurion and Healer","floor":21,"turns":13},{"damage":34,"enemies":"Gremlin Leader","floor":24,"turns":6}],"seed_played":"3213854157414996013","potions_obtained":[{"floor":3,"key":"AttackPotion"},{"floor":13,"key":"SpeedPotion"},{"floor":14,"key":"FearPotion"},{"floor":16,"key":"SkillPotion"}],"is_trial":false,"path_per_floor":["M","?","M","M","$","R","E","R","T","R","M","M","E","M","R","B",null,"M","$","M","M","$","R","E"],"character_chosen":"DEFECT","items_purchased":["Loop"],"campfire_rested":1,"item_purchase_floors":[5],"current_hp_per_floor":[71,71,65,65,65,65,41,41,41,41,34,34,22,18,42,24,68,57,57,56,54,54,54,20],"gold":103,"neow_bonus":"TEN_PERCENT_HP_BONUS","is_prod":false,"is_daily":false,"chose_seed":false,"campfire_upgraded":4,"win_rate":0,"timestamp":1556116351,"path_taken":["M","?","M","M","$","R","E","R","T","R","?","M","E","?","R","BOSS","M","$","M","M","$","R","E"],"build_version":"2019-01-23","purchased_purges":3,"victory":false,"max_hp_per_floor":[82,82,82,82,82,82,82,82,82,82,82,82,82,82,82,82,82,82,82,82,82,82,82,82],"card_choices":[{"not_picked":["Steam","Conserve Battery"],"picked":"Cold Snap","floor":1},{"not_picked":["Steam","Go for the Eyes"],"picked":"Coolheaded","floor":3},{"not_picked":["Gash","Beam Cell"],"picked":"Fusion","floor":4},{"not_picked":["Aggregate","Reprogram"],"picked":"Defragment","floor":7},{"not_picked":["Beam Cell","Hologram"],"picked":"Glacier","floor":11},{"not_picked":["Streamline","Genetic Algorithm"],"picked":"Recycle","floor":12},{"not_picked":["Gash","Skim"],"picked":"Buffer","floor":13},{"not_picked":["Turbo","Skim","Steam Power"],"picked":"SKIP","floor":14},{"not_picked":["All For One","Fission"],"picked":"Seek","floor":16},{"not_picked":["Melter+1","Barrage"],"picked":"Coolheaded+1","floor":18},{"not_picked":["Chaos","Coolheaded","Steam Power"],"picked":"SKIP","floor":20},{"not_picked":["BootSequence","Sweeping Beam+1","Barrage+1"],"picked":"SKIP","floor":21}],"player_experience":527661,"relics_obtained":[{"floor":7,"key":"Dodecahedron"},{"floor":9,"key":"The Courier"},{"floor":13,"key":"Pocketwatch"}],"event_choices":[{"damage_healed":0,"gold_gain":0,"cards_transformed":["Strike_B"],"player_choice":"Transformed","damage_taken":0,"max_hp_gain":0,"max_hp_loss":0,"event_name":"Transmorgrifier","floor":2,"gold_loss":0,"cards_obtained":["Hyperbeam"]}],"is_beta":false,"boss_relics":[{"not_picked":["Tiny House","Velvet Choker"],"picked":"Cursed Key"}],"items_purged_floors":[5,19,22],"is_endless":false,"potions_floor_spawned":[3,13,14,16,18,20],"killed_by":"Gremlin Leader","ascension_level":11}