{"gold_per_floor":[116,11,161,49,14,41,53,53,53,53,53,93,114,134,134,230,230,255,255,255,255,278,278,278],"floor_reached":24,"playtime":460,"items_purged":["Doubt"],"score":458,"play_id":"065ae5e7-efec-4463-a4fa-437ecef5b451","local_time":"20190428170703","is_ascension_mode":true,"campfire_choices":[{"data":"Noxious Fumes","floor":8.0,"key":"SMITH"},{"data":"Bouncing Flask","floor":11.0,"key":"SMITH"},{"floor":15.0,"key":"REST"},{"data":"A Thousand Cuts","floor":23,"key":"SMITH"}],"neow_cost":"NONE","seed_source_timestamp":0,"circlet_count":0,"master_deck":["AscendersBane","Defend_G","Defend_G","Defend_G","Defend_G","Defend_G","Strike_G","Strike_G","Strike_G","Strike_G","Strike_G","Survivor","Neutralize","Noxious Fumes+1","Slice","Bouncing Flask+1","Blade Dance","Finisher","Injury","Catalyst","Backstab","Masterful Stab","A Thousand Cuts+1","Choke","Finisher+1"],"special_seed":0,"relics":["Ring of the Snake","NeowsBlessing","Happy Flower","Torii","Golden Idol","Ice Cream","Eternal Feather","Enchiridion"],"potions_floor_usage":[18,21],"damage_taken":[{"damage":0.0,"enemies":"Jaw Worm","floor":1.0,"turns":1.0},{"damage":0.0,"enemies":"Lagavulin","floor":6.0,"turns":1.0},{"damage":0.0,"enemies":"2 Louse","floor":7.0,"turns":1.0},{"damage":29.0,"enemies":"Gremlin Nob","floor":12.0,"turns":4.0},{"damage":0.0,"enemies":"Cultist","floor":13.0,"turns":2.0},{"damage":0.0,"enemies":"2 Fungi Beasts","floor":14.0,"turns":2.0},{"damage":14.0,"enemies":"Hexaghost","floor":16.0,"turns":7.0},{"damage":11,"enemies":"2 Thieves","floor":18,"turns":4},{"damage":0,"enemies":"Shell Parasite","floor":21,"turns":1},{"damage":29,"enemies":"3 Cultists","floor":22,"turns":5},{"damage":58,"enemies":"Book of Stabbing","floor":24,"turns":4}],"seed_played":"-1605240397051333038","potions_obtained":[{"floor":1.0,"key":"Fire Potion"},{"floor":7.0,"key":"SmokeBomb"},{"floor":13.0,"key":"PowerPotion"},{"floor":16.0,"key":"AttackPotion"},{"floor":22,"key":"SpeedPotion"}],"is_trial":false,"path_per_floor":["M","$","?","$","?","E","M","R","T","?","R","E","M","M","R","B",null,"M","?","?","M","M","R","E"],"character_chosen":"THE_SILENT","items_purchased":["Noxious Fumes","Slice","Bouncing Flask"],"campfire_rested":1,"item_purchase_floors":[2,2,4],"current_hp_per_floor":[59,59,59,59,66,66,66,66,66,66,66,37,37,37,56,42,60,49,28,66,66,37,52,0],"gold":278,"neow_bonus":"THREE_ENEMY_KILL","is_prod":false,"is_daily":false,"chose_seed":false,"campfire_upgraded":3,"win_rate":0,"timestamp":1556485623,"path_taken":["M","$","?","$","?","E","M","R","T","?","R","E","M","M","R","BOSS","M","?","?","?","M","R","E"],"build_version":"2019-01-23","purchased_purges":1,"victory":false,"max_hp_per_floor":[66,66,66,66,66,66,66,66,66,66,66,66,66,66,66,66,66,66,66,66,66,66,66,66],"card_choices":[{"not_picked":["Sucker Punch","Reflex","Acrobatics"],"picked":"SKIP","floor":1.0},{"not_picked":["Poisoned Stab","Accuracy"],"picked":"Blade Dance","floor":6.0},{"not_picked":["Acrobatics","Quick Slash"],"picked":"Finisher","floor":7.0},{"not_picked":["Eviscerate","Acrobatics"],"picked":"Catalyst","floor":12.0},{"not_picked":["Deadly Poison","Crippling Poison"],"picked":"Backstab","floor":13.0},{"not_picked":["Deflect","All Out Attack"],"picked":"Masterful Stab","floor":14.0},{"not_picked":["Grand Finale","Venomology"],"picked":"A Thousand Cuts","floor":16.0},{"not_picked":["Prepared","Blur"],"picked":"Choke","floor":18},{"not_picked":["Deadly Poison","Outmaneuver"],"picked":"Finisher+1","floor":22}],"player_experience":934333,"relics_obtained":[{"floor":6.0,"key":"Happy Flower"},{"floor":9.0,"key":"Torii"},{"floor":12.0,"key":"Ice Cream"},{"floor":19,"key":"Enchiridion"}],"event_choices":[{"damage_healed":0.0,"max_hp_gain":0.0,"max_hp_loss":0.0,"gold_gain":150.0,"event_name":"Liars Game","player_choice":"AGREE","floor":3.0,"gold_loss":0.0,"damage_taken":0.0,"cards_obtained":["Doubt"]},{"damage_healed":16.0,"max_hp_gain":0.0,"max_hp_loss":0.0,"gold_gain":0.0,"event_name":"The Cleric","player_choice":"Healed","floor":5.0,"gold_loss":35.0,"damage_taken":0.0},{"damage_healed":0.0,"max_hp_gain":0.0,"max_hp_loss":0.0,"gold_gain":0.0,"event_name":"Golden Idol","player_choice":"Take Wound","floor":10.0,"gold_loss":0.0,"damage_taken":0.0,"relics_obtained":["Golden Idol"],"cards_obtained":["Injury"]},{"damage_healed":0,"gold_gain":0,"player_choice":"Obtained Book","damage_taken":21,"max_hp_gain":0,"max_hp_loss":0,"event_name":"Cursed Tome","floor":19,"gold_loss":0},{"damage_healed":38,"gold_gain":0,"player_choice":"Full Heal","damage_taken":0,"max_hp_gain":0,"max_hp_loss":0,"event_name":"Wheel of Change","floor":20,"gold_loss":0}],"is_beta":false,"boss_relics":[{"not_picked":["Philosopher\u0027s Stone","Sozu"],"picked":"Eternal Feather"}],"items_purged_floors":[4],"is_endless":false,"potions_floor_spawned":[1,7,13,16,22],"killed_by":"Book of Stabbing","ascension_level":20}