{"gold_per_floor":[117,117,128,128,143,169,169,179,179,30,30,65,65,76,76,172,172,191,191,166,177,177],"floor_reached":22,"playtime":2436,"items_purged":[],"score":230,"play_id":"c294f3b7-bb14-4c04-a7d9-b5c7b9e2f622","local_time":"20181226002938","is_ascension_mode":true,"campfire_choices":[{"floor":7,"key":"REST"},{"floor":11,"key":"REST"},{"data":"Finisher","floor":13,"key":"SMITH"},{"floor":15,"key":"REST"}],"neow_cost":"TEN_PERCENT_HP_LOSS","seed_source_timestamp":301075550227737,"circlet_count":0,"master_deck":["Defend_G","Defend_G","Defend_G","Defend_G","Strike_G","Strike_G","Strike_G","Strike_G","Strike_G","Survivor","Neutralize","Tools of the Trade","Blade Dance","Well Laid Plans","Outmaneuver","Slice","Dash","Deflect","Dagger Throw","Slice","Finisher+1","Flying Knee","Die Die Die","Escape Plan","PiercingWail","Slice"],"relics":["Ring of the Snake","Pear","Thread and Needle","Tough Bandages","Black Star"],"potions_floor_usage":[6,22,22,22],"damage_taken":[{"damage":1,"enemies":"2 Louse","floor":1,"turns":4},{"damage":0,"enemies":"Jaw Worm","floor":3,"turns":5},{"damage":0,"enemies":"Cultist","floor":5,"turns":4},{"damage":29,"enemies":"Lagavulin","floor":6,"turns":8},{"damage":30,"enemies":"Exordium Thugs","floor":8,"turns":7},{"damage":0,"enemies":"3 Sentries","floor":12,"turns":9},{"damage":0,"enemies":"2 Fungi Beasts","floor":14,"turns":2},{"damage":18,"enemies":"Hexaghost","floor":16,"turns":12},{"damage":8,"enemies":"Spheric Guardian","floor":18,"turns":4},{"damage":0,"enemies":"3 Byrds","floor":21,"turns":5},{"damage":18,"enemies":"Colosseum Slavers","floor":22,"turns":5},{"damage":54,"enemies":"Colosseum Nobs","floor":22,"turns":6}],"seed_played":"6736752594848322788","potions_obtained":[{"floor":1,"key":"FearPotion"},{"floor":12,"key":"SpeedPotion"},{"floor":16,"key":"LiquidBronze"},{"floor":18,"key":"AttackPotion"},{"floor":19,"key":"Energy Potion"}],"is_trial":false,"path_per_floor":["M","?","M","?","M","E","R","M","T","$","R","E","R","M","R","B",null,"M","?","$","M","?"],"character_chosen":"THE_SILENT","items_purchased":["Deflect","Dagger Throw","Slice","PiercingWail"],"campfire_rested":3,"item_purchase_floors":[10,10,10,20],"current_hp_per_floor":[62,62,62,55,55,36,57,27,27,27,48,48,48,48,69,51,73,65,65,65,65,0],"gold":177,"neow_bonus":"THREE_RARE_CARDS","is_prod":false,"is_daily":false,"chose_seed":false,"campfire_upgraded":1,"win_rate":0,"timestamp":1545802178,"path_taken":["M","?","M","?","M","E","R","M","T","$","R","E","R","M","R","BOSS","M","?","$","?","?"],"build_version":"2018-12-20","purchased_purges":0,"victory":false,"max_hp_per_floor":[63,63,63,63,63,73,73,73,73,73,73,73,73,73,73,73,73,73,73,73,73,73],"card_choices":[{"not_picked":["Night Terror","Wraith Form v2"],"picked":"Tools of the Trade","floor":0},{"not_picked":["Tactician","Dagger Spray"],"picked":"Blade Dance","floor":1},{"not_picked":["All Out Attack","Acrobatics"],"picked":"Well Laid Plans","floor":3},{"not_picked":["Poisoned Stab","Riddle With Holes"],"picked":"Outmaneuver","floor":5},{"not_picked":["Noxious Fumes","Outmaneuver"],"picked":"Slice","floor":6},{"not_picked":["Poisoned Stab","Prepared"],"picked":"Dash","floor":8},{"not_picked":["Dagger Spray","Sucker Punch"],"picked":"Finisher","floor":12},{"not_picked":["Dodge and Roll","Burst"],"picked":"Flying Knee","floor":14},{"not_picked":["Tools of the Trade","Venomology"],"picked":"Die Die Die","floor":16},{"not_picked":["Bouncing Flask","Expertise+1"],"picked":"Escape Plan","floor":18},{"not_picked":["All Out Attack+1","Deflect"],"picked":"Slice","floor":21}],"player_experience":20012,"relics_obtained":[{"floor":6,"key":"Pear"},{"floor":9,"key":"Thread and Needle"},{"floor":12,"key":"Tough Bandages"}],"event_choices":[{"damage_healed":0,"gold_gain":0,"player_choice":"Leave","damage_taken":0,"max_hp_gain":0,"max_hp_loss":0,"event_name":"The Cleric","floor":2,"gold_loss":0},{"cards_removed":["Defend_G"],"damage_healed":0,"gold_gain":0,"player_choice":"Card Removal","damage_taken":7,"max_hp_gain":0,"max_hp_loss":0,"event_name":"Golden Wing","floor":4,"gold_loss":0},{"damage_healed":0,"gold_gain":0,"player_choice":"Got Potions","damage_taken":0,"max_hp_gain":0,"max_hp_loss":0,"event_name":"Lab","floor":19,"gold_loss":0},{"damage_healed":0,"gold_gain":0,"player_choice":"Fight","damage_taken":0,"max_hp_gain":0,"max_hp_loss":0,"event_name":"Colosseum","floor":22,"gold_loss":0},{"damage_healed":0,"gold_gain":0,"player_choice":"Fought Nobs","damage_taken":0,"max_hp_gain":0,"max_hp_loss":0,"event_name":"Colosseum","floor":22,"gold_loss":0}],"is_beta":false,"boss_relics":[{"not_picked":["Lizard Tail","Ectoplasm"],"picked":"Black Star"}],"items_purged_floors":[],"is_endless":false,"potions_floor_spawned":[1,12,16,18,22],"killed_by":"Colosseum Nobs","ascension_level":1}