{"gold_per_floor":[111,111,186,202,221,221,248,277,304,316,316,333,110,121,121,121],"floor_reached":16,"playtime":322,"items_purged":[],"score":204,"play_id":"f4d9b80a-16a1-4afc-b197-ad3781102fee","local_time":"20190504072825","is_ascension_mode":true,"campfire_choices":[{"data":"Inflame","floor":6.0,"key":"SMITH"},{"data":"Heavy Blade","floor":15.0,"key":"SMITH"}],"neow_cost":"NONE","seed_source_timestamp":0,"circlet_count":0,"master_deck":["AscendersBane","Strike_R","Strike_R","Strike_R","Strike_R+1","Defend_R","Defend_R","Defend_R","Defend_R","Bash+1","Iron Wave","Inflame+1","Flex","Exhume","Spot Weakness","Clash","Heavy Blade+1"],"special_seed":0,"relics":["Burning Blood","NeowsBlessing","Smiling Mask","Odd Mushroom","Pen Nib","PrismaticShard"],"potions_floor_usage":[16],"damage_taken":[{"damage":0.0,"enemies":"Small Slimes","floor":1.0,"turns":1.0},{"damage":0.0,"enemies":"2 Louse","floor":4.0,"turns":1.0},{"damage":0.0,"enemies":"Jaw Worm","floor":5.0,"turns":1.0},{"damage":32.0,"enemies":"Gremlin Nob","floor":7.0,"turns":4.0},{"damage":4.0,"enemies":"The Mushroom Lair","floor":8.0,"turns":4.0},{"damage":12.0,"enemies":"3 Louse","floor":10.0,"turns":4.0},{"damage":0.0,"enemies":"Looter","floor":12.0,"turns":2.0},{"damage":18.0,"enemies":"Gremlin Gang","floor":14.0,"turns":5.0},{"damage":31,"enemies":"The Guardian","floor":16,"turns":2}],"seed_played":"-6303563512036673852","potions_obtained":[{"floor":5.0,"key":"Regen Potion"},{"floor":7.0,"key":"EssenceOfSteel"},{"floor":14.0,"key":"PowerPotion"}],"is_trial":false,"path_per_floor":["M","?","?","M","M","R","E","?","T","M","?","M","$","M","R","B"],"character_chosen":"IRONCLAD","items_purchased":["PrismaticShard"],"campfire_rested":0,"item_purchase_floors":[13],"current_hp_per_floor":[74,51,40,46,52,52,38,40,40,34,34,40,40,28,28,0],"gold":121,"neow_bonus":"THREE_ENEMY_KILL","is_prod":false,"is_daily":false,"chose_seed":false,"campfire_upgraded":2,"win_rate":0,"timestamp":1556969305,"path_taken":["M","?","?","?","M","R","E","?","T","M","?","M","$","M","R","BOSS"],"build_version":"2019-01-23","purchased_purges":0,"victory":false,"max_hp_per_floor":[75,75,75,75,75,75,75,75,75,75,75,75,75,75,75,75],"card_choices":[{"not_picked":["Wild Strike","True Grit","Power Through"],"picked":"SKIP","floor":1.0},{"not_picked":["Hemokinesis","True Grit"],"picked":"Iron Wave","floor":4.0},{"not_picked":["Headbutt","Wild Strike"],"picked":"Inflame","floor":5.0},{"not_picked":["Rage","Fire Breathing"],"picked":"Flex","floor":7.0},{"not_picked":["Warcry","Anger"],"picked":"Exhume","floor":8.0},{"not_picked":["Clothesline","Wild Strike"],"picked":"Spot Weakness","floor":10.0},{"not_picked":["True Grit","Perfected Strike","Bloodletting"],"picked":"SKIP","floor":12.0},{"not_picked":["Go for the Eyes","Sever Soul"],"picked":"Heavy Blade","floor":14.0}],"player_experience":945715,"relics_obtained":[{"floor":7.0,"key":"Smiling Mask"},{"floor":8.0,"key":"Odd Mushroom"},{"floor":9.0,"key":"Pen Nib"}],"event_choices":[{"damage_healed":0.0,"max_hp_gain":0.0,"max_hp_loss":0.0,"gold_gain":0.0,"event_name":"Shining Light","player_choice":"Entered Light","floor":2.0,"gold_loss":0.0,"damage_taken":23.0,"cards_upgraded":["Strike_R","Bash"]},{"damage_healed":0.0,"max_hp_gain":0.0,"max_hp_loss":0.0,"gold_gain":75.0,"event_name":"World of Goop","player_choice":"Gather Gold","floor":3.0,"gold_loss":0.0,"damage_taken":11.0},{"damage_healed":0.0,"max_hp_gain":0.0,"max_hp_loss":0.0,"gold_gain":0.0,"event_name":"Mushrooms","player_choice":"Fought Mushrooms","floor":8.0,"gold_loss":0.0,"damage_taken":0.0},{"damage_healed":0.0,"max_hp_gain":0.0,"max_hp_loss":0.0,"gold_gain":0.0,"cards_transformed":["Strike_R"],"event_name":"Transmorgrifier","player_choice":"Transformed","floor":11.0,"gold_loss":0.0,"damage_taken":0.0,"cards_obtained":["Clash"]}],"is_beta":false,"boss_relics":[],"items_purged_floors":[],"is_endless":false,"potions_floor_spawned":[5,7,14],"killed_by":"The Guardian","ascension_level":20}