{"gold_per_floor":[112,122,122,122,139,139,172,172,172,185,202,217,217,231,231,331,331,347,366,384,403,413,413,445,445,445,456,58,58,58,58,58,157,157,169,218,218,179,279,279],"floor_reached":40,"playtime":2425,"items_purged":[],"score":571,"play_id":"56123c2f-79d8-488f-96fd-c6adb7e0debb","local_time":"20190423004455","is_ascension_mode":true,"campfire_choices":[{"data":"Armaments","floor":6,"key":"SMITH"},{"floor":8,"key":"REST"},{"data":"Inflame","floor":13,"key":"SMITH"},{"floor":15,"key":"REST"},{"floor":23,"key":"REST"},{"floor":25,"key":"REST"},{"floor":32,"key":"REST"}],"neow_cost":"NONE","seed_source_timestamp":1047242759800800,"circlet_count":0,"master_deck":["Strike_R","Strike_R","Strike_R","Strike_R","Strike_R","Defend_R","Defend_R","Defend_R","Defend_R","Bash","Metallicize","Sword Boomerang","Armaments+1","Inflame+1","Headbutt","Shrug It Off","Anger","Double Tap","Whirlwind+1","Dropkick+1","Iron Wave+1","Twin Strike","Reaper","Demon Form","Intimidate","Pummel+1"],"relics":["White Beast Statue","Sundial","Fusion Hammer","Singing Bowl","Juzu Bracelet","Kunai","Bronze Scales","Nloth\u0027s Gift","Enchiridion","Philosopher\u0027s Stone","Nunchaku","FossilizedHelix"],"potions_floor_usage":[7,7,11,12,14,14,14,14,16,16,16,18,20,22,24,33,33,33,36,36,40,40],"damage_taken":[{"damage":14,"enemies":"Small Slimes","floor":1,"turns":4},{"damage":2,"enemies":"Cultist","floor":2,"turns":4},{"damage":0,"enemies":"2 Louse","floor":5,"turns":3},{"damage":25,"enemies":"Lagavulin","floor":7,"turns":8},{"damage":3,"enemies":"Exordium Wildlife","floor":10,"turns":4},{"damage":0,"enemies":"3 Louse","floor":11,"turns":1},{"damage":4,"enemies":"Blue Slaver","floor":12,"turns":4},{"damage":2,"enemies":"Gremlin Gang","floor":14,"turns":4},{"damage":35,"enemies":"Hexaghost","floor":16,"turns":9},{"damage":14,"enemies":"Shell Parasite","floor":18,"turns":3},{"damage":18,"enemies":"3 Byrds","floor":19,"turns":5},{"damage":5,"enemies":"3 Cultists","floor":20,"turns":3},{"damage":15,"enemies":"Cultist and Chosen","floor":21,"turns":6},{"damage":14,"enemies":"Shelled Parasite and Fungi","floor":22,"turns":3},{"damage":26,"enemies":"Book of Stabbing","floor":24,"turns":5},{"damage":18,"enemies":"Centurion and Healer","floor":27,"turns":5},{"damage":51,"enemies":"Collector","floor":33,"turns":9},{"damage":0,"enemies":"3 Shapes","floor":35,"turns":3},{"damage":64,"enemies":"2 Orb Walkers","floor":36,"turns":4},{"damage":0,"enemies":"Mind Bloom Boss Battle","floor":39,"turns":5},{"damage":49,"enemies":"Nemesis","floor":40,"turns":3}],"seed_played":"3764806982212443570","potions_obtained":[{"floor":1,"key":"Swift Potion"},{"floor":2,"key":"Dexterity Potion"},{"floor":5,"key":"Poison Potion"},{"floor":7,"key":"Explosive Potion"},{"floor":10,"key":"EntropicBrew"},{"floor":11,"key":"Swift Potion"},{"floor":12,"key":"SkillPotion"},{"floor":14,"key":"Swift Potion"},{"floor":16,"key":"SteroidPotion"},{"floor":18,"key":"SteroidPotion"},{"floor":19,"key":"BloodPotion"},{"floor":20,"key":"EssenceOfSteel"},{"floor":21,"key":"Weak Potion"},{"floor":22,"key":"Block Potion"},{"floor":24,"key":"SkillPotion"},{"floor":33,"key":"AttackPotion"},{"floor":35,"key":"Strength Potion"},{"floor":36,"key":"EssenceOfSteel"},{"floor":39,"key":"Dexterity Potion"}],"is_trial":false,"path_per_floor":["M","M","?","$","M","R","E","R","T","M","M","M","R","M","R","B",null,"M","M","M","M","M","R","E","R","T","M","$","?","?","?","R","B",null,"M","?","?","$","?","E"],"character_chosen":"IRONCLAD","items_purchased":["Kunai","Bronze Scales","Intimidate"],"campfire_rested":5,"item_purchase_floors":[28,28,38],"current_hp_per_floor":[58,56,48,48,48,48,23,47,47,44,44,40,40,38,62,42,71,57,39,42,27,13,37,11,35,35,35,35,35,19,19,43,3,62,64,20,20,20,23,0],"gold":279,"neow_bonus":"BOSS_RELIC","is_prod":false,"is_daily":false,"chose_seed":false,"campfire_upgraded":2,"win_rate":0,"timestamp":1555994695,"path_taken":["M","M","?","$","M","R","E","R","T","?","M","M","R","M","R","BOSS","M","M","?","M","?","R","E","R","T","M","$","?","?","?","R","BOSS","M","?","?","$","?","E"],"build_version":"2019-01-23","purchased_purges":0,"victory":false,"max_hp_per_floor":[80,80,80,80,80,80,80,80,80,80,80,80,80,80,80,80,80,80,80,80,80,80,80,80,80,80,82,82,82,82,82,82,82,82,84,86,82,82,82,82],"card_choices":[{"not_picked":["Anger","Fire Breathing"],"picked":"Metallicize","floor":1},{"not_picked":["Reckless Charge","Burning Pact"],"picked":"Sword Boomerang","floor":2},{"not_picked":["Entrench","Fire Breathing"],"picked":"Armaments","floor":5},{"not_picked":["Iron Wave","Intimidate"],"picked":"Inflame","floor":7},{"not_picked":["Armaments","Clash"],"picked":"Headbutt","floor":10},{"not_picked":["Exhume","True Grit","Burning Pact"],"picked":"SKIP","floor":11},{"not_picked":["Headbutt","Cleave"],"picked":"Shrug It Off","floor":12},{"not_picked":["Wild Strike","Body Slam"],"picked":"Anger","floor":14},{"not_picked":["Dark Embrace","Berserk"],"picked":"Double Tap","floor":16},{"not_picked":["Blood for Blood","Thunderclap","Evolve"],"picked":"SKIP","floor":18},{"not_picked":["Sentinel","Cleave"],"picked":"Whirlwind+1","floor":19},{"not_picked":["Carnage","Havoc"],"picked":"Dropkick+1","floor":20},{"not_picked":["Perfected Strike+1","True Grit"],"picked":"Iron Wave+1","floor":21},{"not_picked":["Juggernaut","True Grit"],"picked":"Twin Strike","floor":22},{"not_picked":["Blood for Blood","Pummel+1"],"picked":"Reaper","floor":24},{"not_picked":["Pummel","Uppercut","Shockwave"],"picked":"Singing Bowl","floor":27},{"not_picked":["Dark Embrace","Impervious"],"picked":"Demon Form","floor":33},{"not_picked":["Armaments","Bloodletting","Hemokinesis+1"],"picked":"Singing Bowl","floor":35},{"not_picked":["Rampage+1","Clothesline+1","Warcry"],"picked":"Singing Bowl","floor":36},{"not_picked":["Fiend Fire","Warcry"],"picked":"Pummel+1","floor":39}],"player_experience":356562,"relics_obtained":[{"floor":7,"key":"Du-Vu Doll"},{"floor":9,"key":"Sundial"},{"floor":24,"key":"Singing Bowl"},{"floor":26,"key":"Juzu Bracelet"},{"floor":30,"key":"Enchiridion"},{"floor":36,"key":"Nunchaku"},{"floor":39,"key":"FossilizedHelix"}],"event_choices":[{"damage_healed":0,"gold_gain":0,"player_choice":"Damaged","damage_taken":8,"max_hp_gain":0,"max_hp_loss":0,"event_name":"Wheel of Change","floor":3,"gold_loss":0},{"damage_healed":0,"gold_gain":0,"player_choice":"Traded Relic","damage_taken":0,"relics_obtained":["Nloth\u0027s Gift"],"max_hp_gain":0,"max_hp_loss":0,"event_name":"N\u0027loth","floor":29,"relics_lost":["Du-Vu Doll"],"gold_loss":0},{"damage_healed":0,"gold_gain":0,"player_choice":"Obtained Book","damage_taken":16,"max_hp_gain":0,"max_hp_loss":0,"event_name":"Cursed Tome","floor":30,"gold_loss":0},{"damage_healed":0,"gold_gain":0,"player_choice":"Ignored","damage_taken":0,"max_hp_gain":0,"max_hp_loss":0,"event_name":"Ghosts","floor":31,"gold_loss":0},{"damage_healed":0,"gold_gain":0,"player_choice":"Fight","damage_taken":0,"max_hp_gain":0,"max_hp_loss":0,"event_name":"Mysterious Sphere","floor":36,"gold_loss":0},{"damage_healed":0,"gold_gain":0,"player_choice":"Max HP","damage_taken":0,"max_hp_gain":0,"max_hp_loss":4,"event_name":"Winding Halls","floor":37,"gold_loss":0},{"damage_healed":0,"gold_gain":0,"player_choice":"Fight","damage_taken":0,"max_hp_gain":0,"max_hp_loss":0,"event_name":"MindBloom","floor":39,"gold_loss":0}],"is_beta":false,"boss_relics":[{"not_picked":["Busted Crown","Eternal Feather"],"picked":"Fusion Hammer"},{"not_picked":["Lizard Tail","Snecko Eye"],"picked":"Philosopher\u0027s Stone"}],"items_purged_floors":[],"is_endless":false,"potions_floor_spawned":[1,2,5,7,10,11,12,14,16,18,19,20,21,22,24,27,33,35,36,39],"killed_by":"Nemesis","ascension_level":8}