{"gold_per_floor":[15,15,34,34,34,34,54,83,109,136,149,168,202,218,218,320,320,333,347,272,286,303,331,331,431,431,462,482,482,502,517,517,620,620,631,731,711,723,328,328,328,353,441,483,495,4,20,35,35,35],"floor_reached":51,"playtime":2017,"items_purged":["Dark Embrace+1","Searing Blow+1","Strike_R"],"score":1201,"play_id":"82daa96f-0c2c-44ac-9824-be19681c4cc8","local_time":"20190414150809","is_ascension_mode":true,"campfire_choices":[{"data":"Bash","floor":6.0,"key":"SMITH"},{"data":"Spot Weakness","floor":15.0,"key":"SMITH"},{"data":"Heavy Blade","floor":24.0,"key":"SMITH"},{"data":"Shrug It Off","floor":32.0,"key":"SMITH"},{"data":"Forethought","floor":40.0,"key":"SMITH"},{"floor":45.0,"key":"REST"},{"data":"Double Tap","floor":49.0,"key":"SMITH"}],"neow_cost":"NO_GOLD","seed_source_timestamp":281884518597500,"circlet_count":0,"master_deck":["Strike_R+1","Defend_R+1","Defend_R+1","Bash+1","Cleave","Spot Weakness+1","Heavy Blade+1","Offering","Sword Boomerang+1","Flex+1","Shrug It Off+1","Double Tap+1","Anger+1","Forethought+1"],"special_seed":0,"relics":["Burning Blood","Anchor","Centennial Puzzle","Pear","Happy Flower","Astrolabe","Molten Egg 2","FossilizedHelix","Matryoshka","Mummified Hand","Pen Nib","The Courier","Runic Cube","Unceasing Top","Red Skull","Bronze Scales","Oddly Smooth Stone","MawBank","Mercury Hourglass","Frozen Egg 2","Medical Kit","Incense Burner"],"potions_floor_usage":[],"damage_taken":[{"damage":10.0,"enemies":"Small Slimes","floor":1.0,"turns":3.0},{"damage":0.0,"enemies":"Cultist","floor":3.0,"turns":3.0},{"damage":0.0,"enemies":"Jaw Worm","floor":7.0,"turns":3.0},{"damage":36.0,"enemies":"3 Sentries","floor":8.0,"turns":8.0},{"damage":16.0,"enemies":"Gremlin Nob","floor":10.0,"turns":3.0},{"damage":0.0,"enemies":"Large Slime","floor":11.0,"turns":3.0},{"damage":9.0,"enemies":"3 Louse","floor":12.0,"turns":3.0},{"damage":10.0,"enemies":"3 Sentries","floor":13.0,"turns":5.0},{"damage":9.0,"enemies":"Exordium Thugs","floor":14.0,"turns":4.0},{"damage":6.0,"enemies":"Slime Boss","floor":16.0,"turns":7.0},{"damage":9.0,"enemies":"Spheric Guardian","floor":18.0,"turns":3.0},{"damage":10.0,"enemies":"3 Byrds","floor":19.0,"turns":4.0},{"damage":12.0,"enemies":"3 Cultists","floor":21.0,"turns":3.0},{"damage":19.0,"enemies":"Centurion and Healer","floor":22.0,"turns":3.0},{"damage":20.0,"enemies":"Book of Stabbing","floor":23.0,"turns":3.0},{"damage":10.0,"enemies":"Colosseum Slavers","floor":25.0,"turns":2.0},{"damage":6.0,"enemies":"Colosseum Nobs","floor":25.0,"turns":2.0},{"damage":0.0,"enemies":"Gremlin Leader","floor":27.0,"turns":3.0},{"damage":0.0,"enemies":"Snake Plant","floor":28.0,"turns":3.0},{"damage":6.0,"enemies":"Shelled Parasite and Fungi","floor":30.0,"turns":2.0},{"damage":3.0,"enemies":"Chosen and Byrds","floor":31.0,"turns":4.0},{"damage":75.0,"enemies":"Collector","floor":33.0,"turns":8.0},{"damage":21.0,"enemies":"3 Shapes","floor":35.0,"turns":3.0},{"damage":19.0,"enemies":"Mind Bloom Boss Battle","floor":36.0,"turns":6.0},{"damage":0.0,"enemies":"Orb Walker","floor":38.0,"turns":2.0},{"damage":45.0,"enemies":"Nemesis","floor":44.0,"turns":5.0},{"damage":3.0,"enemies":"Sphere and 2 Shapes","floor":47.0,"turns":2.0},{"damage":5.0,"enemies":"Spire Growth","floor":48.0,"turns":3.0},{"damage":43,"enemies":"Awakened One","floor":50,"turns":5}],"seed_played":"-290665283844995252","potions_obtained":[{"floor":3.0,"key":"FearPotion"},{"floor":10.0,"key":"Weak Potion"},{"floor":12.0,"key":"Block Potion"},{"floor":13.0,"key":"FearPotion"},{"floor":14.0,"key":"PowerPotion"},{"floor":19.0,"key":"Energy Potion"},{"floor":22.0,"key":"AttackPotion"},{"floor":23.0,"key":"Fire Potion"},{"floor":25.0,"key":"EntropicBrew"},{"floor":31.0,"key":"LiquidBronze"},{"floor":33.0,"key":"BloodPotion"},{"floor":37.0,"key":"SmokeBomb"},{"floor":38.0,"key":"EssenceOfSteel"},{"floor":47.0,"key":"Ancient Potion"}],"is_trial":false,"path_per_floor":["M","?","M","$","?","R","M","E","T","E","M","M","E","M","R","B",null,"M","M","$","M","M","E","R","?","T","E","M","?","M","M","R","B",null,"M","?","?","M","$","R","?","T","T","E","R","$","M","M","R","B",null],"character_chosen":"IRONCLAD","items_purchased":["Red Skull","Bronze Scales","Forethought","Medical Kit","Incense Burner"],"campfire_rested":1,"item_purchase_floors":[39,39,39,46,46],"current_hp_per_floor":[68,52,58,58,58,58,64,34,34,34,40,37,33,30,30,30,75,72,68,68,62,49,35,35,31,31,37,43,73,73,76,76,7,69,63,50,50,56,56,56,56,56,56,17,44,44,47,48,48,11],"gold":35,"neow_bonus":"REMOVE_TWO","is_prod":false,"is_daily":false,"chose_seed":false,"campfire_upgraded":6,"win_rate":0,"timestamp":1555225689,"path_taken":["M","?","M","$","?","R","?","E","T","E","M","M","E","M","R","BOSS","M","M","$","M","M","E","R","?","T","E","M","?","M","M","R","BOSS","M","?","?","?","$","R","?","?","T","E","R","$","M","M","R","BOSS"],"build_version":"2019-01-23","purchased_purges":3,"victory":true,"max_hp_per_floor":[80,80,80,80,80,80,80,80,80,90,90,90,90,90,90,90,90,90,90,90,90,90,90,90,90,90,90,90,90,90,90,90,90,90,90,90,90,90,90,90,90,90,90,90,90,90,90,90,90,90],"card_choices":[{"not_picked":["Thunderclap","Seeing Red","Bloodletting"],"picked":"SKIP","floor":1.0},{"not_picked":["Heavy Blade","Fire Breathing","Perfected Strike"],"picked":"SKIP","floor":3.0},{"not_picked":["Burning Pact","Headbutt"],"picked":"Cleave","floor":7.0},{"not_picked":["Dark Embrace","Armaments","Iron Wave"],"picked":"SKIP","floor":8.0},{"not_picked":["Body Slam","Entrench"],"picked":"Spot Weakness","floor":10.0},{"not_picked":["Iron Wave","Burning Pact","Havoc"],"picked":"SKIP","floor":11.0},{"not_picked":["Thunderclap","Headbutt","True Grit"],"picked":"SKIP","floor":12.0},{"not_picked":["Thunderclap","Headbutt","True Grit"],"picked":"SKIP","floor":12.0},{"not_picked":["Headbutt","Hemokinesis"],"picked":"Heavy Blade","floor":13.0},{"not_picked":["Anger","Spot Weakness","Body Slam"],"picked":"SKIP","floor":14.0},{"not_picked":["Berserk","Bludgeon"],"picked":"Offering","floor":16.0},{"not_picked":["Headbutt","Pommel Strike"],"picked":"Flex+1","floor":18.0},{"not_picked":["Seeing Red","Wild Strike","Sever Soul"],"picked":"SKIP","floor":19.0},{"not_picked":["Disarm","Warcry","Sentinel"],"picked":"SKIP","floor":21.0},{"not_picked":["Infernal Blade","Burning Pact","Headbutt"],"picked":"SKIP","floor":22.0},{"not_picked":["Infernal Blade","Burning Pact","Headbutt"],"picked":"SKIP","floor":22.0},{"not_picked":["Rampage+1","Heavy Blade","Perfected Strike"],"picked":"SKIP","floor":23.0},{"not_picked":["Burning Pact","Reckless Charge+1","Rampage+1"],"picked":"SKIP","floor":27.0},{"not_picked":["Iron Wave+1","Anger+1"],"picked":"Shrug It Off","floor":28.0},{"not_picked":["Intimidate","Wild Strike+1","Anger+1"],"picked":"SKIP","floor":30.0},{"not_picked":["Flex","Pommel Strike+1","Evolve+1"],"picked":"SKIP","floor":31.0},{"not_picked":["Demon Form","Barricade"],"picked":"Double Tap","floor":33.0},{"not_picked":["Iron Wave+1","Carnage+1","Combust"],"picked":"SKIP","floor":35.0},{"not_picked":["Thunderclap+1","Armaments+1"],"picked":"Anger+1","floor":36.0},{"not_picked":["Cleave+1","Searing Blow+1","Evolve+1"],"picked":"SKIP","floor":38.0},{"not_picked":["Wild Strike+1","Warcry+1","Sever Soul+1"],"picked":"SKIP","floor":44.0},{"not_picked":["Power Through","Intimidate+1","True Grit+1"],"picked":"SKIP","floor":47.0},{"not_picked":["Battle Trance","Heavy Blade+1","Clothesline+1"],"picked":"SKIP","floor":48.0}],"player_experience":487523,"relics_obtained":[{"floor":8.0,"key":"Anchor"},{"floor":9.0,"key":"Centennial Puzzle"},{"floor":10.0,"key":"Pear"},{"floor":13.0,"key":"Happy Flower"},{"floor":23.0,"key":"Molten Egg 2"},{"floor":25.0,"key":"FossilizedHelix"},{"floor":25.0,"key":"Matryoshka"},{"floor":26.0,"key":"Mummified Hand"},{"floor":26.0,"key":"Pen Nib"},{"floor":27.0,"key":"The Courier"},{"floor":36.0,"key":"Unceasing Top"},{"floor":42.0,"key":"Oddly Smooth Stone"},{"floor":42.0,"key":"MawBank"},{"floor":43.0,"key":"Mercury Hourglass"},{"floor":44.0,"key":"Frozen Egg 2"}],"event_choices":[{"damage_healed":0.0,"max_hp_gain":0.0,"max_hp_loss":0.0,"gold_gain":0.0,"event_name":"Shining Light","player_choice":"Entered Light","floor":2.0,"gold_loss":0.0,"damage_taken":16.0,"cards_upgraded":["Defend_R","Strike_R"]},{"damage_healed":0.0,"max_hp_gain":0.0,"max_hp_loss":0.0,"gold_gain":0.0,"event_name":"Upgrade Shrine","player_choice":"Upgraded","floor":5.0,"gold_loss":0.0,"damage_taken":0.0,"cards_upgraded":["Defend_R"]},{"damage_healed":0.0,"max_hp_gain":0.0,"max_hp_loss":0.0,"gold_gain":0.0,"event_name":"Colosseum","player_choice":"Fight","floor":25.0,"gold_loss":0.0,"damage_taken":0.0},{"damage_healed":0.0,"max_hp_gain":0.0,"max_hp_loss":0.0,"gold_gain":0.0,"event_name":"Colosseum","player_choice":"Fought Nobs","floor":25.0,"gold_loss":0.0,"damage_taken":0.0},{"damage_healed":30.0,"max_hp_gain":0.0,"max_hp_loss":0.0,"gold_gain":0.0,"event_name":"The Library","player_choice":"Heal","floor":29.0,"gold_loss":0.0,"damage_taken":0.0},{"damage_healed":0.0,"max_hp_gain":0.0,"max_hp_loss":0.0,"gold_gain":0.0,"event_name":"MindBloom","player_choice":"Fight","floor":36.0,"gold_loss":0.0,"damage_taken":0.0},{"damage_healed":0.0,"max_hp_gain":0.0,"max_hp_loss":0.0,"gold_gain":0.0,"event_name":"The Woman in Blue","player_choice":"Bought 1 Potion","floor":37.0,"gold_loss":0.0,"damage_taken":0.0},{"damage_healed":0.0,"max_hp_gain":0.0,"max_hp_loss":0.0,"gold_gain":0.0,"event_name":"SensoryStone","player_choice":"Memory 1","floor":41.0,"gold_loss":0.0,"damage_taken":0.0}],"is_beta":false,"boss_relics":[{"not_picked":["Mark of Pain","Runic Pyramid"],"picked":"Astrolabe"},{"not_picked":["Snecko Eye","Orrery"],"picked":"Runic Cube"}],"items_purged_floors":[20,39,46],"is_endless":false,"potions_floor_spawned":[3,10,12,13,14,19,22,23,25,31,33,38,47],"ascension_level":6}