{"gold_per_floor":[117,117,136,154,116,116,146,146,169,169,199,214,66,82,82,186,186,202,213,213,213,213],"floor_reached":22,"playtime":651,"items_purged":[],"score":293,"play_id":"5ab280b0-6906-4c22-927a-5f3d00d3cea0","local_time":"20180815170134","is_ascension_mode":true,"campfire_choices":[{"data":"Double Energy","floor":6,"key":"SMITH"},{"floor":10,"key":"REST"},{"floor":15,"key":"REST"}],"neow_cost":"NONE","seed_source_timestamp":326208439087063,"circlet_count":0,"master_deck":["Strike_B+1","Strike_B+1","Defend_B+1","Defend_B+1","Defend_B+1","Defend_B+1","Zap","Dualcast","Defragment","Gash","Sweeping Beam","Sunder","Double Energy+1","Meteor Strike","Reboot","Beam Cell","Glacier","Gash","Hyperbeam","Conserve Battery"],"relics":["Cracked Core","Bag of Marbles","Dream Catcher","Pen Nib","Pantograph","Regal Pillow","Black Star"],"potions_floor_usage":[16,22],"damage_taken":[{"damage":0,"enemies":"Cultist","floor":1,"turns":2},{"damage":4,"enemies":"Jaw Worm","floor":3,"turns":3},{"damage":1,"enemies":"2 Louse","floor":4,"turns":2},{"damage":31,"enemies":"Gremlin Nob","floor":7,"turns":4},{"damage":15,"enemies":"3 Sentries","floor":11,"turns":6},{"damage":14,"enemies":"Red Slaver","floor":12,"turns":2},{"damage":24,"enemies":"Gremlin Gang","floor":14,"turns":3},{"damage":0,"enemies":"Slime Boss","floor":16,"turns":3},{"damage":24,"enemies":"Shell Parasite","floor":18,"turns":4},{"damage":11,"enemies":"Spheric Guardian","floor":19,"turns":3},{"damage":28,"enemies":"Centurion and Healer","floor":22,"turns":3}],"seed_played":"-5802378538458489619","potions_obtained":[{"floor":4,"key":"FearPotion"},{"floor":14,"key":"AttackPotion"},{"floor":16,"key":"GamblersBrew"},{"floor":19,"key":"PowerPotion"}],"is_trial":false,"path_per_floor":["M","?","M","M","$","R","E","?","T","R","E","M","$","M","R","B",null,"M","M","?","?"],"character_chosen":"DEFECT","items_purchased":["Double Energy","Regal Pillow"],"campfire_rested":2,"item_purchase_floors":[5,13],"current_hp_per_floor":[75,75,71,70,70,70,39,39,39,61,46,32,32,8,45,70,75,51,40,26,26,0],"gold":213,"neow_bonus":"RANDOM_COMMON_RELIC","is_prod":false,"is_daily":false,"chose_seed":false,"campfire_upgraded":1,"win_rate":0,"timestamp":1534345294,"path_taken":["M","?","?","?","$","R","E","?","T","R","E","M","$","M","R","BOSS","M","M","?","?","M"],"build_version":"2018-08-14","purchased_purges":0,"victory":false,"max_hp_per_floor":[75,75,75,75,75,75,75,75,75,75,75,75,75,75,75,75,75,75,75,80,80,80],"card_choices":[{"not_picked":["Cold Snap","Stack"],"picked":"Defragment","floor":1},{"not_picked":["Streamline","Ball Lightning"],"picked":"Sweeping Beam","floor":3},{"not_picked":["Beam Cell","Barrage"],"picked":"Sunder","floor":4},{"not_picked":["Chill","Reprogram"],"picked":"Meteor Strike","floor":7},{"not_picked":["Streamline","Force Field"],"picked":"Beam Cell","floor":10},{"not_picked":["Hologram","Stack","Loop"],"picked":"SKIP","floor":11},{"not_picked":["Lockon","Chill"],"picked":"Glacier","floor":12},{"not_picked":["Reprogram","Sweeping Beam","Stack"],"picked":"SKIP","floor":14},{"not_picked":["Rip and Tear","Stack"],"picked":"Gash","floor":15},{"not_picked":["Meteor Strike","Core Surge"],"picked":"Hyperbeam","floor":16},{"not_picked":["Steam","Sweeping Beam+1"],"picked":"Conserve Battery","floor":18},{"not_picked":["Coolheaded","Streamline","Steam Power"],"picked":"SKIP","floor":19}],"player_experience":65983,"relics_obtained":[{"floor":7,"key":"Dream Catcher"},{"floor":9,"key":"Pen Nib"},{"floor":11,"key":"Pantograph"}],"event_choices":[{"event_name":"Living Wall","player_choice":"Change","floor":2,"damage_taken":0},{"event_name":"Transmorgrifier","player_choice":"Transform","floor":8,"damage_taken":0},{"event_name":"Forgotten Altar","player_choice":"Shed Blood","floor":20,"damage_taken":0},{"event_name":"Back to Basics","player_choice":"Simplicity","floor":21,"damage_taken":0}],"is_beta":true,"boss_relics":[{"not_picked":["Empty Cage","Busted Crown"],"picked":"Black Star"}],"items_purged_floors":[],"is_endless":false,"potions_floor_spawned":[4,14,16,19],"killed_by":"Centurion and Healer","ascension_level":4}