{"gold_per_floor":[116,116,135,149,149,149,162,176,206,206,217,231,231,251,251,346,346,357,377,185,195,211,211,246,246,246,257,257,50,85,104,104,202,202,213,213,213,233,248,278,295,295,295,295,313,329,0,0,0,0],"floor_reached":51,"playtime":4440,"items_purged":[],"score":1085,"play_id":"9ab8fcb1-87d8-408f-ae9f-3228d9faa386","local_time":"20190412023215","is_ascension_mode":true,"campfire_choices":[{"data":"Footwork","floor":6.0,"key":"SMITH"},{"data":"Dodge and Roll","floor":10.0,"key":"SMITH"},{"data":"Terror","floor":13.0,"key":"SMITH"},{"data":"Backflip","floor":15.0,"key":"SMITH"},{"floor":23.0,"key":"REST"},{"floor":25.0,"key":"REST"},{"floor":32.0,"key":"RECALL"},{"floor":42,"key":"REST"},{"floor":44,"key":"REST"},{"floor":49,"key":"REST"}],"neow_cost":"NONE","seed_source_timestamp":101123712623300,"circlet_count":0,"master_deck":["AscendersBane","Defend_G","Defend_G","Defend_G","Defend_G","Defend_G","Strike_G","Strike_G+1","Strike_G","Strike_G","Strike_G","Survivor","Neutralize+1","Footwork+1","PiercingWail","Dodge and Roll+1","Terror+1","Dagger Throw","Backflip+1","After Image","Masterful Stab+1","Deflect+1","Noxious Fumes+1","Ghostly+1","Ghostly","Ghostly","Ghostly","Ghostly+1","Dodge and Roll","Flechettes+1","Flechettes","Die Die Die","Cloak And Dagger","Slice+1","Flying Knee","Sucker Punch","Flying Knee+1","Dodge and Roll+1","Setup+1","Escape Plan","Calculated Gamble+1"],"special_seed":0,"relics":["Runic Pyramid","Tiny Chest","Fusion Hammer","Chemical X","Centennial Puzzle","Mercury Hourglass","Whetstone","Ninja Scroll","Orrery","War Paint","Nunchaku","Red Mask"],"potions_floor_usage":[50,50],"damage_taken":[{"damage":0.0,"enemies":"2 Louse","floor":1.0,"turns":2.0},{"damage":0.0,"enemies":"Small Slimes","floor":3.0,"turns":5.0},{"damage":0.0,"enemies":"Cultist","floor":4.0,"turns":4.0},{"damage":5.0,"enemies":"Lots of Slimes","floor":7.0,"turns":8.0},{"damage":15.0,"enemies":"3 Louse","floor":8.0,"turns":4.0},{"damage":0.0,"enemies":"Blue Slaver","floor":11.0,"turns":5.0},{"damage":0.0,"enemies":"Large Slime","floor":12.0,"turns":7.0},{"damage":5.0,"enemies":"Red Slaver","floor":14.0,"turns":3.0},{"damage":24.0,"enemies":"Hexaghost","floor":16.0,"turns":18.0},{"damage":0.0,"enemies":"Chosen","floor":18.0,"turns":7.0},{"damage":11.0,"enemies":"2 Thieves","floor":19.0,"turns":5.0},{"damage":7.0,"enemies":"Shelled Parasite and Fungi","floor":21.0,"turns":7.0},{"damage":1.0,"enemies":"Centurion and Healer","floor":22.0,"turns":9.0},{"damage":5.0,"enemies":"Slavers","floor":24.0,"turns":8.0},{"damage":4.0,"enemies":"Snake Plant","floor":27.0,"turns":5.0},{"damage":0.0,"enemies":"Gremlin Leader","floor":30.0,"turns":7.0},{"damage":0.0,"enemies":"Chosen and Byrds","floor":31.0,"turns":5.0},{"damage":2.0,"enemies":"Automaton","floor":33.0,"turns":10.0},{"damage":1.0,"enemies":"3 Darklings","floor":35.0,"turns":5.0},{"damage":2.0,"enemies":"3 Shapes","floor":38.0,"turns":3.0},{"damage":0.0,"enemies":"Sphere and 2 Shapes","floor":39.0,"turns":5.0},{"damage":24,"enemies":"Nemesis","floor":40,"turns":7},{"damage":0,"enemies":"Writhing Mass","floor":41,"turns":8},{"damage":1,"enemies":"3 Darklings","floor":45,"turns":4},{"damage":0,"enemies":"Transient","floor":46,"turns":5},{"damage":10,"enemies":"Awakened One","floor":50,"turns":18}],"seed_played":"-4984138598712347352","potions_obtained":[{"floor":1.0,"key":"EssenceOfSteel"},{"floor":3.0,"key":"Dexterity Potion"},{"floor":5.0,"key":"Block Potion"},{"floor":11.0,"key":"EssenceOfSteel"},{"floor":21.0,"key":"FearPotion"},{"floor":22.0,"key":"Weak Potion"},{"floor":30.0,"key":"GamblersBrew"},{"floor":31.0,"key":"SteroidPotion"},{"floor":35.0,"key":"Strength Potion"},{"floor":45,"key":"SneckoOil"}],"is_trial":false,"path_per_floor":["M","?","M","M","?","R","M","M","T","R","M","M","R","M","R","B",null,"M","M","$","M","M","R","E","R","T","M","?","$","E","M","R","B",null,"M","?","$","M","M","E","M","R","T","R","M","M","?","?","R","B",null],"character_chosen":"THE_SILENT","items_purchased":["Chemical X","Whetstone","Dodge and Roll"],"campfire_rested":5,"item_purchase_floors":[20,29,29],"current_hp_per_floor":[63,68,68,68,68,68,63,48,48,48,48,48,48,43,43,19,61,61,50,50,43,42,64,59,75,75,71,37,37,37,37,37,35,37,36,36,36,34,34,10,10,21,21,32,31,31,31,31,37,27],"gold":0,"neow_bonus":"BOSS_RELIC","is_prod":false,"is_daily":false,"chose_seed":false,"campfire_upgraded":4,"win_rate":0,"timestamp":1555050735,"path_taken":["M","?","M","M","?","R","M","M","T","R","M","M","R","M","R","BOSS","M","?","$","M","?","R","E","R","T","M","?","$","E","M","R","BOSS","M","?","$","M","M","E","M","R","T","R","M","M","?","?","R","BOSS"],"build_version":"2019-01-23","purchased_purges":0,"victory":true,"max_hp_per_floor":[70,75,75,75,75,75,75,75,75,75,75,75,75,75,75,75,75,75,75,75,75,75,75,75,75,75,75,37,37,37,37,37,37,37,37,37,37,37,37,37,37,37,37,37,37,37,37,37,37,37],"card_choices":[{"not_picked":["Slice","Tactician"],"picked":"Footwork","floor":1.0},{"not_picked":["Backflip","Predator"],"picked":"PiercingWail","floor":3.0},{"not_picked":["PiercingWail","Deflect"],"picked":"Dodge and Roll","floor":4.0},{"not_picked":["Caltrops","Bane"],"picked":"Terror","floor":7.0},{"not_picked":["Acrobatics","Setup","Tactician"],"picked":"SKIP","floor":8.0},{"not_picked":["Storm of Steel","Outmaneuver"],"picked":"Dagger Throw","floor":11.0},{"not_picked":["Underhanded Strike","Concentrate","Dagger Throw"],"picked":"SKIP","floor":12.0},{"not_picked":["Endless Agony","PiercingWail"],"picked":"Backflip","floor":14.0},{"not_picked":["Night Terror","Corpse Explosion"],"picked":"After Image","floor":16.0},{"not_picked":["Backflip","Expertise"],"picked":"Masterful Stab+1","floor":18.0},{"not_picked":["Slice+1","Underhanded Strike"],"picked":"Deflect+1","floor":19.0},{"not_picked":["All Out Attack","Bouncing Flask","Quick Slash"],"picked":"SKIP","floor":21.0},{"not_picked":["Backflip","Leg Sweep"],"picked":"Noxious Fumes+1","floor":22.0},{"not_picked":["Eviscerate+1","Choke","Backflip"],"picked":"SKIP","floor":24.0},{"not_picked":["Blade Dance","Dagger Spray+1","Bane"],"picked":"SKIP","floor":27.0},{"not_picked":["Terror","Masterful Stab"],"picked":"Flechettes+1","floor":30.0},{"not_picked":["Deflect","Dagger Throw+1"],"picked":"Flechettes","floor":31.0},{"not_picked":["A Thousand Cuts","Tools of the Trade"],"picked":"Die Die Die","floor":33.0},{"not_picked":["Outmaneuver","Bouncing Flask"],"picked":"Cloak And Dagger","floor":34.0},{"not_picked":["Blade Dance+1","Cloak And Dagger"],"picked":"Slice+1","floor":34.0},{"not_picked":["Dagger Spray","Dagger Throw"],"picked":"Flying Knee","floor":34.0},{"not_picked":["Backflip+1","Dagger Spray+1"],"picked":"Sucker Punch","floor":34.0},{"not_picked":["Distraction","Doppelganger"],"picked":"Flying Knee+1","floor":35.0},{"not_picked":["Tactician+1","Deadly Poison"],"picked":"Dodge and Roll+1","floor":38.0},{"not_picked":["Finisher","Poisoned Stab+1"],"picked":"Setup+1","floor":39.0},{"not_picked":["Skewer+1","Deflect"],"picked":"Escape Plan","floor":40},{"not_picked":["Dagger Spray+1","Deflect"],"picked":"Calculated Gamble+1","floor":41},{"not_picked":["Bane","Poisoned Stab","Endless Agony"],"picked":"SKIP","floor":45},{"not_picked":["Backflip","Predator","Blade Dance+1"],"picked":"SKIP","floor":46}],"player_experience":319957,"relics_obtained":[{"floor":9.0,"key":"Tiny Chest"},{"floor":24.0,"key":"Centennial Puzzle"},{"floor":26.0,"key":"Mercury Hourglass"},{"floor":30.0,"key":"Ninja Scroll"},{"floor":40,"key":"War Paint"},{"floor":43,"key":"Nunchaku"}],"event_choices":[{"damage_healed":0.0,"max_hp_gain":5.0,"max_hp_loss":0.0,"gold_gain":0.0,"event_name":"Big Fish","player_choice":"Donut","floor":2.0,"gold_loss":0.0,"damage_taken":0.0},{"damage_healed":0.0,"max_hp_gain":0.0,"max_hp_loss":0.0,"gold_gain":0.0,"event_name":"Lab","player_choice":"Got Potions","floor":5.0,"gold_loss":0.0,"damage_taken":0.0},{"damage_healed":0.0,"max_hp_gain":0.0,"max_hp_loss":38.0,"gold_gain":0.0,"event_name":"Ghosts","player_choice":"Became a Ghost","floor":28.0,"gold_loss":0.0,"damage_taken":0.0,"cards_obtained":["Ghostly","Ghostly","Ghostly","Ghostly","Ghostly"]},{"damage_healed":0.0,"max_hp_gain":0.0,"max_hp_loss":0.0,"gold_gain":0.0,"event_name":"SensoryStone","player_choice":"Memory 1","floor":36.0,"gold_loss":0.0,"damage_taken":0.0},{"damage_healed":0,"gold_gain":0,"player_choice":"Paid","damage_taken":0,"relics_obtained":["Red Mask"],"max_hp_gain":0,"max_hp_loss":0,"event_name":"Tomb of Lord Red Mask","floor":47,"gold_loss":329},{"damage_healed":0,"gold_gain":0,"player_choice":"Ignored","damage_taken":0,"max_hp_gain":0,"max_hp_loss":0,"event_name":"WeMeetAgain","floor":48,"gold_loss":0}],"is_beta":false,"boss_relics":[{"not_picked":["Tiny House","Calling Bell"],"picked":"Fusion Hammer"},{"not_picked":["WristBlade","Pandora\u0027s Box"],"picked":"Orrery"}],"items_purged_floors":[],"is_endless":false,"potions_floor_spawned":[1,3,11,12,21,22,30,31,35,45],"ascension_level":10}