{"gold_per_floor":[117,117,136,136,149,149,23,48,48,48,48,64,64,64,64,166,166,182,182,182,215,66,91,91,108,158,33,46,79,79,89,89,191,191,211,61,72,82,82,115,115,147,147,162,178,204,214,74,74,74,74,74,36,68,68],"floor_reached":55,"playtime":5978,"items_purged":["Strike_B","Strike_B","Strike_B","Turbo+1","Reprogram"],"score":893,"play_id":"249520fd-8239-4100-88f1-28670e8e36a7","local_time":"20190401003248","is_ascension_mode":false,"campfire_choices":[{"floor":6.0,"key":"RECALL"},{"data":"Coolheaded","floor":10.0,"key":"SMITH"},{"floor":13.0,"key":"REST"},{"data":"Zap","floor":15.0,"key":"SMITH"},{"data":"Dualcast","floor":24.0,"key":"SMITH"},{"data":"Recycle","floor":32.0,"key":"SMITH"},{"data":"Gash","floor":41.0,"key":"SMITH"},{"floor":49.0,"key":"REST"},{"data":"Reboot","floor":52.0,"key":"SMITH"}],"neow_cost":"NONE","seed_source_timestamp":0,"circlet_count":0,"master_deck":["Defend_B","Zap+1","Dualcast+1","Cold Snap","Coolheaded+1","Ball Lightning","Gash+1","Recycle+1","Reboot+1","Beam Cell","Tempest+1","Seek+1"],"special_seed":0,"relics":["Cracked Core","NeowsBlessing","Unceasing Top","Regal Pillow","Busted Crown","MutagenicStrength","Red Mask","Blue Candle","Anchor","Mummified Hand","Astrolabe","Bottled Flame","Dodecahedron","The Courier","Happy Flower","Letter Opener"],"potions_floor_usage":[],"damage_taken":[{"damage":0.0,"enemies":"Small Slimes","floor":1.0,"turns":1.0},{"damage":0.0,"enemies":"2 Louse","floor":3.0,"turns":1.0},{"damage":0.0,"enemies":"Jaw Worm","floor":5.0,"turns":1.0},{"damage":36.0,"enemies":"Lagavulin","floor":8.0,"turns":7.0},{"damage":12.0,"enemies":"Blue Slaver","floor":12.0,"turns":3.0},{"damage":29.0,"enemies":"The Guardian","floor":16.0,"turns":12.0},{"damage":6.0,"enemies":"3 Byrds","floor":18.0,"turns":4.0},{"damage":11.0,"enemies":"Masked Bandits","floor":21.0,"turns":4.0},{"damage":24.0,"enemies":"Gremlin Leader","floor":23.0,"turns":4.0},{"damage":0.0,"enemies":"Chosen","floor":25.0,"turns":3.0},{"damage":0.0,"enemies":"Centurion and Healer","floor":28.0,"turns":4.0},{"damage":1.0,"enemies":"Book of Stabbing","floor":29.0,"turns":4.0},{"damage":0.0,"enemies":"Snake Plant","floor":31.0,"turns":3.0},{"damage":0.0,"enemies":"Automaton","floor":33.0,"turns":6.0},{"damage":10.0,"enemies":"3 Shapes","floor":35.0,"turns":2.0},{"damage":0.0,"enemies":"Orb Walker","floor":37.0,"turns":2.0},{"damage":0.0,"enemies":"Spire Growth","floor":38.0,"turns":2.0},{"damage":0.0,"enemies":"Nemesis","floor":40.0,"turns":1.0},{"damage":0.0,"enemies":"Reptomancer","floor":42.0,"turns":2.0},{"damage":0.0,"enemies":"4 Shapes","floor":44.0,"turns":1.0},{"damage":0.0,"enemies":"Writhing Mass","floor":45.0,"turns":2.0},{"damage":0.0,"enemies":"Nemesis","floor":46.0,"turns":1.0},{"damage":6.0,"enemies":"Jaw Worm Horde","floor":47.0,"turns":3.0},{"damage":63.0,"enemies":"Time Eater","floor":50.0,"turns":7.0},{"damage":25.0,"enemies":"Shield and Spear","floor":54.0,"turns":5.0},{"damage":59,"enemies":"The Heart","floor":55,"turns":2}],"seed_played":"2266963870075610038","potions_obtained":[{"floor":3.0,"key":"Poison Potion"},{"floor":12.0,"key":"Weak Potion"},{"floor":16.0,"key":"FearPotion"},{"floor":18.0,"key":"Weak Potion"},{"floor":23.0,"key":"Ancient Potion"},{"floor":33.0,"key":"Regen Potion"},{"floor":38.0,"key":"EssenceOfSteel"},{"floor":44.0,"key":"Energy Potion"},{"floor":46.0,"key":"FearPotion"}],"is_trial":false,"path_per_floor":["M","?","M","?","M","R","$","E","T","R","?","M","R","$","R","B",null,"M","?","?","?","$","E","R","M","T","$","M","E","?","M","R","B",null,"M","$","M","M","?","E","R","E","T","M","M","E","M","$","R","B",null,"R","$","E","B"],"character_chosen":"DEFECT","items_purchased":["Gash","Beam Cell","FearPotion"],"campfire_rested":2,"item_purchase_floors":[7,22,53],"current_hp_per_floor":[75,68,68,73,73,73,73,37,37,37,19,7,46,46,46,17,80,74,74,74,63,63,39,39,39,39,39,39,38,38,38,38,38,80,70,70,70,70,70,70,70,70,70,70,70,70,64,64,80,17,80,80,80,55,0],"gold":68,"neow_bonus":"THREE_ENEMY_KILL","is_prod":false,"is_daily":false,"chose_seed":false,"campfire_upgraded":6,"win_rate":0,"timestamp":1554049968,"path_taken":["M","?","M","?","M","R","$","E","T","R","?","M","R","$","R","BOSS","M","?","?","?","$","E","R","M","T","?","?","E","?","M","R","BOSS","M","$","M","M","?","E","R","E","T","M","M","E","M","$","R","BOSS","R","$","E","BOSS"],"build_version":"2019-01-23","purchased_purges":5,"victory":false,"max_hp_per_floor":[75,75,75,80,80,80,80,80,80,80,80,80,80,80,80,80,80,80,80,80,80,80,80,80,80,80,80,80,80,80,80,80,80,80,80,80,80,80,80,80,80,80,80,80,80,80,80,80,80,80,80,80,80,80,80],"card_choices":[{"not_picked":["Compile Driver","Leap"],"picked":"Cold Snap","floor":1.0},{"not_picked":["Conserve Battery","Heatsinks"],"picked":"Coolheaded","floor":3.0},{"not_picked":["Hologram","Redo"],"picked":"Ball Lightning","floor":5.0},{"not_picked":["Go for the Eyes","Heatsinks"],"picked":"Recycle","floor":8.0},{"not_picked":["Streamline","Chaos"],"picked":"Reprogram","floor":12.0},{"not_picked":["Creative AI","Buffer"],"picked":"Reboot","floor":16.0},{"not_picked":["Coolheaded"],"picked":"SKIP","floor":18.0},{"not_picked":["Rebound"],"picked":"SKIP","floor":23.0},{"not_picked":["Doom and Gloom"],"picked":"SKIP","floor":25.0},{"not_picked":["Cold Snap+1"],"picked":"SKIP","floor":28.0},{"not_picked":["Tempest+1"],"picked":"SKIP","floor":29.0},{"not_picked":["White Noise"],"picked":"SKIP","floor":31.0},{"not_picked":["Stack+1"],"picked":"SKIP","floor":35.0},{"not_picked":["Static Discharge"],"picked":"SKIP","floor":37.0},{"not_picked":["Static Discharge"],"picked":"SKIP","floor":38.0},{"not_picked":["Turbo+1"],"picked":"SKIP","floor":40.0},{"not_picked":["Reinforced Body"],"picked":"SKIP","floor":42.0},{"not_picked":["Steam Power+1"],"picked":"SKIP","floor":44.0},{"not_picked":["Barrage+1"],"picked":"SKIP","floor":45.0},{"not_picked":["Tempest"],"picked":"SKIP","floor":46.0},{"not_picked":["Streamline+1"],"picked":"SKIP","floor":47.0},{"not_picked":["Leap+1"],"picked":"SKIP","floor":54.0}],"player_experience":441583,"relics_obtained":[{"floor":8.0,"key":"Unceasing Top"},{"floor":21.0,"key":"Red Mask"},{"floor":23.0,"key":"Blue Candle"},{"floor":26.0,"key":"Anchor"},{"floor":29.0,"key":"Mummified Hand"},{"floor":40.0,"key":"Bottled Flame"},{"floor":42.0,"key":"Dodecahedron"},{"floor":43.0,"key":"The Courier"},{"floor":46.0,"key":"Happy Flower"},{"floor":54.0,"key":"Letter Opener"}],"event_choices":[{"cards_removed":["Strike_B"],"damage_healed":0.0,"max_hp_gain":0.0,"max_hp_loss":0.0,"gold_gain":0.0,"event_name":"Golden Wing","player_choice":"Card Removal","floor":2.0,"gold_loss":0.0,"damage_taken":7.0},{"damage_healed":0.0,"max_hp_gain":5.0,"max_hp_loss":0.0,"gold_gain":0.0,"event_name":"Big Fish","player_choice":"Donut","floor":4.0,"gold_loss":0.0,"damage_taken":0.0},{"damage_healed":0.0,"max_hp_gain":0.0,"max_hp_loss":0.0,"gold_gain":0.0,"event_name":"Scrap Ooze","player_choice":"Success","floor":11.0,"gold_loss":0.0,"damage_taken":18.0,"relics_obtained":["Regal Pillow"]},{"damage_healed":0.0,"max_hp_gain":0.0,"max_hp_loss":0.0,"gold_gain":0.0,"event_name":"Ghosts","player_choice":"Ignored","floor":19.0,"gold_loss":0.0,"damage_taken":0.0},{"damage_healed":0.0,"max_hp_gain":0.0,"max_hp_loss":0.0,"gold_gain":0.0,"event_name":"Drug Dealer","player_choice":"Inject Mutagens","floor":20.0,"gold_loss":0.0,"damage_taken":0.0,"relics_obtained":["MutagenicStrength"]},{"damage_healed":0.0,"max_hp_gain":0.0,"max_hp_loss":0.0,"gold_gain":0.0,"event_name":"Masked Bandits","player_choice":"Fought Bandits","floor":21.0,"gold_loss":0.0,"damage_taken":0.0},{"damage_healed":0.0,"max_hp_gain":0.0,"max_hp_loss":0.0,"gold_gain":0.0,"event_name":"Cursed Tome","player_choice":"Ignored","floor":30.0,"gold_loss":0.0,"damage_taken":0.0},{"damage_healed":0.0,"max_hp_gain":0.0,"max_hp_loss":0.0,"gold_gain":0.0,"event_name":"SensoryStone","player_choice":"Memory 1","floor":39.0,"gold_loss":0.0,"damage_taken":0.0}],"is_beta":false,"boss_relics":[{"not_picked":["Coffee Dripper","Nuclear Battery"],"picked":"Busted Crown"},{"not_picked":["Tiny House","Calling Bell"],"picked":"Astrolabe"}],"items_purged_floors":[7,22,27,36,48],"is_endless":false,"potions_floor_spawned":[3,12,16,18,23,33,38,42,44,46,47],"killed_by":"The Heart","ascension_level":0}