{"gold_per_floor":[114,114,127,139,139,139,139,170,170,195,180,218,234,259,259,380,380,399,385,53,53,53,53,65,165,237,237,108,108,124,143,143,238,238,249,266,266,276,132,132,0,0,23,42,55,55,71,83,83,83,83,83,60,91,91],"floor_reached":55,"playtime":3389,"items_purged":["Parasite"],"score":690,"play_id":"1e29647c-8929-4d1f-b163-cec02c7c892c","local_time":"20190412204605","is_ascension_mode":true,"campfire_choices":[{"floor":6,"key":"RECALL"},{"data":"Inflame","floor":15,"key":"SMITH"},{"data":"Limit Break","floor":23,"key":"SMITH"},{"data":"Armaments","floor":29,"key":"SMITH"},{"data":"Exhume","floor":32,"key":"SMITH"},{"data":"Double Tap","floor":40,"key":"SMITH"},{"data":"Flex","floor":42,"key":"SMITH"},{"data":"Body Slam","floor":49,"key":"SMITH"},{"data":"Metallicize","floor":52,"key":"SMITH"}],"neow_cost":"CURSE","seed_source_timestamp":163956767001604,"circlet_count":0,"master_deck":["Strike_R","Strike_R+1","Strike_R","Strike_R","Defend_R","Defend_R+1","Defend_R","Defend_R","Bash","Armaments+1","Metallicize+1","Shrug It Off","Inflame+1","Flex+1","Cleave","Clash","Iron Wave","Limit Break+1","Inflame","Body Slam+1","Warcry+1","Twin Strike+1","Clumsy","Iron Wave+1","Disarm+1","Exhume+1","Double Tap+1","Shrug It Off+1","Clothesline+1","Clumsy","Iron Wave+1","Sword Boomerang+1","Sword Boomerang+1","Flex","Flame Barrier+1"],"relics":["Burning Blood","Ice Cream","Bloody Idol","Mercury Hourglass","Strawberry","Thread and Needle","Cursed Key","Molten Egg 2","Oddly Smooth Stone","Charon\u0027s Ashes","Blue Candle","Shuriken","Sozu","Regal Pillow","Red Mask","Boot"],"potions_floor_usage":[11,11,24,31,33,33,33],"damage_taken":[{"damage":5,"enemies":"Small Slimes","floor":1,"turns":4},{"damage":1,"enemies":"Cultist","floor":3,"turns":4},{"damage":3,"enemies":"Jaw Worm","floor":4,"turns":4},{"damage":34,"enemies":"Gremlin Nob","floor":8,"turns":5},{"damage":2,"enemies":"Blue Slaver","floor":10,"turns":4},{"damage":5,"enemies":"Exordium Thugs","floor":11,"turns":2},{"damage":9,"enemies":"3 Sentries","floor":12,"turns":14},{"damage":2,"enemies":"3 Louse","floor":13,"turns":3},{"damage":0,"enemies":"Exordium Wildlife","floor":14,"turns":4},{"damage":31,"enemies":"Hexaghost","floor":16,"turns":13},{"damage":0,"enemies":"Chosen","floor":18,"turns":4},{"damage":17,"enemies":"2 Thieves","floor":19,"turns":4},{"damage":2,"enemies":"3 Cultists","floor":24,"turns":4},{"damage":13,"enemies":"Colosseum Slavers","floor":25,"turns":4},{"damage":20,"enemies":"Colosseum Nobs","floor":25,"turns":5},{"damage":20,"enemies":"Cultist and Chosen","floor":30,"turns":6},{"damage":0,"enemies":"Sentry and Sphere","floor":31,"turns":3},{"damage":46,"enemies":"Collector","floor":33,"turns":7},{"damage":28,"enemies":"3 Darklings","floor":35,"turns":5},{"damage":0,"enemies":"Orb Walker","floor":36,"turns":2},{"damage":17,"enemies":"Sphere and 2 Shapes","floor":38,"turns":4},{"damage":3,"enemies":"Transient","floor":44,"turns":5},{"damage":11,"enemies":"Maw","floor":45,"turns":6},{"damage":0,"enemies":"4 Shapes","floor":47,"turns":4},{"damage":18,"enemies":"Sphere and 2 Shapes","floor":48,"turns":5},{"damage":62,"enemies":"Donu and Deca","floor":50,"turns":9},{"damage":52,"enemies":"Shield and Spear","floor":54,"turns":6},{"damage":65,"enemies":"The Heart","floor":55,"turns":3}],"seed_played":"-8095536174036563797","potions_obtained":[{"floor":1,"key":"SmokeBomb"},{"floor":10,"key":"Fruit Juice"},{"floor":12,"key":"Energy Potion"},{"floor":16,"key":"Ancient Potion"},{"floor":18,"key":"SpeedPotion"},{"floor":19,"key":"SkillPotion"},{"floor":30,"key":"Explosive Potion"},{"floor":31,"key":"FearPotion"}],"is_trial":false,"path_per_floor":["M","?","M","M","?","R","?","E","T","M","M","E","M","M","R","B",null,"M","M","$","?","?","R","M","?","T","$","$","R","M","M","R","B",null,"M","M","$","M","$","R","?","R","T","M","M","?","M","M","R","B",null,"R","$","E","B"],"character_chosen":"IRONCLAD","items_purchased":["Molten Egg 2","Iron Wave+1","Disarm","Regal Pillow","Flex"],"campfire_rested":0,"item_purchase_floors":[20,28,28,39,53],"current_hp_per_floor":[80,80,80,80,64,64,44,16,23,27,33,30,34,40,40,15,92,92,81,81,81,81,81,89,73,78,78,78,78,69,80,80,45,89,72,83,83,77,77,77,77,77,82,89,89,89,89,82,82,26,89,89,89,48,0],"gold":91,"neow_bonus":"ONE_RARE_RELIC","is_prod":false,"is_daily":false,"chose_seed":false,"campfire_upgraded":8,"win_rate":0,"timestamp":1555119965,"path_taken":["M","?","M","?","?","R","?","E","T","?","M","E","M","M","R","BOSS","M","M","$","?","?","R","M","?","T","?","$","R","M","M","R","BOSS","M","M","$","?","$","R","?","R","T","M","M","?","?","M","R","BOSS","R","$","E","BOSS"],"build_version":"2019-01-23","purchased_purges":1,"victory":false,"max_hp_per_floor":[80,80,80,80,80,80,80,80,87,87,92,92,92,92,92,92,92,92,92,89,89,89,89,89,89,89,89,89,89,89,89,89,89,89,89,89,89,89,89,89,89,89,89,89,89,89,89,89,89,89,89,89,89,89,89],"card_choices":[{"not_picked":["Perfected Strike","True Grit"],"picked":"Armaments","floor":1},{"not_picked":["Wild Strike","Anger"],"picked":"Metallicize","floor":3},{"not_picked":["Fire Breathing","Searing Blow"],"picked":"Shrug It Off","floor":4},{"not_picked":["Hemokinesis","Fiend Fire"],"picked":"Inflame","floor":8},{"not_picked":["Searing Blow","Dropkick"],"picked":"Flex","floor":10},{"not_picked":["Havoc","Burning Pact"],"picked":"Cleave","floor":12},{"not_picked":["Rage","Body Slam"],"picked":"Clash","floor":13},{"not_picked":["Intimidate","Shrug It Off"],"picked":"Iron Wave","floor":14},{"not_picked":["Double Tap","Impervious"],"picked":"Limit Break","floor":16},{"not_picked":["Cleave","Burning Pact"],"picked":"Inflame","floor":18},{"not_picked":["Havoc","Intimidate"],"picked":"Body Slam","floor":19},{"not_picked":["Anger+1","Perfected Strike+1"],"picked":"Warcry+1","floor":24},{"not_picked":["Pommel Strike+1","Flex"],"picked":"Twin Strike+1","floor":25},{"not_picked":["Warcry+1","Clothesline+1"],"picked":"Exhume","floor":30},{"not_picked":["Clash+1","Anger+1","Reckless Charge+1"],"picked":"SKIP","floor":31},{"not_picked":["Brutality","Immolate+1"],"picked":"Double Tap","floor":33},{"not_picked":["Anger+1","Bloodletting"],"picked":"Shrug It Off+1","floor":35},{"not_picked":["Whirlwind+1","Anger+1"],"picked":"Clothesline+1","floor":36},{"not_picked":["Corruption","Clothesline+1","Rupture"],"picked":"SKIP","floor":38},{"not_picked":["Carnage+1","Uppercut+1"],"picked":"Iron Wave+1","floor":44},{"not_picked":["Sever Soul+1","Havoc+1","Bloodletting+1"],"picked":"SKIP","floor":45},{"not_picked":["True Grit+1","Immolate+1"],"picked":"Sword Boomerang+1","floor":47},{"not_picked":["Fire Breathing","Reckless Charge+1"],"picked":"Sword Boomerang+1","floor":48},{"not_picked":["Reckless Charge+1","Perfected Strike+1"],"picked":"Flame Barrier+1","floor":54}],"player_experience":174754,"relics_obtained":[{"floor":8,"key":"Mercury Hourglass"},{"floor":9,"key":"Strawberry"},{"floor":12,"key":"Thread and Needle"},{"floor":25,"key":"Charon\u0027s Ashes"},{"floor":25,"key":"Blue Candle"},{"floor":26,"key":"Shuriken"},{"floor":54,"key":"Boot"}],"event_choices":[{"cards_removed":["Strike_R"],"damage_healed":0,"gold_gain":0,"player_choice":"Purged","damage_taken":0,"max_hp_gain":0,"max_hp_loss":0,"event_name":"Purifier","floor":2,"gold_loss":0},{"damage_healed":0,"gold_gain":0,"player_choice":"Entered Light","damage_taken":16,"max_hp_gain":0,"max_hp_loss":0,"event_name":"Shining Light","floor":5,"gold_loss":0,"cards_upgraded":["Strike_R","Defend_R"]},{"damage_healed":0,"gold_gain":0,"player_choice":"Take Damage","damage_taken":20,"relics_obtained":["Golden Idol"],"max_hp_gain":0,"max_hp_loss":0,"event_name":"Golden Idol","floor":7,"gold_loss":0},{"damage_healed":0,"gold_gain":0,"player_choice":"Opened","damage_taken":0,"relics_obtained":["Oddly Smooth Stone"],"max_hp_gain":0,"max_hp_loss":0,"event_name":"The Mausoleum","floor":21,"gold_loss":0},{"damage_healed":0,"gold_gain":0,"player_choice":"Gave Idol","damage_taken":0,"relics_obtained":["Bloody Idol"],"max_hp_gain":0,"max_hp_loss":0,"event_name":"Forgotten Altar","floor":22,"relics_lost":["Golden Idol"],"gold_loss":0},{"damage_healed":0,"gold_gain":0,"player_choice":"Fight","damage_taken":0,"max_hp_gain":0,"max_hp_loss":0,"event_name":"Colosseum","floor":25,"gold_loss":0},{"damage_healed":0,"gold_gain":0,"player_choice":"Fought Nobs","damage_taken":0,"max_hp_gain":0,"max_hp_loss":0,"event_name":"Colosseum","floor":25,"gold_loss":0},{"damage_healed":0,"gold_gain":0,"player_choice":"Paid","damage_taken":0,"relics_obtained":["Red Mask"],"max_hp_gain":0,"max_hp_loss":0,"event_name":"Tomb of Lord Red Mask","floor":41,"gold_loss":132},{"damage_healed":0,"gold_gain":0,"player_choice":"Forge","damage_taken":0,"max_hp_gain":0,"max_hp_loss":0,"event_name":"Accursed Blacksmith","floor":46,"gold_loss":0,"cards_upgraded":["Disarm"]}],"is_beta":false,"boss_relics":[{"not_picked":["Orrery","Empty Cage"],"picked":"Cursed Key"},{"not_picked":["Runic Dome","Coffee Dripper"],"picked":"Sozu"}],"items_purged_floors":[20],"is_endless":false,"potions_floor_spawned":[1,10,11,12,16,18,19,25,30,31,36,48],"killed_by":"The Heart","ascension_level":1}