{"gold_per_floor":[115,135,17,17,28,61,71,71,142,142,162,162,212,230,230,230],"floor_reached":16,"playtime":430,"items_purged":["Strike_R"],"score":184,"play_id":"204fbd51-2222-4134-acf0-20a91e657cf9","local_time":"20190508172636","is_ascension_mode":true,"campfire_choices":[{"data":"Rampage","floor":8,"key":"SMITH"},{"data":"Pommel Strike","floor":12,"key":"SMITH"},{"floor":15,"key":"REST"}],"neow_cost":"NONE","seed_source_timestamp":81917919718500,"circlet_count":0,"master_deck":["AscendersBane","Strike_R","Strike_R","Strike_R","Defend_R","Defend_R","Defend_R","Defend_R","Bash","True Grit","Blood for Blood","Rampage+1","Corruption","Shrug It Off","Dropkick","Pommel Strike+1","Sentinel"],"relics":["Burning Blood","Peace Pipe","Question Card","Omamori"],"potions_floor_usage":[6],"damage_taken":[{"damage":10,"enemies":"Jaw Worm","floor":1,"turns":6},{"damage":18,"enemies":"Small Slimes","floor":2,"turns":4},{"damage":0,"enemies":"Cultist","floor":5,"turns":4},{"damage":35,"enemies":"3 Sentries","floor":6,"turns":7},{"damage":14,"enemies":"Blue Slaver","floor":7,"turns":4},{"damage":9,"enemies":"Exordium Thugs","floor":11,"turns":5},{"damage":13,"enemies":"3 Louse","floor":14,"turns":4},{"damage":37,"enemies":"Hexaghost","floor":16,"turns":9}],"seed_played":"-4154705800032057390","potions_obtained":[{"floor":5,"key":"Explosive Potion"},{"floor":6,"key":"SkillPotion"},{"floor":14,"key":"Fire Potion"}],"is_trial":false,"path_per_floor":["M","M","$","?","M","E","M","R","T","?","M","R","?","M","R","B"],"character_chosen":"IRONCLAD","items_purchased":["Rampage"],"campfire_rested":1,"item_purchase_floors":[3],"current_hp_per_floor":[64,52,52,52,58,29,21,21,21,21,18,18,18,11,33,0],"gold":230,"neow_bonus":"REMOVE_CARD","is_prod":false,"is_daily":false,"chose_seed":false,"campfire_upgraded":2,"win_rate":0,"timestamp":1557307596,"path_taken":["M","M","$","?","M","E","M","R","T","?","?","R","?","M","R","BOSS"],"build_version":"2019-01-23","purchased_purges":1,"victory":false,"max_hp_per_floor":[75,75,75,75,75,75,75,75,75,75,75,75,75,75,75,75],"card_choices":[{"not_picked":["Havoc","Warcry"],"picked":"True Grit","floor":1},{"not_picked":["Iron Wave","Entrench"],"picked":"Blood for Blood","floor":2},{"not_picked":["Cleave","Corruption","Iron Wave"],"picked":"SKIP","floor":5},{"not_picked":["Cleave","Corruption","Iron Wave"],"picked":"SKIP","floor":5},{"not_picked":["Cleave","Iron Wave"],"picked":"Corruption","floor":5},{"not_picked":["Armaments","Fire Breathing"],"picked":"Shrug It Off","floor":6},{"not_picked":["Clash","Headbutt"],"picked":"Dropkick","floor":7},{"not_picked":["Body Slam","Clash","Havoc"],"picked":"Pommel Strike","floor":11},{"not_picked":["Shrug It Off","Perfected Strike","True Grit"],"picked":"Sentinel","floor":14}],"player_experience":582437,"relics_obtained":[{"floor":6,"key":"Peace Pipe"},{"floor":9,"key":"Question Card"}],"event_choices":[{"damage_healed":0,"gold_gain":0,"player_choice":"Leave","damage_taken":0,"max_hp_gain":0,"max_hp_loss":0,"event_name":"The Cleric","floor":4,"gold_loss":0},{"damage_healed":0,"gold_gain":0,"player_choice":"Gave Potion","damage_taken":0,"relics_obtained":["Omamori"],"max_hp_gain":0,"max_hp_loss":0,"event_name":"WeMeetAgain","floor":10,"gold_loss":0},{"damage_healed":0,"gold_gain":50,"player_choice":"Pray","damage_taken":0,"max_hp_gain":0,"max_hp_loss":0,"event_name":"Golden Shrine","floor":13,"gold_loss":0}],"is_beta":false,"boss_relics":[],"items_purged_floors":[3],"is_endless":false,"potions_floor_spawned":[5,6,14],"killed_by":"Hexaghost","ascension_level":16}