{"gold_per_floor":[117,131,111,122,43,43,61,77,77,77,102,102,102,102,102,180,180,190,206,121,121,140,140,140,140,140,140,160,192,192,208,208,285,285,296,296,346,356,374,408,408,433,457,473,487,498,423,436,436,436,436],"floor_reached":51,"playtime":2178,"items_purged":[],"score":1408,"play_id":"da900561-5091-4500-a805-75645d4fa525","local_time":"20190507153546","is_ascension_mode":true,"campfire_choices":[{"data":"Darkness","floor":6.0,"key":"SMITH"},{"data":"Fission","floor":10.0,"key":"SMITH"},{"data":"Fusion","floor":13.0,"key":"SMITH"},{"data":"Dualcast","floor":15.0,"key":"SMITH"},{"data":"Coolheaded","floor":23.0,"key":"SMITH"},{"data":"Turbo","floor":25.0,"key":"SMITH"},{"data":"Defragment","floor":30.0,"key":"SMITH"},{"data":"Zap","floor":32.0,"key":"SMITH"},{"floor":41.0,"key":"REST"},{"floor":49.0,"key":"RECALL"}],"neow_cost":"NONE","seed_source_timestamp":1092137845337624,"circlet_count":0,"master_deck":["AscendersBane","Strike_B","Defend_B","Defend_B","Defend_B","Defend_B","Zap+1","Dualcast+1","Turbo+1","Auto Shields","Darkness+1","Coolheaded+1","Ball Lightning","Fission+1","Fusion+1","Compile Driver","Meteor Strike","Skim","Electrodynamics","Defragment+1","Cold Snap+1","Thunder Strike","Recycle","Self Repair","Skim","Stack","Echo Form","Hologram"],"special_seed":0,"relics":["Eternal Feather","Symbiotic Virus","Mercury Hourglass","Runic Pyramid","Singing Bowl","Ornamental Fan","Necronomicon","Ancient Tea Set","Snecko Eye","Nunchaku","Bag of Marbles"],"potions_floor_usage":[51],"damage_taken":[{"damage":2.0,"enemies":"Cultist","floor":1.0,"turns":4.0},{"damage":16.0,"enemies":"Jaw Worm","floor":2.0,"turns":5.0},{"damage":7.0,"enemies":"Small Slimes","floor":4.0,"turns":5.0},{"damage":6.0,"enemies":"Exordium Wildlife","floor":7.0,"turns":5.0},{"damage":10.0,"enemies":"Large Slime","floor":8.0,"turns":5.0},{"damage":10.0,"enemies":"Gremlin Nob","floor":11.0,"turns":3.0},{"damage":31.0,"enemies":"Slime Boss","floor":16.0,"turns":5.0},{"damage":0.0,"enemies":"Spheric Guardian","floor":18.0,"turns":3.0},{"damage":13.0,"enemies":"Chosen","floor":19.0,"turns":4.0},{"damage":24.0,"enemies":"Shelled Parasite and Fungi","floor":22.0,"turns":3.0},{"damage":2.0,"enemies":"Chosen and Byrds","floor":28.0,"turns":3.0},{"damage":5.0,"enemies":"Book of Stabbing","floor":29.0,"turns":4.0},{"damage":9.0,"enemies":"Snake Plant","floor":31.0,"turns":2.0},{"damage":22.0,"enemies":"Champ","floor":33.0,"turns":9.0},{"damage":20.0,"enemies":"3 Darklings","floor":35.0,"turns":4.0},{"damage":7.0,"enemies":"Orb Walker","floor":38.0,"turns":2.0},{"damage":16.0,"enemies":"Jaw Worm Horde","floor":39.0,"turns":3.0},{"damage":21.0,"enemies":"Nemesis","floor":40.0,"turns":5.0},{"damage":12.0,"enemies":"Giant Head","floor":42.0,"turns":5.0},{"damage":0.0,"enemies":"Transient","floor":44.0,"turns":6.0},{"damage":2.0,"enemies":"Sphere and 2 Shapes","floor":45.0,"turns":3.0},{"damage":13.0,"enemies":"3 Darklings","floor":46.0,"turns":3.0},{"damage":25.0,"enemies":"Jaw Worm Horde","floor":48.0,"turns":3.0},{"damage":42.0,"enemies":"Awakened One","floor":50.0,"turns":6.0},{"damage":21,"enemies":"Time Eater","floor":51,"turns":5}],"seed_played":"2438232722199316203","potions_obtained":[{"floor":1.0,"key":"FocusPotion"},{"floor":3.0,"key":"FearPotion"},{"floor":11.0,"key":"SkillPotion"},{"floor":18.0,"key":"EssenceOfSteel"},{"floor":35.0,"key":"Fruit Juice"},{"floor":38.0,"key":"Strength Potion"},{"floor":45.0,"key":"SpeedPotion"}],"is_trial":false,"path_per_floor":["M","M","?","M","$","R","M","M","T","R","E","?","R","?","R","B",null,"M","M","?","?","M","R","?","R","T","?","M","E","R","M","R","B",null,"M","?","?","M","M","E","R","E","T","M","M","M","?","M","R","B","B"],"character_chosen":"DEFECT","items_purchased":["Coolheaded","Ball Lightning"],"campfire_rested":1,"item_purchase_floors":[5,5],"current_hp_per_floor":[62,46,46,39,39,48,42,32,32,41,31,31,40,45,54,23,63,63,50,50,50,26,38,38,50,50,29,29,24,36,27,39,17,63,48,48,48,41,32,20,59,56,56,65,65,61,61,43,58,23,2],"gold":436,"neow_bonus":"BOSS_RELIC","is_prod":false,"is_daily":false,"chose_seed":false,"campfire_upgraded":8,"win_rate":0,"timestamp":1557214546,"path_taken":["M","M","?","?","$","R","M","M","T","R","E","?","R","?","R","BOSS","M","M","?","?","M","R","?","R","T","?","?","E","R","M","R","BOSS","M","?","?","?","M","E","R","E","T","M","M","M","?","M","R","BOSS","BOSS"],"build_version":"2019-01-23","purchased_purges":0,"victory":false,"max_hp_per_floor":[71,71,71,71,71,71,71,71,71,71,71,71,71,76,76,76,76,76,76,76,76,76,76,76,76,76,76,78,78,78,78,78,78,78,83,79,79,79,79,81,81,83,83,85,87,89,89,89,89,89,89],"card_choices":[{"not_picked":["Fusion","Conserve Battery"],"picked":"Turbo","floor":1.0},{"not_picked":["Force Field","Streamline"],"picked":"Auto Shields","floor":2.0},{"not_picked":["Steam","Coolheaded"],"picked":"Darkness","floor":4.0},{"not_picked":["Beam Cell","Gash"],"picked":"Fission","floor":7.0},{"not_picked":["Turbo","Force Field"],"picked":"Fusion","floor":8.0},{"not_picked":["Turbo","Barrage"],"picked":"Compile Driver","floor":11.0},{"not_picked":["Amplify","Creative AI"],"picked":"Meteor Strike","floor":16.0},{"not_picked":["Consume","Compile Driver"],"picked":"Skim","floor":18.0},{"not_picked":["Sweeping Beam","Leap","Barrage"],"picked":"SKIP","floor":19.0},{"not_picked":["Redo","Beam Cell"],"picked":"Electrodynamics","floor":22.0},{"not_picked":["Leap+1","Sweeping Beam","Ball Lightning"],"picked":"Singing Bowl","floor":28.0},{"not_picked":["Hello World","Creative AI"],"picked":"Defragment","floor":29.0},{"not_picked":["Leap","Barrage"],"picked":"Cold Snap+1","floor":31.0},{"not_picked":["Amplify","Reboot"],"picked":"Thunder Strike","floor":33.0},{"not_picked":["Compile Driver","Skim+1"],"picked":"Recycle","floor":35.0},{"not_picked":["Consume+1","Ball Lightning"],"picked":"Self Repair","floor":38.0},{"not_picked":["Barrage","Redo"],"picked":"Skim","floor":39.0},{"not_picked":["Cold Snap","Thunder Strike","Leap"],"picked":"Singing Bowl","floor":40.0},{"not_picked":["Coolheaded","FTL","Genetic Algorithm"],"picked":"Singing Bowl","floor":42.0},{"not_picked":["Barrage","Ball Lightning+1","Aggregate"],"picked":"Singing Bowl","floor":44.0},{"not_picked":["Ball Lightning","Beam Cell","Gash"],"picked":"Singing Bowl","floor":45.0},{"not_picked":["Beam Cell+1","Self Repair","Gash"],"picked":"Singing Bowl","floor":46.0},{"not_picked":["Capacitor","Hello World"],"picked":"Hologram","floor":48.0}],"player_experience":1576464,"relics_obtained":[{"floor":9.0,"key":"Symbiotic Virus"},{"floor":11.0,"key":"Mercury Hourglass"},{"floor":26.0,"key":"Ornamental Fan"},{"floor":27.0,"key":"Necronomicon"},{"floor":29.0,"key":"Ancient Tea Set"},{"floor":40.0,"key":"Nunchaku"},{"floor":42.0,"key":"Bag of Marbles"}],"event_choices":[{"damage_healed":0.0,"max_hp_gain":0.0,"max_hp_loss":0.0,"gold_gain":0.0,"event_name":"The Woman in Blue","player_choice":"Bought 1 Potion","floor":3.0,"gold_loss":0.0,"damage_taken":0.0},{"damage_healed":0.0,"max_hp_gain":0.0,"max_hp_loss":0.0,"gold_gain":0.0,"event_name":"Liars Game","player_choice":"Ignored","floor":12.0,"gold_loss":0.0,"damage_taken":0.0},{"damage_healed":0.0,"max_hp_gain":5.0,"max_hp_loss":0.0,"gold_gain":0.0,"event_name":"Big Fish","player_choice":"Donut","floor":14.0,"gold_loss":0.0,"damage_taken":0.0},{"damage_healed":0.0,"max_hp_gain":0.0,"max_hp_loss":0.0,"gold_gain":0.0,"event_name":"Addict","player_choice":"Obtained Relic","floor":20.0,"gold_loss":85.0,"damage_taken":0.0,"relics_obtained":["Singing Bowl"]},{"damage_healed":0.0,"max_hp_gain":0.0,"max_hp_loss":0.0,"gold_gain":0.0,"event_name":"The Mausoleum","player_choice":"Ignored","floor":21.0,"gold_loss":0.0,"damage_taken":0.0},{"cards_removed":["Strike_B"],"damage_healed":0.0,"max_hp_gain":0.0,"max_hp_loss":0.0,"gold_gain":0.0,"event_name":"Back to Basics","player_choice":"Elegance","floor":24.0,"gold_loss":0.0,"damage_taken":0.0},{"damage_healed":0.0,"max_hp_gain":0.0,"max_hp_loss":0.0,"gold_gain":0.0,"event_name":"Cursed Tome","player_choice":"Obtained Book","floor":27.0,"gold_loss":0.0,"damage_taken":21.0},{"damage_healed":0.0,"max_hp_gain":0.0,"max_hp_loss":4.0,"gold_gain":0.0,"event_name":"Winding Halls","player_choice":"Max HP","floor":36.0,"gold_loss":0.0,"damage_taken":0.0},{"damage_healed":0.0,"max_hp_gain":0.0,"max_hp_loss":0.0,"gold_gain":50.0,"event_name":"Golden Shrine","player_choice":"Pray","floor":37.0,"gold_loss":0.0,"damage_taken":0.0},{"damage_healed":0.0,"max_hp_gain":0.0,"max_hp_loss":0.0,"gold_gain":0.0,"cards_transformed":["Strike_B","Strike_B"],"event_name":"Designer","player_choice":"Transformed Cards","floor":47.0,"gold_loss":75.0,"damage_taken":0.0,"cards_obtained":["Stack","Echo Form"]}],"is_beta":false,"boss_relics":[{"not_picked":["Ectoplasm","Runic Dome"],"picked":"Runic Pyramid"},{"not_picked":["Empty Cage","Tiny House"],"picked":"Snecko Eye"}],"items_purged_floors":[],"is_endless":false,"potions_floor_spawned":[1,4,11,18,22,35,38,39,45,48],"killed_by":"Time Eater","ascension_level":20}