{"gold_per_floor":[114,129,129,129,139,166,166,166,166,186,186,140,154,189,189,289,289,270,283,300,107,107,107,107,107],"floor_reached":25,"playtime":1846,"items_purged":[],"score":236,"play_id":"15410e49-51cd-4517-84b5-64df85a01e24","local_time":"20190102181817","is_ascension_mode":false,"campfire_choices":[{"floor":7,"key":"REST"},{"floor":11,"key":"RECALL"},{"floor":15,"key":"REST"},{"floor":24,"key":"REST"}],"neow_cost":"NONE","seed_source_timestamp":18895819224217,"circlet_count":0,"master_deck":["Defend_G","Defend_G","Defend_G","Defend_G","Defend_G","Survivor","Neutralize","Escape Plan","Poisoned Stab","Backflip","Escape Plan","Deadly Poison","Dagger Spray","Envenom","Outmaneuver+1","Prepared","Poisoned Stab","Catalyst","Tools of the Trade","A Thousand Cuts","Bite","Bite","Bite","Bite","Bite"],"relics":["Black Star","Nunchaku","Ice Cream","Mummified Hand","Happy Flower","White Beast Statue","Bronze Scales"],"potions_floor_usage":[6,6,16,19,20,25],"damage_taken":[{"damage":0,"enemies":"Jaw Worm","floor":1,"turns":7},{"damage":0,"enemies":"Small Slimes","floor":2,"turns":7},{"damage":0,"enemies":"2 Louse","floor":5,"turns":4},{"damage":22,"enemies":"Lagavulin","floor":6,"turns":10},{"damage":0,"enemies":"Exordium Wildlife","floor":10,"turns":4},{"damage":5,"enemies":"Lots of Slimes","floor":13,"turns":6},{"damage":51,"enemies":"Gremlin Nob","floor":14,"turns":6},{"damage":23,"enemies":"The Guardian","floor":16,"turns":10},{"damage":14,"enemies":"2 Thieves","floor":18,"turns":4},{"damage":13,"enemies":"Spheric Guardian","floor":19,"turns":7},{"damage":16,"enemies":"Shelled Parasite and Fungi","floor":20,"turns":9},{"damage":49,"enemies":"Slavers","floor":25,"turns":4}],"seed_played":"-1498173549796016293","potions_obtained":[{"floor":1,"key":"AttackPotion"},{"floor":5,"key":"GhostInAJar"},{"floor":14,"key":"Regen Potion"},{"floor":18,"key":"SkillPotion"},{"floor":19,"key":"Swift Potion"},{"floor":20,"key":"GamblersBrew"}],"is_trial":false,"path_per_floor":["M","M","?","$","M","E","R","?","T","M","R","$","M","E","R","B",null,"M","M","M","$","?","?","R","E"],"character_chosen":"THE_SILENT","items_purchased":["Deadly Poison","Catalyst","Bronze Scales"],"campfire_rested":3,"item_purchase_floors":[12,21,21],"current_hp_per_floor":[70,70,70,70,70,48,69,69,69,69,69,69,64,13,34,26,70,56,43,27,27,27,27,41,0],"gold":107,"neow_bonus":"BOSS_RELIC","is_prod":false,"is_daily":false,"chose_seed":false,"campfire_upgraded":0,"win_rate":0,"timestamp":1546471097,"path_taken":["M","M","?","$","M","E","R","?","T","M","R","$","M","E","R","BOSS","M","M","M","$","?","?","R","E"],"build_version":"2018-12-20","purchased_purges":0,"victory":false,"max_hp_per_floor":[70,70,70,70,70,70,70,70,70,70,70,70,70,70,70,70,70,70,70,70,70,70,49,49,49],"card_choices":[{"not_picked":["Choke","Quick Slash"],"picked":"Escape Plan","floor":1},{"not_picked":["Quick Slash","Cloak And Dagger","Slice"],"picked":"SKIP","floor":2},{"not_picked":["Sucker Punch","Dagger Throw"],"picked":"Poisoned Stab","floor":5},{"not_picked":["Calculated Gamble","Acrobatics"],"picked":"Backflip","floor":6},{"not_picked":["Expertise","Dagger Throw"],"picked":"Escape Plan","floor":10},{"not_picked":["Blade Dance","Underhanded Strike"],"picked":"Dagger Spray","floor":13},{"not_picked":["Caltrops","Dagger Spray"],"picked":"Envenom","floor":14},{"not_picked":["Underhanded Strike","Blade Dance"],"picked":"Outmaneuver+1","floor":18},{"not_picked":["Outmaneuver","All Out Attack+1"],"picked":"Prepared","floor":19},{"not_picked":["Leg Sweep","Flechettes"],"picked":"Poisoned Stab","floor":20}],"player_experience":106330,"relics_obtained":[{"floor":6,"key":"Nunchaku"},{"floor":6,"key":"Ice Cream"},{"floor":14,"key":"Mummified Hand"},{"floor":14,"key":"Happy Flower"}],"event_choices":[{"damage_healed":0,"gold_gain":0,"player_choice":"Leave","damage_taken":0,"max_hp_gain":0,"max_hp_loss":0,"event_name":"The Cleric","floor":3,"gold_loss":0},{"damage_healed":0,"gold_gain":0,"player_choice":"Ignored","damage_taken":0,"max_hp_gain":0,"max_hp_loss":0,"event_name":"Liars Game","floor":8,"gold_loss":0},{"damage_healed":0,"gold_gain":0,"cards_transformed":["Strike_G","Strike_G"],"player_choice":"Became Test Subject","damage_taken":0,"max_hp_gain":0,"max_hp_loss":0,"event_name":"Drug Dealer","floor":22,"gold_loss":0,"cards_obtained":["Tools of the Trade","A Thousand Cuts"]},{"damage_healed":0,"gold_gain":0,"player_choice":"Became a vampire","damage_taken":0,"max_hp_gain":0,"max_hp_loss":21,"event_name":"Vampires","floor":23,"gold_loss":0,"cards_obtained":["Bite","Bite","Bite","Bite","Bite"]}],"is_beta":false,"boss_relics":[{"not_picked":["Snecko Eye","Sozu"],"picked":"White Beast Statue"}],"items_purged_floors":[],"is_endless":false,"potions_floor_spawned":[1,5,14,18,19,20],"killed_by":"Slavers","ascension_level":0}