{"gold_per_floor":[362,378,97,97,97,97,110,110,110,110,122,137,137,172,172,172],"floor_reached":16,"playtime":422,"items_purged":[],"score":130,"play_id":"0caef07d-95fc-4bab-911d-066bf5718579","local_time":"20180911150718","is_ascension_mode":true,"campfire_choices":[{"data":"Thinking Ahead","floor":6,"key":"SMITH"},{"data":"Rip and Tear","floor":8,"key":"SMITH"},{"floor":10,"key":"REST"},{"data":"Hyperbeam","floor":15,"key":"SMITH"}],"neow_cost":"PERCENT_DAMAGE","seed_source_timestamp":982243154090053,"circlet_count":0,"master_deck":["Strike_B","Strike_B","Strike_B","Defend_B+1","Defend_B+1","Defend_B","Defend_B","Zap","Dualcast","Rip and Tear+1","Turbo","Self Repair","Thinking Ahead+1","Sweeping Beam","Sunder","Hyperbeam+1"],"relics":["Cracked Core","Bird Faced Urn","War Paint"],"potions_floor_usage":[12,14,16],"damage_taken":[{"damage":2,"enemies":"2 Louse","floor":1,"turns":2},{"damage":0,"enemies":"Cultist","floor":2,"turns":2},{"damage":7,"enemies":"Small Slimes","floor":7,"turns":2},{"damage":29,"enemies":"Exordium Thugs","floor":11,"turns":4},{"damage":0,"enemies":"Red Slaver","floor":12,"turns":1},{"damage":18,"enemies":"Gremlin Nob","floor":14,"turns":3},{"damage":47,"enemies":"The Guardian","floor":16,"turns":8}],"seed_played":"690761645678221588","potions_obtained":[{"floor":1,"key":"Fire Potion"},{"floor":12,"key":"Energy Potion"},{"floor":14,"key":"PowerPotion"}],"is_trial":false,"path_per_floor":["M","M","$","?","$","R","M","R","T","R","M","M","$","E","R"],"character_chosen":"DEFECT","items_purchased":["Self Repair","Thinking Ahead"],"campfire_rested":1,"item_purchase_floors":[3,3],"current_hp_per_floor":[48,48,48,48,48,48,48,48,48,70,50,50,50,41,41,0],"gold":172,"neow_bonus":"TWO_FIFTY_GOLD","is_prod":false,"is_daily":false,"chose_seed":false,"campfire_upgraded":3,"win_rate":0,"timestamp":1536692838,"path_taken":["M","M","$","?","$","R","M","R","T","R","M","M","$","E","R","BOSS"],"build_version":"2018-09-06","purchased_purges":0,"victory":false,"max_hp_per_floor":[75,75,75,75,75,75,75,75,75,75,75,75,75,75,75,75],"card_choices":[{"not_picked":["Redo","Compile Driver"],"picked":"Rip and Tear","floor":1},{"not_picked":["Loop","Double Energy"],"picked":"Turbo","floor":2},{"not_picked":["Scrape","Turbo"],"picked":"Sweeping Beam","floor":7},{"not_picked":["Compile Driver","Static Discharge"],"picked":"Sunder","floor":11},{"not_picked":["Redo","Barrage","Rebound"],"picked":"SKIP","floor":12},{"not_picked":["Scrape","Steam"],"picked":"Hyperbeam","floor":14}],"player_experience":518944,"relics_obtained":[{"floor":9,"key":"Bird Faced Urn"},{"floor":14,"key":"War Paint"}],"event_choices":[{"event_name":"Bonfire Elementals","player_choice":"BASIC","floor":4,"damage_taken":0}],"is_beta":false,"boss_relics":[],"items_purged_floors":[],"is_endless":false,"potions_floor_spawned":[1,12,14],"killed_by":"The Guardian","ascension_level":6}