{"path_per_floor":["M","$","M","M","M","R","M","M","T","M","$","M","M","?","R","B",null,"M","M","?","M","?"],"character_chosen":"IRONCLAD","items_purchased":["Armaments","Apotheosis"],"gold_per_floor":[118,66,76,94,105,105,119,131,206,226,14,34,49,49,49,148,148,160,176,426,437,437],"floor_reached":23,"campfire_rested":1,"playtime":1636,"current_hp_per_floor":[61,61,66,72,58,58,60,64,64,60,60,43,30,30,51,45,72,72,72,72,53,53],"items_purged":[],"gold":437,"play_id":"2623fc59-dddc-4a28-ba5c-2f20a0159ee4","is_prod":false,"is_daily":false,"campfire_rituals":0,"campfire_upgraded":1,"is_hardmode":false,"path_taken":["M","$","M","?","M","R","M","M","T","M","$","M","M","?","R","BOSS","M","M","?","M","?","E"],"build_version":"2018-01-11-PROD2","purchased_purges":0,"victory":false,"master_deck":["Strike_R","Strike_R","Strike_R","Defend_R","Defend_R","Defend_R","Bash","Searing Blow","Uppercut","Iron Wave","Armaments","Burning Pact","Sentinel","Dual Wield","Shrug It Off","Dropkick","Inflame","Apotheosis","True Grit","Blood for Blood","Reaper","Headbutt","Regret","Corruption","Seeing Red"],"max_hp_per_floor":[72,72,72,72,72,72,72,72,72,72,72,72,72,72,72,72,72,72,72,72,72,72],"relics":["Burning Blood","Dodecahedron","Velvet Choker"],"campfire_meditates":0,"card_choices":[{"not_picked":["Sword Boomerang","Clash"],"picked":"Iron Wave"},{"not_picked":["Thunderclap","Shrug It Off"],"picked":"Burning Pact"},{"not_picked":["Burning Pact","Seeing Red"],"picked":"Sentinel"},{"not_picked":["Blood for Blood","Thunderclap"],"picked":"Dual Wield"},{"not_picked":["Combust","Headbutt"],"picked":"Shrug It Off"},{"not_picked":["Whirlwind","Perfected Strike"],"picked":"Dropkick"},{"not_picked":["Flex","Havoc"],"picked":"Inflame"},{"not_picked":["Clash","Twin Strike"],"picked":"True Grit"},{"not_picked":["Limit Break","Second Wind"],"picked":"Blood for Blood"},{"not_picked":["Brutality","Exhume"],"picked":"Reaper"},{"not_picked":["Havoc","Cleave"],"picked":"Headbutt"},{"not_picked":["Pummel","Rage"],"picked":"Corruption"}],"player_experience":32900,"potions_floor_usage":[12,16,16,21,21],"damage_taken":[{"damage":17,"enemies":"Blue Slaver","floor":1,"turns":3},{"damage":1,"enemies":"2 Louse","floor":3,"turns":3},{"damage":0,"enemies":"Small Slimes","floor":4,"turns":3},{"damage":20,"enemies":"3 Louse","floor":5,"turns":4},{"damage":4,"enemies":"Red Slaver","floor":7,"turns":5},{"damage":2,"enemies":"2 Fungi Beasts","floor":8,"turns":4},{"damage":10,"enemies":"Exordium Wildlife","floor":10,"turns":4},{"damage":23,"enemies":"Lots of Slimes","floor":12,"turns":4},{"damage":19,"enemies":"Exordium Thugs","floor":13,"turns":6},{"damage":12,"enemies":"Hexaghost","floor":16,"turns":6},{"damage":0,"enemies":"Shell Parasite","floor":18,"turns":3},{"damage":0,"enemies":"Chosen","floor":19,"turns":6},{"damage":25,"enemies":"Snake Plant","floor":21,"turns":5},{"damage":66,"enemies":"Slavers","floor":23,"turns":4}],"event_choices":[{"event_name":"Shining Light","player_choice":"Ignored","floor":14,"damage_taken":0},{"event_name":"Golden Shrine","player_choice":"Desecrate","floor":20,"damage_taken":0},{"event_name":"Transmorgrifier","player_choice":"Transform","floor":22,"damage_taken":0}],"boss_relics":[{"not_picked":["White Beast Statue","Sozu"],"picked":"Velvet Choker"}],"potions_floor_spawned":[4,7,10,13,19],"seed_played":"8352342357460583406","killed_by":"Slavers","is_trial":false}