{"gold_per_floor":[118,129,129,129,145,145,176,191,191,191,191,221,296,309,309,437,437,461,133,158,158,158,158,158,158,158,158,172,172,197,231,231,360,423,443,423,448,74,87,87,101,122,145,145,166,41,41,0,0,0],"floor_reached":51,"playtime":3325,"items_purged":["Strike_B","Defend_B","Strike_B"],"score":765,"play_id":"9bf28df8-7aed-4b93-9f9c-5e3b6b096920","local_time":"20190503091834","is_ascension_mode":false,"campfire_choices":[{"floor":6,"key":"REST"},{"floor":10,"key":"REST"},{"data":"Darkness","floor":11,"key":"SMITH"},{"floor":15,"key":"REST"},{"floor":23,"key":"REST"},{"floor":25,"key":"REST"},{"floor":29,"key":"REST"},{"floor":32,"key":"REST"},{"data":"Buffer","floor":40,"key":"SMITH"},{"floor":47,"key":"REST"},{"data":"Echo Form","floor":49,"key":"SMITH"}],"neow_cost":"NONE","seed_source_timestamp":651305218942500,"circlet_count":0,"master_deck":["Strike_B","Defend_B","Defend_B+1","Zap","Dualcast","Biased Cognition","Darkness+1","Doom and Gloom","Undo","Sweeping Beam","Reprogram","Buffer+1","Ball Lightning","Defragment+1","Loop","Echo Form+1","Gash+1","Redo+1","Glacier","Reinforced Body+1"],"relics":["Cracked Core","Golden Idol","Shuriken","WingedGreaves","Mango","Nuclear Battery","Mummified Hand","Letter Opener","Bird Faced Urn","Tiny House","Happy Flower","Oddly Smooth Stone","Red Mask"],"potions_floor_usage":[16,33,35,36,37,39,42,42,45,50],"damage_taken":[{"damage":6,"enemies":"Jaw Worm","floor":1,"turns":2},{"damage":14,"enemies":"2 Louse","floor":2,"turns":3},{"damage":1,"enemies":"Cultist","floor":5,"turns":3},{"damage":18,"enemies":"Lagavulin","floor":7,"turns":5},{"damage":6,"enemies":"Exordium Wildlife","floor":8,"turns":3},{"damage":9,"enemies":"Large Slime","floor":14,"turns":6},{"damage":58,"enemies":"The Guardian","floor":16,"turns":10},{"damage":10,"enemies":"3 Byrds","floor":18,"turns":3},{"damage":20,"enemies":"2 Thieves","floor":20,"turns":4},{"damage":28,"enemies":"Colosseum Slavers","floor":21,"turns":4},{"damage":15,"enemies":"Snecko","floor":28,"turns":5},{"damage":11,"enemies":"Snake Plant","floor":30,"turns":3},{"damage":22,"enemies":"Gremlin Leader","floor":31,"turns":4},{"damage":68,"enemies":"Champ","floor":33,"turns":10},{"damage":29,"enemies":"3 Shapes","floor":35,"turns":2},{"damage":5,"enemies":"Orb Walker","floor":37,"turns":3},{"damage":14,"enemies":"Maw","floor":39,"turns":7},{"damage":19,"enemies":"Spire Growth","floor":41,"turns":6},{"damage":7,"enemies":"4 Shapes","floor":42,"turns":5},{"damage":21,"enemies":"Writhing Mass","floor":45,"turns":4},{"damage":65,"enemies":"Time Eater","floor":50,"turns":15}],"seed_played":"-5905859073536037960","potions_obtained":[{"floor":1,"key":"SneckoOil"},{"floor":7,"key":"SteroidPotion"},{"floor":8,"key":"Dexterity Potion"},{"floor":30,"key":"GamblersBrew"},{"floor":31,"key":"Dexterity Potion"},{"floor":33,"key":"Explosive Potion"},{"floor":34,"key":"AttackPotion"},{"floor":36,"key":"Fruit Juice"},{"floor":37,"key":"Fire Potion"},{"floor":39,"key":"GamblersBrew"},{"floor":42,"key":"Poison Potion"}],"is_trial":false,"path_per_floor":["M","M","?","?","M","R","E","M","T","R","R","?","?","M","R","B",null,"M","$","M","?","?","R","?","R","T","?","M","R","M","E","R","B",null,"M","?","M","$","M","R","M","M","T","?","M","$","R","?","R","B",null],"character_chosen":"DEFECT","items_purchased":["Mummified Hand","Glacier","Happy Flower","PowerPotion"],"campfire_rested":8,"item_purchase_floors":[19,38,38,38],"current_hp_per_floor":[69,55,37,37,36,58,40,34,34,56,56,70,59,50,76,18,89,79,79,59,31,31,57,57,83,83,83,68,89,78,56,82,22,94,69,74,77,77,75,75,64,69,69,69,60,60,89,89,89,36],"gold":0,"neow_bonus":"ONE_RANDOM_RARE_CARD","is_prod":false,"is_daily":false,"chose_seed":false,"campfire_upgraded":3,"win_rate":0.0,"timestamp":1556889514,"path_taken":["M","M","?","?","?","R","E","M","T","R","R","?","?","M","R","BOSS","M","$","M","?","?","R","?","R","T","?","?","R","M","E","R","BOSS","M","?","M","$","M","R","M","?","T","?","M","$","R","?","R","BOSS"],"build_version":"2019-01-23","purchased_purges":3,"victory":true,"max_hp_per_floor":[75,75,75,75,75,75,75,75,75,75,75,89,89,89,89,89,89,89,89,89,89,89,89,89,89,89,89,89,89,89,89,89,89,94,94,99,99,99,99,99,99,99,99,99,99,99,99,99,99,99],"card_choices":[{"not_picked":["Capacitor","Conserve Battery"],"picked":"Darkness","floor":1},{"not_picked":["Beam Cell","Barrage"],"picked":"Doom and Gloom","floor":2},{"not_picked":["Hologram","Go for the Eyes"],"picked":"Undo","floor":5},{"not_picked":["Storm","Hologram"],"picked":"Sweeping Beam","floor":7},{"not_picked":["Aggregate","Go for the Eyes"],"picked":"Reprogram","floor":8},{"not_picked":["Capacitor","Compile Driver","Conserve Battery"],"picked":"SKIP","floor":14},{"not_picked":["Machine Learning","Creative AI"],"picked":"Buffer","floor":16},{"not_picked":["Conserve Battery","Static Discharge"],"picked":"Ball Lightning","floor":18},{"not_picked":["Rip and Tear","Coolheaded+1"],"picked":"Defragment+1","floor":20},{"not_picked":["Storm+1","Self Repair+1","Sweeping Beam"],"picked":"SKIP","floor":28},{"not_picked":["Double Energy","Stack","Static Discharge"],"picked":"SKIP","floor":30},{"not_picked":["Doom and Gloom","Darkness"],"picked":"Loop","floor":31},{"not_picked":["Multi-Cast","Creative AI"],"picked":"Echo Form","floor":33},{"not_picked":["Tempest+1","Force Field+1"],"picked":"Gash+1","floor":35},{"not_picked":["Leap","Barrage+1"],"picked":"Redo+1","floor":37},{"not_picked":["Sweeping Beam+1","Go for the Eyes","Hologram+1"],"picked":"SKIP","floor":39},{"not_picked":["Conserve Battery","Undo","Barrage+1"],"picked":"SKIP","floor":41},{"not_picked":["Turbo+1","Go for the Eyes+1","BootSequence+1"],"picked":"SKIP","floor":42},{"not_picked":["Beam Cell+1","Leap+1"],"picked":"Reinforced Body+1","floor":45}],"player_experience":71705,"relics_obtained":[{"floor":7,"key":"Shuriken"},{"floor":9,"key":"WingedGreaves"},{"floor":26,"key":"Letter Opener"},{"floor":31,"key":"Bird Faced Urn"},{"floor":43,"key":"Oddly Smooth Stone"}],"event_choices":[{"damage_healed":0,"gold_gain":0,"player_choice":"Take Damage","damage_taken":18,"relics_obtained":["Golden Idol"],"max_hp_gain":0,"max_hp_loss":0,"event_name":"Golden Idol","floor":3,"gold_loss":0},{"cards_removed":["Strike_B"],"damage_healed":0,"gold_gain":0,"player_choice":"Purged","damage_taken":0,"max_hp_gain":0,"max_hp_loss":0,"event_name":"Purifier","floor":4,"gold_loss":0},{"damage_healed":0,"gold_gain":30,"player_choice":"Searched \u00272\u0027 times","damage_taken":0,"relics_obtained":["Mango"],"max_hp_gain":0,"max_hp_loss":0,"event_name":"Dead Adventurer","floor":12,"gold_loss":0},{"damage_healed":0,"gold_gain":75,"player_choice":"Gather Gold","damage_taken":11,"max_hp_gain":0,"max_hp_loss":0,"event_name":"World of Goop","floor":13,"gold_loss":0},{"damage_healed":0,"gold_gain":0,"player_choice":"Fight","damage_taken":0,"max_hp_gain":0,"max_hp_loss":0,"event_name":"Colosseum","floor":21,"gold_loss":0},{"damage_healed":0,"gold_gain":0,"player_choice":"Fled From Nobs","damage_taken":0,"max_hp_gain":0,"max_hp_loss":0,"event_name":"Colosseum","floor":21,"gold_loss":0},{"damage_healed":0,"gold_gain":0,"player_choice":"Ignored","damage_taken":0,"max_hp_gain":0,"max_hp_loss":0,"event_name":"Ghosts","floor":22,"gold_loss":0},{"damage_healed":0,"gold_gain":0,"player_choice":"Ignored","damage_taken":0,"max_hp_gain":0,"max_hp_loss":0,"event_name":"Vampires","floor":24,"gold_loss":0},{"damage_healed":0,"gold_gain":0,"player_choice":"Ignored","damage_taken":0,"max_hp_gain":0,"max_hp_loss":0,"event_name":"NoteForYourself","floor":27,"gold_loss":0},{"damage_healed":0,"gold_gain":0,"player_choice":"Bought 1 Potion","damage_taken":0,"max_hp_gain":0,"max_hp_loss":0,"event_name":"The Woman in Blue","floor":36,"gold_loss":0},{"cards_removed":["Defend_B"],"damage_healed":0,"gold_gain":0,"player_choice":"Removed Skill","damage_taken":0,"max_hp_gain":0,"max_hp_loss":0,"event_name":"Falling","floor":44,"gold_loss":0},{"damage_healed":0,"gold_gain":0,"player_choice":"Paid","damage_taken":0,"relics_obtained":["Red Mask"],"max_hp_gain":0,"max_hp_loss":0,"event_name":"Tomb of Lord Red Mask","floor":48,"gold_loss":41}],"is_beta":false,"boss_relics":[{"not_picked":["Runic Pyramid","Runic Dome"],"picked":"Nuclear Battery"},{"not_picked":["Philosopher\u0027s Stone","Inserter"],"picked":"Tiny House"}],"items_purged_floors":[19,38,46],"is_endless":false,"potions_floor_spawned":[1,7,8,30,31,33,37,39,42],"ascension_level":0}