{"gold_per_floor":[113,113,30,48,48,79,98,117,117,117,128,128,38,65,65,141,141,156,81,81,101,101,101,121,137,188,205,218,118,128,128,128,199,199,210,85,95,95,95,126,143,143,222,222,322,322,352,372,372,372,372,372,372,132,165,165],"floor_reached":57,"playtime":2836,"items_purged":["Strike_G","Strike_G","Noxious Fumes","Defend_G"],"score":2819,"play_id":"a5c4a5bc-fce7-4ed9-861c-4e9077c6489e","local_time":"20190418190836","is_ascension_mode":true,"campfire_choices":[{"data":"Noxious Fumes","floor":12.0,"key":"SMITH"},{"data":"Tactician","floor":15.0,"key":"SMITH"},{"data":"Well Laid Plans","floor":23.0,"key":"SMITH"},{"floor":32.0,"key":"REST"},{"data":"Acrobatics","floor":42,"key":"SMITH"},{"data":"Footwork","floor":44,"key":"SMITH"},{"data":"Grand Finale","floor":46,"key":"SMITH"},{"floor":49,"key":"RECALL"},{"data":"Backflip","floor":53,"key":"SMITH"}],"neow_cost":"NONE","seed_source_timestamp":0,"circlet_count":0,"master_deck":["AscendersBane","Defend_G","Defend_G","Defend_G","Survivor","Neutralize+1","Noxious Fumes+1","Well Laid Plans+1","Calculated Gamble+1","PiercingWail","Tactician+1","Grand Finale+1","Backflip+1","Acrobatics+1","Escape Plan","Footwork+1","Footwork+1"],"special_seed":0,"relics":["Ring of the Snake","Bronze Scales","Blood Vial","Sundial","Sozu","Oddly Smooth Stone","Happy Flower","Empty Cage","Gremlin Horn","Frozen Egg 2","Girya","Bag of Marbles","Bag of Preparation"],"potions_floor_usage":[],"damage_taken":[{"damage":0.0,"enemies":"Cultist","floor":1.0,"turns":4.0},{"damage":0.0,"enemies":"Jaw Worm","floor":4.0,"turns":4.0},{"damage":30.0,"enemies":"Gremlin Nob","floor":6.0,"turns":5.0},{"damage":1.0,"enemies":"2 Louse","floor":7.0,"turns":3.0},{"damage":3.0,"enemies":"Lots of Slimes","floor":8.0,"turns":4.0},{"damage":3.0,"enemies":"Looter","floor":11.0,"turns":4.0},{"damage":2.0,"enemies":"Lagavulin","floor":14.0,"turns":8.0},{"damage":7.0,"enemies":"The Guardian","floor":16.0,"turns":11.0},{"damage":7.0,"enemies":"Spheric Guardian","floor":18.0,"turns":4.0},{"damage":5.0,"enemies":"3 Byrds","floor":21.0,"turns":4.0},{"damage":22.0,"enemies":"Sentry and Sphere","floor":24.0,"turns":6.0},{"damage":0.0,"enemies":"Chosen and Byrds","floor":25.0,"turns":4.0},{"damage":8.0,"enemies":"Centurion and Healer","floor":27.0,"turns":3.0},{"damage":12.0,"enemies":"Cultist and Chosen","floor":28.0,"turns":7.0},{"damage":5.0,"enemies":"Snecko","floor":30.0,"turns":7.0},{"damage":29,"enemies":"Collector","floor":33,"turns":9},{"damage":3,"enemies":"3 Shapes","floor":35,"turns":4},{"damage":0,"enemies":"3 Darklings","floor":37,"turns":4},{"damage":0,"enemies":"Reptomancer","floor":40,"turns":2},{"damage":0,"enemies":"Spire Growth","floor":41,"turns":4},{"damage":0,"enemies":"Mind Bloom Boss Battle","floor":45,"turns":4},{"damage":0,"enemies":"Nemesis","floor":47,"turns":7},{"damage":0,"enemies":"Jaw Worm Horde","floor":48,"turns":2},{"damage":37,"enemies":"Time Eater","floor":50,"turns":13},{"damage":5,"enemies":"Donu and Deca","floor":51,"turns":4},{"damage":6,"enemies":"Shield and Spear","floor":55,"turns":3},{"damage":0,"enemies":"The Heart","floor":56,"turns":8}],"seed_played":"4538197989073265864","potions_obtained":[{"floor":1.0,"key":"Poison Potion"},{"floor":4.0,"key":"SpeedPotion"},{"floor":10.0,"key":"Fruit Juice"},{"floor":10.0,"key":"SneckoOil"},{"floor":14.0,"key":"GamblersBrew"},{"floor":16.0,"key":"GamblersBrew"}],"is_trial":false,"path_per_floor":["M","?","$","M","?","E","M","M","T","?","M","R","$","E","R","B",null,"M","$","?","M","?","R","M","M","T","M","M","$","M","?","R","B",null,"M","$","M","?","T","E","M","R","T","R","?","R","E","M","R","B","B",null,"R","$","E","B",null],"character_chosen":"THE_SILENT","items_purchased":["Noxious Fumes","Tactician","Footwork+1"],"campfire_rested":1,"item_purchase_floors":[3,13,54],"current_hp_per_floor":[59,39,39,39,39,9,10,9,9,14,13,13,13,13,13,8,55,50,50,50,47,47,47,27,29,29,23,13,13,10,10,31,4,54,53,53,55,55,55,57,59,59,59,59,61,61,63,65,65,30,27,60,60,60,56,58],"gold":165,"neow_bonus":"RANDOM_COMMON_RELIC","is_prod":false,"is_daily":false,"chose_seed":true,"campfire_upgraded":7,"win_rate":0,"timestamp":1555585716,"path_taken":["M","?","$","M","?","E","M","M","T","?","?","R","$","E","R","BOSS","M","$","?","?","?","R","?","M","T","M","M","$","M","?","R","BOSS","M","$","M","?","?","E","?","R","T","R","?","R","E","M","R","BOSS","BOSS","R","$","E","BOSS"],"build_version":"2019-01-23","purchased_purges":4,"victory":true,"max_hp_per_floor":[66,66,66,66,66,66,66,66,66,71,71,71,71,71,71,71,71,71,71,71,71,71,71,71,71,71,71,71,71,71,71,71,71,71,71,71,71,71,71,71,71,71,71,71,71,71,71,71,71,71,71,71,71,71,71,71],"card_choices":[{"not_picked":["Setup","Quick Slash"],"picked":"Dash","floor":1.0},{"not_picked":["Deadly Poison","Acrobatics"],"picked":"Noxious Fumes","floor":4.0},{"not_picked":["Backflip","Flying Knee"],"picked":"Calculated Gamble","floor":6.0},{"not_picked":["Deadly Poison","Distraction","Cloak And Dagger"],"picked":"SKIP","floor":7.0},{"not_picked":["Acrobatics","Cloak And Dagger"],"picked":"PiercingWail","floor":8.0},{"not_picked":["Sucker Punch","Cloak And Dagger","Bane"],"picked":"SKIP","floor":11.0},{"not_picked":["Well Laid Plans","Setup","Tactician"],"picked":"SKIP","floor":14.0},{"not_picked":["Die Die Die","Burst"],"picked":"Grand Finale","floor":16.0},{"not_picked":["Cloak And Dagger","Concentrate","Heel Hook"],"picked":"SKIP","floor":18.0},{"not_picked":["Distraction","Deadly Poison","Bouncing Flask"],"picked":"SKIP","floor":21.0},{"not_picked":["Choke","Terror+1","Caltrops"],"picked":"SKIP","floor":24.0},{"not_picked":["Bane","Slice","Night Terror"],"picked":"SKIP","floor":25.0},{"not_picked":["Underhanded Strike+1","PiercingWail","Escape Plan"],"picked":"SKIP","floor":27.0},{"not_picked":["Skewer","Sucker Punch"],"picked":"Backflip","floor":28.0},{"not_picked":["Bane","Deflect"],"picked":"Acrobatics","floor":30.0},{"not_picked":["Backflip","Cloak And Dagger"],"picked":"Escape Plan","floor":35},{"not_picked":["Catalyst","Dagger Spray","Quick Slash"],"picked":"SKIP","floor":37},{"not_picked":["Footwork","Heel Hook","Caltrops"],"picked":"SKIP","floor":40},{"not_picked":["Heel Hook","Caltrops"],"picked":"Footwork","floor":40},{"not_picked":["Dodge and Roll","Infinite Blades","Slice"],"picked":"SKIP","floor":41},{"not_picked":["Bane","Outmaneuver+1","Dagger Spray"],"picked":"SKIP","floor":47},{"not_picked":["Well Laid Plans+1","Catalyst","Cloak And Dagger"],"picked":"SKIP","floor":48},{"not_picked":["Distraction","Masterful Stab","Bullet Time"],"picked":"SKIP","floor":55}],"player_experience":1434219,"relics_obtained":[{"floor":6.0,"key":"Blood Vial"},{"floor":9.0,"key":"Sundial"},{"floor":22.0,"key":"Oddly Smooth Stone"},{"floor":26.0,"key":"Happy Flower"},{"floor":40,"key":"Gremlin Horn"},{"floor":43,"key":"Frozen Egg 2"},{"floor":45,"key":"Girya"},{"floor":47,"key":"Bag of Marbles"},{"floor":55,"key":"Bag of Preparation"}],"event_choices":[{"damage_healed":0.0,"max_hp_gain":0.0,"max_hp_loss":0.0,"gold_gain":0.0,"event_name":"Shining Light","player_choice":"Entered Light","floor":2.0,"gold_loss":0.0,"damage_taken":20.0,"cards_upgraded":["Neutralize","Strike_G"]},{"damage_healed":0.0,"max_hp_gain":0.0,"max_hp_loss":0.0,"gold_gain":0.0,"cards_transformed":["Strike_G"],"event_name":"Living Wall","player_choice":"Change","floor":5.0,"gold_loss":0.0,"damage_taken":0.0,"cards_obtained":["Well Laid Plans"]},{"damage_healed":0.0,"max_hp_gain":0.0,"max_hp_loss":0.0,"gold_gain":0.0,"event_name":"Lab","player_choice":"Got Potions","floor":10.0,"gold_loss":0.0,"damage_taken":0.0},{"damage_healed":0.0,"max_hp_gain":0.0,"max_hp_loss":0.0,"gold_gain":0.0,"event_name":"Upgrade Shrine","player_choice":"Upgraded","floor":20.0,"gold_loss":0.0,"damage_taken":0.0,"cards_upgraded":["Calculated Gamble"]},{"damage_healed":0.0,"max_hp_gain":0.0,"max_hp_loss":0.0,"gold_gain":0.0,"event_name":"Wheel of Change","player_choice":"Relic","floor":22.0,"gold_loss":0.0,"damage_taken":0.0},{"cards_removed":["Strike_G"],"damage_healed":0.0,"max_hp_gain":0.0,"max_hp_loss":0.0,"gold_gain":0.0,"event_name":"Purifier","player_choice":"Purged","floor":31.0,"gold_loss":0.0,"damage_taken":0.0},{"cards_removed":["Dash"],"damage_healed":0,"gold_gain":0,"player_choice":"Removed Attack","damage_taken":0,"max_hp_gain":0,"max_hp_loss":0,"event_name":"Falling","floor":38,"gold_loss":0},{"damage_healed":0,"gold_gain":0,"player_choice":"Fight","damage_taken":0,"max_hp_gain":0,"max_hp_loss":0,"event_name":"MindBloom","floor":45,"gold_loss":0}],"is_beta":false,"boss_relics":[{"not_picked":["HoveringKite","WristBlade"],"picked":"Sozu"},{"not_picked":["Eternal Feather","Lizard Tail"],"picked":"Empty Cage"}],"items_purged_floors":[19,29,36,54],"is_endless":false,"potions_floor_spawned":[1,4,14,16,24,27,30,37,45,48,55],"ascension_level":20}