{"path_per_floor":["M","M","M","M","M","E","R","M","T","R","M","M","M","M","R","B",null,"M","M","?","$","M"],"character_chosen":"IRONCLAD","items_purchased":["Headbutt","Burning Pact","Shrug It Off","Sadistic Nature"],"gold_per_floor":[117,137,147,165,175,205,205,223,223,223,239,259,275,287,287,382,382,397,407,407,7,17],"floor_reached":23,"campfire_rested":0,"playtime":1999,"current_hp_per_floor":[70,73,70,66,52,43,43,42,42,42,33,38,53,59,59,9,83,67,61,58,58,54],"items_purged":["Defend_R"],"gold":17,"play_id":"d7da08ec-6481-4d3b-8d09-96360c2c917b","is_prod":false,"is_daily":false,"campfire_rituals":0,"campfire_upgraded":3,"is_hardmode":false,"path_taken":["M","?","M","M","M","E","R","M","T","R","M","M","M","M","R","BOSS","M","M","?","?","?","E"],"build_version":"2018-01-11-PROD2","purchased_purges":1,"victory":false,"master_deck":["Defend_R","Defend_R","Defend_R","Bash","Brutality","Infernal Blade","Body Slam","Infernal Blade","Clash","Pommel Strike","Impervious","Armaments","Iron Wave","Shockwave","Body Slam","Rupture","Double Tap","Feel No Pain","Clothesline","Bite_R","Bite_R","Bite_R","Bite_R","Bite_R","Headbutt","Burning Pact","Shrug It Off","Sadistic Nature"],"max_hp_per_floor":[80,83,83,83,83,83,83,83,83,83,83,83,83,83,83,83,83,83,83,58,58,58],"relics":["Burning Blood","Frozen Eye","Mercury Hourglass","Black Star"],"campfire_meditates":0,"card_choices":[{"not_picked":["Body Slam","Twin Strike"],"picked":"Infernal Blade"},{"not_picked":["Twin Strike","Fire Breathing"],"picked":"Body Slam"},{"not_picked":["Spot Weakness","Anger"],"picked":"Infernal Blade"},{"not_picked":["Shrug It Off","Hemokinesis"],"picked":"Clash"},{"not_picked":["Armaments","Disarm"],"picked":"Pommel Strike"},{"not_picked":["Metallicize","Flame Barrier"],"picked":"Impervious"},{"not_picked":["Power Through","Heavy Blade"],"picked":"Armaments"},{"not_picked":["Hemokinesis","Combust"],"picked":"Iron Wave"},{"not_picked":["Flex","Anger"],"picked":"Shockwave"},{"not_picked":["Armaments","Metallicize"],"picked":"Body Slam"},{"not_picked":["Pummel","Sword Boomerang"],"picked":"Rupture"},{"not_picked":["Dark Embrace","Limit Break"],"picked":"Double Tap"},{"not_picked":["Warcry","Dual Wield"],"picked":"Feel No Pain"},{"not_picked":["Perfected Strike","Spot Weakness"],"picked":"Clothesline"}],"player_experience":6863,"potions_floor_usage":[13,16,23,23],"damage_taken":[{"damage":16,"enemies":"Blue Slaver","floor":1,"turns":4},{"damage":6,"enemies":"Cultist","floor":2,"turns":3},{"damage":9,"enemies":"2 Louse","floor":3,"turns":4},{"damage":10,"enemies":"Looter","floor":4,"turns":3},{"damage":20,"enemies":"Exordium Thugs","floor":5,"turns":5},{"damage":15,"enemies":"Gremlin Nob","floor":6,"turns":4},{"damage":16,"enemies":"Lots of Slimes","floor":8,"turns":5},{"damage":15,"enemies":"Large Slime","floor":11,"turns":5},{"damage":1,"enemies":"2 Fungi Beasts","floor":12,"turns":2},{"damage":0,"enemies":"Looter","floor":13,"turns":4},{"damage":0,"enemies":"3 Louse","floor":14,"turns":2},{"damage":56,"enemies":"Slime Boss","floor":16,"turns":9},{"damage":22,"enemies":"2 Thieves","floor":18,"turns":3},{"damage":12,"enemies":"Spheric Guardian","floor":19,"turns":3},{"damage":18,"enemies":"Centurion and Healer","floor":22,"turns":7},{"damage":68,"enemies":"Slavers","floor":23,"turns":4}],"event_choices":[{"event_name":"Vampires","player_choice":"Became a vampire","floor":20,"damage_taken":0}],"boss_relics":[{"not_picked":["Philosopher\u0027s Stone","Calling Bell"],"picked":"Black Star"}],"potions_floor_spawned":[2,6,8,12,14,19],"seed_played":"459119121510143219","killed_by":"Slavers","is_trial":false}