{"gold_per_floor":[119,119,44,44,44,44,63,81,107,138,38,49,82,137,137,242,242,256,256,256,276,151,151,163,13,13,32,32,48,64,74,74,179,179,189,208,308,218,235,267,47,72,140,167,183,0,13,13,13,13,13,13,13,13],"floor_reached":54,"playtime":3440,"items_purged":["Strike_B","Defend_B","Shame","Strike_B","Defend_B"],"score":737,"play_id":"6e72736a-99fd-4497-870e-887e589b49c8","local_time":"20190407114405","is_ascension_mode":false,"campfire_choices":[{"data":"Streamline","floor":6,"key":"SMITH"},{"data":"Hologram","floor":15,"key":"SMITH"},{"floor":23,"key":"RECALL"},{"data":"Melter","floor":32,"key":"SMITH"},{"floor":49,"key":"REST"},{"floor":52,"key":"REST"}],"neow_cost":"NONE","seed_source_timestamp":1245169965527300,"circlet_count":0,"master_deck":["Defend_B","Defend_B","Zap+1","Dualcast+1","Streamline+1","Melter+1","Self Repair","Go for the Eyes","Hologram+1","Glacier","Echo Form","Double Energy+1","Biased Cognition","Gash","Gash+1","Static Discharge+1","Buffer","Rebound","Skim+1","Capacitor+1"],"relics":["Cracked Core","StoneCalendar","Strawberry","Lantern","Singing Bowl","Nuclear Battery","Omamori","Mercury Hourglass","Fusion Hammer","Bird Faced Urn","Bronze Scales","Thread and Needle","Shuriken","Pantograph","Red Mask"],"potions_floor_usage":[10,16,18,21,24,29,33,50,50],"damage_taken":[{"damage":3,"enemies":"Jaw Worm","floor":1,"turns":3},{"damage":0,"enemies":"Cultist","floor":7,"turns":2},{"damage":0,"enemies":"2 Louse","floor":8,"turns":2},{"damage":11,"enemies":"Gremlin Nob","floor":10,"turns":4},{"damage":6,"enemies":"Exordium Wildlife","floor":12,"turns":3},{"damage":18,"enemies":"3 Sentries","floor":13,"turns":5},{"damage":5,"enemies":"Gremlin Nob","floor":14,"turns":3},{"damage":12,"enemies":"Slime Boss","floor":16,"turns":7},{"damage":13,"enemies":"3 Byrds","floor":18,"turns":3},{"damage":6,"enemies":"Chosen","floor":21,"turns":5},{"damage":9,"enemies":"Snake Plant","floor":24,"turns":6},{"damage":9,"enemies":"Centurion and Healer","floor":27,"turns":6},{"damage":2,"enemies":"Snecko","floor":29,"turns":5},{"damage":7,"enemies":"Shelled Parasite and Fungi","floor":30,"turns":4},{"damage":5,"enemies":"Centurion and Healer","floor":31,"turns":5},{"damage":83,"enemies":"Collector","floor":33,"turns":7},{"damage":5,"enemies":"Orb Walker","floor":35,"turns":3},{"damage":0,"enemies":"3 Darklings","floor":36,"turns":6},{"damage":24,"enemies":"Mind Bloom Boss Battle","floor":37,"turns":7},{"damage":13,"enemies":"Transient","floor":39,"turns":5},{"damage":18,"enemies":"Giant Head","floor":40,"turns":8},{"damage":4,"enemies":"Reptomancer","floor":42,"turns":7},{"damage":26,"enemies":"Nemesis","floor":44,"turns":7},{"damage":38,"enemies":"Jaw Worm Horde","floor":45,"turns":3},{"damage":24,"enemies":"Spire Growth","floor":47,"turns":4},{"damage":45,"enemies":"Donu and Deca","floor":50,"turns":9},{"damage":118,"enemies":"Shield and Spear","floor":54,"turns":6}],"seed_played":"7359327478021145296","potions_obtained":[{"floor":1,"key":"Ancient Potion"},{"floor":8,"key":"EssenceOfSteel"},{"floor":13,"key":"SkillPotion"},{"floor":14,"key":"Explosive Potion"},{"floor":16,"key":"GamblersBrew"},{"floor":24,"key":"Strength Potion"},{"floor":27,"key":"Ancient Potion"},{"floor":29,"key":"Energy Potion"},{"floor":37,"key":"SpeedPotion"},{"floor":44,"key":"EssenceOfSteel"}],"is_trial":false,"path_per_floor":["M","?","$","?","$","R","M","M","T","E","$","M","E","?","R","B",null,"M","?","?","M","$","R","M","$","T","M","$","M","M","M","R","B",null,"M","M","?","?","M","E","$","E","T","E","M","?","M","$","R","B",null,"R","$","E"],"character_chosen":"DEFECT","items_purchased":["Rebound"],"campfire_rested":2,"item_purchase_floors":[41],"current_hp_per_floor":[72,47,47,47,47,47,47,47,47,50,50,51,40,42,42,37,82,71,71,71,72,72,72,72,72,72,72,72,86,90,92,92,18,94,94,94,79,79,79,85,85,96,96,85,62,62,57,57,87,72,100,100,100,0],"gold":13,"neow_bonus":"UPGRADE_CARD","is_prod":false,"is_daily":false,"chose_seed":false,"campfire_upgraded":3,"win_rate":0,"timestamp":1554608645,"path_taken":["M","?","$","?","$","R","?","M","T","E","?","M","E","?","R","BOSS","M","?","?","M","$","R","M","?","T","M","$","?","M","M","R","BOSS","M","M","?","?","?","E","$","E","T","E","M","?","M","$","R","BOSS","R","$","E"],"build_version":"2019-01-23","purchased_purges":5,"victory":false,"max_hp_per_floor":[75,75,75,75,75,75,75,75,75,82,82,82,82,82,82,82,82,84,84,84,84,84,84,86,86,86,88,88,90,90,92,92,94,94,94,94,96,96,96,96,96,96,96,98,98,98,100,100,100,100,100,100,100,100],"card_choices":[{"not_picked":["Stack","Ball Lightning"],"picked":"Streamline","floor":1},{"not_picked":["Streamline","Steam Power"],"picked":"Self Repair","floor":7},{"not_picked":["Heatsinks","Steam Power"],"picked":"Go for the Eyes","floor":8},{"not_picked":["Blizzard","Coolheaded"],"picked":"Hologram","floor":10},{"not_picked":["Leap","Tempest","Rebound"],"picked":"SKIP","floor":12},{"not_picked":["Sweeping Beam","White Noise","Self Repair"],"picked":"SKIP","floor":13},{"not_picked":["Cold Snap","Consume"],"picked":"Glacier","floor":14},{"not_picked":["Amplify","Biased Cognition"],"picked":"Echo Form","floor":16},{"not_picked":["Stack","Steam","Compile Driver"],"picked":"Singing Bowl","floor":18},{"not_picked":["Go for the Eyes+1","Hello World"],"picked":"Double Energy+1","floor":21},{"not_picked":["Compile Driver","Chill","Force Field"],"picked":"Singing Bowl","floor":24},{"not_picked":["Coolheaded","Tempest","Rebound"],"picked":"Singing Bowl","floor":27},{"not_picked":["Turbo","Redo","Tempest+1"],"picked":"Singing Bowl","floor":29},{"not_picked":["Reinforced Body","Cold Snap"],"picked":"Biased Cognition","floor":30},{"not_picked":["Go for the Eyes","Consume","Steam"],"picked":"Singing Bowl","floor":31},{"not_picked":["Fission","Hyperbeam","Multi-Cast"],"picked":"Singing Bowl","floor":33},{"not_picked":["Sunder","Steam Power+1"],"picked":"Gash","floor":35},{"not_picked":["Go for the Eyes","Barrage"],"picked":"Gash+1","floor":36},{"not_picked":["Coolheaded+1","Streamline+1","Compile Driver+1"],"picked":"Singing Bowl","floor":37},{"not_picked":["Auto Shields+1","Undo"],"picked":"Static Discharge+1","floor":39},{"not_picked":["Go for the Eyes+1","Scrape"],"picked":"Buffer","floor":40},{"not_picked":["Rebound+1","Leap+1"],"picked":"Skim+1","floor":42},{"not_picked":["Stack","Consume","Steam+1"],"picked":"Singing Bowl","floor":44},{"not_picked":["Ball Lightning+1","Barrage+1"],"picked":"Capacitor+1","floor":45},{"not_picked":["Leap","Double Energy+1","Turbo"],"picked":"Singing Bowl","floor":47}],"player_experience":453192,"relics_obtained":[{"floor":10,"key":"Strawberry"},{"floor":13,"key":"Lantern"},{"floor":14,"key":"Singing Bowl"},{"floor":26,"key":"Mercury Hourglass"},{"floor":37,"key":"Bird Faced Urn"},{"floor":40,"key":"Bronze Scales"},{"floor":42,"key":"Thread and Needle"},{"floor":43,"key":"Shuriken"},{"floor":44,"key":"Pantograph"}],"event_choices":[{"damage_healed":0,"gold_gain":0,"player_choice":"Success","damage_taken":25,"relics_obtained":["StoneCalendar"],"max_hp_gain":0,"max_hp_loss":0,"event_name":"Scrap Ooze","floor":2,"gold_loss":0},{"damage_healed":0,"gold_gain":0,"cards_transformed":["Strike_B"],"player_choice":"Transformed","damage_taken":0,"max_hp_gain":0,"max_hp_loss":0,"event_name":"Transmorgrifier","floor":4,"gold_loss":0,"cards_obtained":["Melter"]},{"damage_healed":0,"gold_gain":0,"player_choice":"Searched \u00271\u0027 times","damage_taken":0,"max_hp_gain":0,"max_hp_loss":0,"event_name":"Dead Adventurer","floor":14,"gold_loss":0},{"damage_healed":0,"gold_gain":0,"player_choice":"Ignored","damage_taken":0,"max_hp_gain":0,"max_hp_loss":0,"event_name":"Vampires","floor":19,"gold_loss":0},{"damage_healed":0,"gold_gain":0,"player_choice":"Stole Relic","damage_taken":0,"relics_obtained":["Omamori"],"max_hp_gain":0,"max_hp_loss":0,"event_name":"Addict","floor":20,"gold_loss":0,"cards_obtained":["Shame"]},{"damage_healed":0,"gold_gain":0,"player_choice":"Fight","damage_taken":0,"max_hp_gain":0,"max_hp_loss":0,"event_name":"MindBloom","floor":37,"gold_loss":0},{"cards_removed":["Strike_B"],"damage_healed":0,"gold_gain":0,"player_choice":"Upgrade and Remove","damage_taken":0,"max_hp_gain":0,"max_hp_loss":0,"event_name":"Designer","floor":38,"gold_loss":90,"cards_upgraded":["Dualcast"]},{"damage_healed":0,"gold_gain":0,"player_choice":"Paid","damage_taken":0,"relics_obtained":["Red Mask"],"max_hp_gain":0,"max_hp_loss":0,"event_name":"Tomb of Lord Red Mask","floor":46,"gold_loss":183}],"is_beta":false,"boss_relics":[{"not_picked":["Snecko Eye","FrozenCore"],"picked":"Nuclear Battery"},{"not_picked":["Runic Pyramid","Philosopher\u0027s Stone"],"picked":"Fusion Hammer"}],"items_purged_floors":[3,11,22,25,41],"is_endless":false,"potions_floor_spawned":[1,8,13,14,16,24,27,29,37,44,45],"killed_by":"Shield and Spear","ascension_level":0}