{"gold_per_floor":[109,126,142,217,217,217,217,231,255,276,11,31,71,71,71,71],"floor_reached":16,"playtime":250,"items_purged":["Strike_R"],"score":102,"play_id":"ef31e8e8-1ff1-46fd-8012-1dc195a780c1","local_time":"20180726171724","is_ascension_mode":false,"campfire_choices":[{"data":"Whirlwind","floor":6,"key":"SMITH"},{"floor":15,"key":"REST"}],"neow_cost":"","seed_source_timestamp":9769873434048,"circlet_count":0,"master_deck":["Strike_R","Strike_R","Strike_R","Strike_R","Defend_R","Defend_R","Defend_R","Defend_R","Bash","Whirlwind+1","Thunderclap","Master of Strategy"],"relics":["Burning Blood","Golden Idol","Boot","Bag of Marbles"],"potions_floor_usage":[12,13,13,16],"damage_taken":[{"damage":6,"enemies":"Cultist","floor":1,"turns":3},{"damage":0,"enemies":"Small Slimes","floor":2,"turns":2},{"damage":18,"enemies":"Jaw Worm","floor":3,"turns":3},{"damage":12,"enemies":"2 Fungi Beasts","floor":8,"turns":2},{"damage":0,"enemies":"Large Slime","floor":10,"turns":4},{"damage":12,"enemies":"Blue Slaver","floor":12,"turns":2},{"damage":18,"enemies":"Lagavulin","floor":13,"turns":3},{"damage":45,"enemies":"Hexaghost","floor":16,"turns":8}],"seed_played":"-285427299233474258","potions_obtained":[{"floor":1,"key":"GamblersBrew"},{"floor":3,"key":"Fire Potion"},{"floor":10,"key":"Strength Potion"},{"floor":12,"key":"Strength Potion"}],"is_trial":false,"path_per_floor":["M","M","M","?","?","R","?","M","T","M","$","M","E","$","R"],"character_chosen":"IRONCLAD","items_purchased":["Master of Strategy"],"campfire_rested":1,"item_purchase_floors":[11],"current_hp_per_floor":[80,80,68,57,57,57,37,31,31,37,37,31,19,19,43,0],"gold":71,"neow_bonus":"","is_prod":false,"is_daily":false,"chose_seed":false,"campfire_upgraded":1,"win_rate":0,"timestamp":1532596644,"path_taken":["M","M","?","?","?","R","?","M","T","M","$","?","E","?","R","BOSS"],"build_version":"2018-07-19v2","purchased_purges":1,"victory":false,"max_hp_per_floor":[80,80,80,80,80,80,80,80,80,80,80,80,80,80,80,80],"card_choices":[{"not_picked":["Hemokinesis","Shrug It Off"],"picked":"Whirlwind","floor":1},{"not_picked":["Sentinel","Rupture","Perfected Strike"],"picked":"SKIP","floor":2},{"not_picked":["Body Slam","Uppercut","Twin Strike"],"picked":"SKIP","floor":3},{"not_picked":["Sword Boomerang","Shrug It Off"],"picked":"Thunderclap","floor":8},{"not_picked":["Warcry","Clothesline","Pommel Strike"],"picked":"SKIP","floor":10},{"not_picked":["Headbutt","Thunderclap","Metallicize"],"picked":"SKIP","floor":12},{"not_picked":["Demon Form","Ghostly Armor","Feel No Pain"],"picked":"SKIP","floor":13}],"player_experience":321336,"relics_obtained":[{"floor":9,"key":"Boot"},{"floor":13,"key":"Bag of Marbles"}],"event_choices":[{"event_name":"World of Goop","player_choice":"Gather Gold","floor":4,"damage_taken":0},{"event_name":"Liars Game","player_choice":"disagreed","floor":5,"damage_taken":0},{"event_name":"Golden Idol","player_choice":"Take Damage","floor":7,"damage_taken":0}],"is_beta":false,"boss_relics":[],"items_purged_floors":[11],"is_endless":false,"potions_floor_spawned":[1,3,10,12],"killed_by":"Hexaghost","ascension_level":0}