{"gold_per_floor":[119,135,153,6,6,6,44,44,94,133,9,9,43,58,58,181,181,206,225,125,125],"floor_reached":21,"playtime":835,"items_purged":["Strike_B","Regret"],"score":236,"play_id":"7819ddf7-35c6-44f2-b0c9-6b79ba5253a0","local_time":"20180816181822","is_ascension_mode":true,"campfire_choices":[{"floor":8,"key":"REST"},{"data":"Self Repair","floor":12,"key":"SMITH"},{"floor":15,"key":"REST"}],"neow_cost":"","seed_source_timestamp":796130997379,"circlet_count":0,"master_deck":["Strike_B","Strike_B","Strike_B","Defend_B","Defend_B","Defend_B","Defend_B","Zap+1","Dualcast","Sweeping Beam","Auto Shields+1","Heatsinks","Buffer","Biased Cognition","Darkness","Self Repair+1","Leap","Buffer","Echo Form","Parasite","Shame","Storm","White Noise"],"relics":["Cracked Core","Golden Idol","GremlinMask","Bag of Marbles","War Paint","Centennial Puzzle","Pen Nib","Calling Bell","Cables","Orichalcum","Peace Pipe"],"potions_floor_usage":[7,16,21],"damage_taken":[{"damage":1,"enemies":"Cultist","floor":1,"turns":4},{"damage":8,"enemies":"Small Slimes","floor":2,"turns":3},{"damage":6,"enemies":"Jaw Worm","floor":3,"turns":5},{"damage":9,"enemies":"Lagavulin","floor":7,"turns":8},{"damage":16,"enemies":"Gremlin Nob","floor":10,"turns":4},{"damage":21,"enemies":"3 Sentries","floor":13,"turns":8},{"damage":0,"enemies":"Exordium Wildlife","floor":14,"turns":5},{"damage":5,"enemies":"Slime Boss","floor":16,"turns":8},{"damage":30,"enemies":"Spheric Guardian","floor":18,"turns":6},{"damage":0,"enemies":"Chosen","floor":19,"turns":4},{"damage":68,"floor":21,"turns":4}],"seed_played":"2521395268036306246","potions_obtained":[{"floor":3,"key":"Weak Potion"},{"floor":13,"key":"AttackPotion"},{"floor":16,"key":"FocusPotion"},{"floor":19,"key":"FocusPotion"}],"is_trial":false,"path_per_floor":["M","M","M","$","?","?","E","R","T","E","$","R","E","M","R","B",null,"M","M","$"],"character_chosen":"DEFECT","items_purchased":["Buffer","Self Repair","Leap"],"campfire_rested":2,"item_purchase_floors":[4,11,11],"current_hp_per_floor":[74,66,60,60,42,42,33,55,55,39,39,39,28,38,60,55,75,65,65,65,0],"gold":125,"neow_bonus":"","is_prod":false,"is_daily":false,"chose_seed":false,"campfire_upgraded":1,"win_rate":0,"timestamp":1534436302,"path_taken":["M","M","?","$","?","?","E","R","T","E","?","R","E","M","R","BOSS","M","M","$","?"],"build_version":"2018-08-15","purchased_purges":2,"victory":false,"max_hp_per_floor":[75,75,75,75,75,75,75,75,75,75,75,75,75,75,75,75,75,75,75,75,75],"card_choices":[{"not_picked":["Streamline","Stack"],"picked":"Sweeping Beam","floor":1},{"not_picked":["Hologram","Go for the Eyes"],"picked":"Auto Shields","floor":2},{"not_picked":["Conserve Battery","Cold Snap"],"picked":"Heatsinks","floor":3},{"not_picked":["Turbo","Beam Cell"],"picked":"Biased Cognition","floor":7},{"not_picked":["Aggregate","Steam"],"picked":"Darkness","floor":10},{"not_picked":["BootSequence","Coolheaded"],"picked":"Buffer","floor":13},{"not_picked":["Go for the Eyes","Barrage","Hologram"],"picked":"SKIP","floor":14},{"not_picked":["Machine Learning","Buffer"],"picked":"Echo Form","floor":16},{"not_picked":["Sweeping Beam+1","Stack+1"],"picked":"Storm","floor":18},{"not_picked":["Skim","Sweeping Beam"],"picked":"White Noise","floor":19}],"player_experience":72229,"relics_obtained":[{"floor":7,"key":"Bag of Marbles"},{"floor":9,"key":"War Paint"},{"floor":10,"key":"Centennial Puzzle"},{"floor":13,"key":"Pen Nib"},{"floor":17,"key":"Cables"},{"floor":17,"key":"Orichalcum"},{"floor":17,"key":"Peace Pipe"}],"event_choices":[{"event_name":"Golden Idol","player_choice":"Take Damage","floor":5,"damage_taken":0},{"event_name":"FaceTrader","player_choice":"Trade","floor":6,"damage_taken":0},{"event_name":"Masked Bandits","player_choice":"Fought Bandits","floor":21,"damage_taken":0}],"is_beta":true,"boss_relics":[{"not_picked":["Fusion Hammer","Astrolabe"],"picked":"Calling Bell"}],"items_purged_floors":[4,20],"is_endless":false,"potions_floor_spawned":[3,13,16,19],"ascension_level":4}