{"gold_per_floor":[109,109,109,259,274,274,606,606,630,541,558,163,191,202,202,273,273,286,304,66,66],"floor_reached":21,"playtime":759,"items_purged":[],"score":403,"play_id":"0f349775-0d0c-4e06-a595-b85ae83bdac7","local_time":"20181111073158","is_ascension_mode":true,"campfire_choices":[{"data":"Deadly Poison","floor":6,"key":"SMITH"},{"data":"Footwork","floor":8,"key":"SMITH"},{"data":"Noxious Fumes","floor":15,"key":"SMITH"}],"neow_cost":"NONE","seed_source_timestamp":520292512809383,"circlet_count":0,"master_deck":["AscendersBane","Defend_G","Defend_G","Defend_G+1","Defend_G","Defend_G","Strike_G+1","Strike_G+1","Strike_G","Strike_G","Strike_G","Survivor+1","Neutralize","Deadly Poison+1","Doubt","Deflect","Footwork+1","Noxious Fumes+1","Noxious Fumes","Terror","Phantasmal Killer","Caltrops","Bane","Catalyst"],"relics":["Ring of the Snake","NeowsBlessing","Old Coin","Whetstone","Oddly Smooth Stone","Toolbox","Blood Vial","White Beast Statue","War Paint"],"potions_floor_usage":[14,18,19,21],"damage_taken":[{"damage":0,"enemies":"Small Slimes","floor":1,"turns":1},{"damage":0,"enemies":"2 Louse","floor":5,"turns":1},{"damage":0,"enemies":"Gremlin Nob","floor":7,"turns":1},{"damage":4,"enemies":"Jaw Worm","floor":11,"turns":5},{"damage":11,"enemies":"3 Sentries","floor":13,"turns":7},{"damage":9,"enemies":"Exordium Wildlife","floor":14,"turns":5},{"damage":20,"enemies":"The Guardian","floor":16,"turns":9},{"damage":18,"enemies":"3 Byrds","floor":18,"turns":5},{"damage":21,"enemies":"Chosen","floor":19,"turns":5},{"damage":21,"enemies":"Sentry and Sphere","floor":21,"turns":3}],"seed_played":"4972621459691834810","potions_obtained":[{"floor":5,"key":"GamblersBrew"},{"floor":7,"key":"Block Potion"},{"floor":11,"key":"FearPotion"},{"floor":16,"key":"Poison Potion"},{"floor":18,"key":"AttackPotion"},{"floor":19,"key":"SkillPotion"}],"is_trial":false,"path_per_floor":["M","$","?","?","M","R","E","R","T","$","M","$","E","M","R","B",null,"M","M","$","M"],"character_chosen":"THE_SILENT","items_purchased":["Noxious Fumes","Oddly Smooth Stone","Toolbox","Catalyst","War Paint"],"campfire_rested":0,"item_purchase_floors":[10,12,12,20,20],"current_hp_per_floor":[59,59,59,59,59,59,59,59,59,59,55,55,44,37,37,19,54,38,19,19,0],"gold":66,"neow_bonus":"THREE_ENEMY_KILL","is_prod":false,"is_daily":false,"chose_seed":false,"campfire_upgraded":3,"win_rate":0,"timestamp":1541939518,"path_taken":["M","$","?","?","M","R","E","R","T","$","M","$","E","M","R","BOSS","M","M","$","M"],"build_version":"2018-11-08","purchased_purges":0,"victory":false,"max_hp_per_floor":[66,66,66,66,66,66,66,66,66,66,66,66,66,66,66,66,66,66,66,66,66],"card_choices":[{"not_picked":["Bane","Sucker Punch"],"picked":"Deadly Poison","floor":1},{"not_picked":["Deadly Poison","Infinite Blades"],"picked":"Deflect","floor":5},{"not_picked":["Malaise","Heel Hook"],"picked":"Footwork","floor":7},{"not_picked":["Expertise","Reflex"],"picked":"Noxious Fumes","floor":11},{"not_picked":["Endless Agony","Poisoned Stab","Flying Knee"],"picked":"SKIP","floor":13},{"not_picked":["Noxious Fumes","Well Laid Plans"],"picked":"Terror","floor":14},{"not_picked":["Bullet Time","Doppelganger"],"picked":"Phantasmal Killer","floor":16},{"not_picked":["Slice+1","Underhanded Strike"],"picked":"Caltrops","floor":18},{"not_picked":["Outmaneuver","Backstab"],"picked":"Bane","floor":19}],"player_experience":714258,"relics_obtained":[{"floor":7,"key":"Old Coin"},{"floor":9,"key":"Whetstone"},{"floor":13,"key":"Blood Vial"}],"event_choices":[{"damage_healed":0,"gold_gain":0,"player_choice":"Ignored","damage_taken":0,"max_hp_gain":0,"max_hp_loss":0,"event_name":"Golden Idol","floor":3,"gold_loss":0},{"damage_healed":0,"gold_gain":150,"player_choice":"AGREE","damage_taken":0,"max_hp_gain":0,"max_hp_loss":0,"event_name":"Liars Game","floor":4,"gold_loss":0,"cards_obtained":["Doubt"]}],"is_beta":false,"boss_relics":[{"not_picked":["Fusion Hammer","Ectoplasm"],"picked":"White Beast Statue"}],"items_purged_floors":[],"is_endless":false,"potions_floor_spawned":[5,7,11,16,18,19],"killed_by":"Sentry and Sphere","ascension_level":18}