{"gold_per_floor":[116,116,116,116,66,66,78,78,78,94,94,44,79,29,29,131,131,148,132,182,200,200],"floor_reached":22,"playtime":1118,"items_purged":["Strike_B","Defend_B"],"score":200,"play_id":"8efe9a52-84bc-4672-aa25-3f3e71b6cd75","local_time":"20180715210344","is_ascension_mode":true,"campfire_choices":[{"data":"Dualcast","floor":6.0,"key":"SMITH"},{"data":"Coolheaded","floor":8.0,"key":"SMITH"},{"data":"Redo","floor":11.0,"key":"SMITH"},{"data":"Blizzard","floor":15.0,"key":"SMITH"}],"neow_cost":"NONE","seed_source_timestamp":0,"circlet_count":0,"master_deck":["Strike_B","Strike_B","Defend_B","Defend_B+1","Zap+1","Dualcast+1","Coolheaded+1","Redo+1","Blizzard+1","Machine Learning","Static Discharge+1"],"special_seed":0,"relics":["White Beast Statue","Smiling Mask","Lantern","Inserter"],"potions_floor_usage":[21,21,22,22],"damage_taken":[{"damage":13.0,"enemies":"2 Louse","floor":1.0,"turns":3.0},{"damage":10.0,"enemies":"Jaw Worm","floor":7.0,"turns":3.0},{"damage":3.0,"enemies":"Small Slimes","floor":10.0,"turns":4.0},{"damage":7.0,"enemies":"3 Sentries","floor":13.0,"turns":12.0},{"damage":43.0,"enemies":"Hexaghost","floor":16.0,"turns":11.0},{"damage":26.0,"enemies":"3 Byrds","floor":18.0,"turns":4.0},{"damage":18,"enemies":"2 Thieves","floor":19,"turns":4},{"damage":23,"enemies":"Cultist and Chosen","floor":21,"turns":6},{"damage":15,"enemies":"Centurion and Healer","floor":22,"turns":1}],"seed_played":"-2392916706159872232","potions_obtained":[{"floor":1.0,"key":"SpeedPotion"},{"floor":7.0,"key":"Dexterity Potion"},{"floor":10.0,"key":"Block Potion"},{"floor":13.0,"key":"Explosive Potion"},{"floor":21,"key":"Explosive Potion"}],"is_trial":false,"path_per_floor":["M","?","?","?","?","R","M","R","T","M","R","$","E","$","R","B",null,"M","M","?","M"],"character_chosen":"DEFECT","items_purchased":[],"campfire_rested":0,"item_purchase_floors":[],"current_hp_per_floor":[62,55,40,65,65,65,55,55,55,52,52,52,45,45,45,2,75,49,31,31,8,0],"gold":200,"neow_bonus":"BOSS_RELIC","is_prod":false,"is_daily":false,"chose_seed":false,"campfire_upgraded":4,"win_rate":0,"timestamp":1531681424,"path_taken":["M","?","?","?","?","R","M","R","T","M","R","$","E","$","R","BOSS","M","M","?","M","M"],"build_version":"2018-07-12","purchased_purges":2,"victory":false,"max_hp_per_floor":[75,75,75,75,75,75,75,75,75,75,75,75,75,75,75,75,75,75,75,75,75,75],"card_choices":[{"not_picked":["Cold Snap","Chaos"],"picked":"Coolheaded","floor":1.0},{"not_picked":["FTL","Stack","Go for the Eyes"],"picked":"SKIP","floor":7.0},{"not_picked":["Leap","Undo"],"picked":"Redo","floor":10.0},{"not_picked":["Fission","Sweeping Beam"],"picked":"Blizzard","floor":13.0},{"not_picked":["Biased Cognition","Thunder Strike"],"picked":"Machine Learning","floor":16.0},{"not_picked":["Ball Lightning","Melter","Steam Power+1"],"picked":"SKIP","floor":18.0},{"not_picked":["Sweeping Beam","Steam"],"picked":"Static Discharge+1","floor":19},{"not_picked":["Barrage","Darkness+1","Hologram"],"picked":"SKIP","floor":21}],"player_experience":279234,"relics_obtained":[{"floor":9.0,"key":"Smiling Mask"},{"floor":13.0,"key":"Lantern"}],"event_choices":[{"event_name":"Golden Wing","player_choice":"Card Removal","floor":2.0,"damage_taken":0.0},{"event_name":"Shining Light","player_choice":"Entered Light","floor":3.0,"damage_taken":0.0},{"event_name":"Big Fish","player_choice":"Banana","floor":4.0,"damage_taken":0.0},{"event_name":"The Cleric","player_choice":"Card Removal","floor":5.0,"damage_taken":0.0},{"event_name":"The Joust","player_choice":"Bet on Murderer","floor":20,"damage_taken":0}],"boss_relics":[{"not_picked":["Empty Cage","Tiny House"],"picked":"Inserter"}],"items_purged_floors":[12,14],"is_endless":false,"potions_floor_spawned":[1,7,10,13,16,18,19,21],"killed_by":"Centurion and Healer","ascension_level":2}