{"path_per_floor":["M","?","M","$","M","E","R","?","T","M","M","$","M","M","R","B",null,"M","?","M","M","$","R","M","E","T","?","M","R","?","E","R"],"character_chosen":"THE_SILENT","items_purchased":["Ornamental Fan","Cloak And Dagger","Snake Skull"],"gold_per_floor":[415,415,430,64,80,106,106,106,106,117,130,30,44,57,57,154,154,169,169,183,201,44,44,62,90,90,5,20,20,20,47,47],"floor_reached":33,"campfire_rested":2,"playtime":2937,"current_hp_per_floor":[35,21,21,21,21,11,32,32,32,32,28,28,28,28,28,10,70,59,59,52,29,29,29,29,20,20,20,19,40,40,40,40],"items_purged":["Defend_G","Strike_G"],"gold":47,"play_id":"598dfac0-939a-47bd-8b57-3d2c43d8c026","is_prod":false,"is_daily":false,"is_ascension_mode":false,"campfire_upgraded":3,"path_taken":["M","?","M","$","M","E","R","?","T","?","M","$","M","?","R","BOSS","M","?","M","?","$","R","?","E","T","?","?","R","?","E","R","BOSS"],"build_version":"2018-01-25-PROD3","purchased_purges":3,"victory":false,"master_deck":["Defend_G","Defend_G","Defend_G","Defend_G","Strike_G","Strike_G","Strike_G+1","Strike_G","Survivor","Neutralize+1","Prepared","Deflect","Cloak And Dagger+1","Backstab","Envenom+1","Blade Dance+1","Catalyst","Escape Plan","Blur","Adrenaline","Calculated Gamble","Cloak And Dagger+1","Eviscerate"],"max_hp_per_floor":[70,70,70,70,70,70,70,70,70,70,70,70,70,70,70,70,70,70,70,70,70,70,70,70,70,70,70,70,70,70,70,70],"relics":["Ring of the Snake","Old Coin","Ornamental Fan","Tough Bandages","Bottled Lightning","Black Star","Snake Skull","Bag of Marbles","Bag of Preparation","Gambling Chip","Torii","Juzu Bracelet","Orichalcum"],"card_choices":[{"not_picked":["Underhanded Strike","Bane"],"picked":"Prepared"},{"not_picked":["Outmaneuver","Poisoned Stab"],"picked":"Deflect"},{"not_picked":["Outmaneuver","Dagger Spray"],"picked":"Backstab"},{"not_picked":["Die Die Die","Predator"],"picked":"Envenom"},{"not_picked":["PiercingWail","Dodge and Roll"],"picked":"Blade Dance"},{"not_picked":["Cloak And Dagger","Leg Sweep"],"picked":"Catalyst"},{"not_picked":["Bane","Slice"],"picked":"Escape Plan"},{"not_picked":["All Out Attack","Dagger Spray"],"picked":"Blur"},{"not_picked":["Doppelganger","A Thousand Cuts"],"picked":"Adrenaline"},{"not_picked":["All Out Attack","Crippling Poison"],"picked":"Calculated Gamble"},{"not_picked":["Prepared","Catalyst"],"picked":"Cloak And Dagger"},{"not_picked":["Dagger Spray","Well Laid Plans"],"picked":"Eviscerate"}],"player_experience":102819,"potions_floor_usage":[6,6,16,20,25],"damage_taken":[{"damage":0,"enemies":"2 Louse","floor":1,"turns":2},{"damage":0,"enemies":"Small Slimes","floor":3,"turns":3},{"damage":0,"enemies":"Blue Slaver","floor":5,"turns":4},{"damage":10,"enemies":"Gremlin Nob","floor":6,"turns":3},{"damage":0,"enemies":"Large Slime","floor":10,"turns":5},{"damage":4,"enemies":"Gremlin Gang","floor":11,"turns":5},{"damage":0,"enemies":"Exordium Wildlife","floor":13,"turns":3},{"damage":0,"enemies":"Exordium Thugs","floor":14,"turns":6},{"damage":18,"enemies":"Hexaghost","floor":16,"turns":12},{"damage":11,"enemies":"2 Thieves","floor":18,"turns":5},{"damage":7,"enemies":"Spheric Guardian","floor":20,"turns":6},{"damage":23,"enemies":"Chosen and Byrds","floor":21,"turns":8},{"damage":0,"enemies":"Centurion and Healer","floor":24,"turns":8},{"damage":9,"enemies":"Book of Stabbing","floor":25,"turns":6},{"damage":1,"enemies":"Snake Plant","floor":28,"turns":4},{"damage":0,"enemies":"Slavers","floor":31,"turns":3},{"damage":40,"enemies":"Automaton","floor":33,"turns":6}],"event_choices":[{"event_name":"Shining Light","player_choice":"Entered Light","floor":2,"damage_taken":0},{"event_name":"Accursed Blacksmith","player_choice":"Ignore","floor":8,"damage_taken":0},{"event_name":"N\u0027loth","player_choice":"Ignored","floor":19,"damage_taken":0},{"event_name":"Addict","player_choice":"Obtained Relic","floor":27,"damage_taken":0},{"event_name":"Drug Dealer","player_choice":"Ignored","floor":30,"damage_taken":0}],"boss_relics":[{"not_picked":["Lizard Tail","The Specimen"],"picked":"Black Star"}],"potions_floor_spawned":[3,5,11,13,18,21,24],"seed_played":"-8590502598167012952","killed_by":"Automaton","ascension_level":0,"is_trial":false}