{"path_per_floor":["M","?","T","?","$","R","?","M","T","$","E","M","M","?","R","B",null,"M","M","$","?","M","R","M"],"character_chosen":"THE_SILENT","items_purchased":["Noxious Fumes","Backflip","Letter Opener"],"gold_per_floor":[116,116,116,116,41,41,41,64,117,1,36,51,64,239,239,362,362,376,396,45,45,60,60,83],"floor_reached":25,"campfire_rested":1,"playtime":1326,"current_hp_per_floor":[68,73,73,73,73,73,55,55,55,55,27,27,16,16,38,11,75,52,52,52,52,21,21,1],"items_purged":["Strike_G","Doubt"],"gold":83,"play_id":"280c92c3-7d92-42bb-8fa4-900443d16f78","is_prod":false,"is_daily":false,"is_ascension_mode":false,"campfire_upgraded":0,"path_taken":["M","?","?","?","$","R","?","M","T","?","E","M","?","?","R","BOSS","M","M","$","?","M","R","M","M"],"build_version":"2018-02-01-PROD3","purchased_purges":2,"victory":false,"master_deck":["Defend_G","Defend_G","Defend_G","Defend_G","Defend_G","Strike_G","Strike_G","Strike_G","Strike_G","Survivor","Neutralize","Deadly Poison+1","Bane","Noxious Fumes","Backflip","Flechettes","Poisoned Stab","Burst+1","Calculated Gamble+1","Backflip+1"],"max_hp_per_floor":[70,75,75,75,75,75,75,75,75,75,75,75,75,75,75,75,75,75,75,75,75,75,75,75],"relics":["Ring of the Snake","Shovel","Bag of Preparation","Golden Idol","Tiny Chest","Toxic Egg 2","The Specimen","Letter Opener","Calipers"],"card_choices":[{"not_picked":["Escape Plan","Footwork"],"picked":"Deadly Poison"},{"not_picked":["All Out Attack","Backflip"],"picked":"Bane"},{"not_picked":["Die Die Die","Dagger Throw"],"picked":"Flechettes"},{"not_picked":["Endless Agony","Underhanded Strike"],"picked":"Poisoned Stab"},{"not_picked":["A Thousand Cuts","Bullet Time"],"picked":"Burst"},{"not_picked":["Sucker Punch","Dagger Spray"],"picked":"Calculated Gamble"},{"not_picked":["Poisoned Stab","Cloak And Dagger"],"picked":"Backflip"}],"player_experience":113691,"potions_floor_usage":[16,18,18,19,25],"damage_taken":[{"damage":2,"enemies":"Small Slimes","floor":1,"turns":4},{"damage":0,"enemies":"2 Louse","floor":8,"turns":3},{"damage":28,"enemies":"Gremlin Nob","floor":11,"turns":4},{"damage":0,"enemies":"Jaw Worm","floor":12,"turns":3},{"damage":11,"enemies":"Exordium Thugs","floor":13,"turns":5},{"damage":27,"enemies":"Hexaghost","floor":16,"turns":10},{"damage":32,"enemies":"2 Thieves","floor":18,"turns":4},{"damage":0,"enemies":"Shell Parasite","floor":19,"turns":5},{"damage":31,"enemies":"Chosen and Byrds","floor":22,"turns":8},{"damage":20,"enemies":"Snecko","floor":24,"turns":4},{"damage":5,"enemies":"Cultist and Chosen","floor":25,"turns":3}],"event_choices":[{"event_name":"Big Fish","player_choice":"Donut","floor":2,"damage_taken":0},{"event_name":"Upgrade Shrine","player_choice":"Upgraded","floor":4,"damage_taken":0},{"event_name":"Golden Idol","player_choice":"Take Damage","floor":7,"damage_taken":0},{"event_name":"Liars Game","player_choice":"agreed","floor":14,"damage_taken":0},{"event_name":"Drug Dealer","player_choice":"Ignored","floor":21,"damage_taken":0}],"boss_relics":[{"not_picked":["Ectoplasm","Orrery"],"picked":"The Specimen"}],"potions_floor_spawned":[8,13,16,18,24],"seed_played":"5428478114302865178","killed_by":"Cultist and Chosen","ascension_level":0,"is_trial":false}