{"gold_per_floor":[14,189,114,414,489,500,500,519,519,549,73,91,105,105,105,203,203,217,231,241,253,253,253,264,281,281,281,281,299,299,316,316,420,420,438,221,221,221,47,75,94,32,32,61,77,77,95,115,115,115],"floor_reached":51,"playtime":2985,"items_purged":["Doubt","Strike_B","Heatsinks","Fusion"],"score":810,"play_id":"14c4fa4a-6141-4a30-8bf9-93c4961c98ab","local_time":"20180806045847","is_ascension_mode":true,"campfire_choices":[{"data":"Zap","floor":7,"key":"SMITH"},{"floor":15,"key":"REST"},{"floor":23,"key":"REST"},{"floor":28,"key":"REST"},{"data":"Defragment","floor":30,"key":"SMITH"},{"data":"Scrape","floor":32,"key":"SMITH"},{"floor":46,"key":"REST"},{"floor":49,"key":"REST"}],"neow_cost":"NO_GOLD","seed_source_timestamp":51604668573781,"circlet_count":0,"master_deck":["Zap+1","Dualcast+1","All For One","Steam","Self Repair","Electrodynamics","Conserve Battery","Cold Snap","Ball Lightning","Sweeping Beam","Conserve Battery","Compile Driver+1","Force Field","Defragment+1","Scrape+1","Echo Form","Defragment","Glacier","Glacier","Steam+1","BootSequence"],"relics":["Cracked Core","Old Coin","The Courier","Potion Belt","Peace Pipe","Runic Capacitor","Pandora\u0027s Box","Shuriken","Nuclear Battery","Ginger","Thread and Needle","Dodecahedron"],"potions_floor_usage":[16,25,25,33,33,33,45,50],"damage_taken":[{"damage":0,"enemies":"2 Louse","floor":1,"turns":3},{"damage":0,"enemies":"Jaw Worm","floor":6,"turns":4},{"damage":0,"enemies":"Cultist","floor":8,"turns":3},{"damage":31,"enemies":"3 Sentries","floor":10,"turns":10},{"damage":1,"enemies":"Looter","floor":12,"turns":3},{"damage":0,"enemies":"3 Louse","floor":13,"turns":3},{"damage":17,"enemies":"The Guardian","floor":16,"turns":11},{"damage":6,"enemies":"3 Byrds","floor":18,"turns":2},{"damage":25,"enemies":"Shell Parasite","floor":19,"turns":5},{"damage":24,"enemies":"Sentry and Sphere","floor":20,"turns":4},{"damage":19,"enemies":"Cultist and Chosen","floor":21,"turns":6},{"damage":33,"enemies":"3 Cultists","floor":24,"turns":5},{"damage":19,"enemies":"Centurion and Healer","floor":25,"turns":4},{"damage":3,"enemies":"Snecko","floor":29,"turns":4},{"damage":5,"enemies":"Cultist and Chosen","floor":31,"turns":4},{"damage":32,"enemies":"Champ","floor":33,"turns":10},{"damage":37,"enemies":"3 Darklings","floor":35,"turns":4},{"damage":21,"enemies":"Nemesis","floor":40,"turns":7},{"damage":15,"enemies":"3 Shapes","floor":41,"turns":7},{"damage":9,"enemies":"2 Orb Walkers","floor":44,"turns":6},{"damage":0,"enemies":"Maw","floor":45,"turns":8},{"damage":14,"enemies":"Transient","floor":47,"turns":5},{"damage":6,"enemies":"3 Darklings","floor":48,"turns":5},{"damage":65,"enemies":"Time Eater","floor":50,"turns":16}],"seed_played":"8887680182826892711","potions_obtained":[{"floor":6,"key":"Poison Potion"},{"floor":13,"key":"SpeedPotion"},{"floor":16,"key":"Dexterity Potion"},{"floor":18,"key":"Ancient Potion"},{"floor":20,"key":"Swift Potion"},{"floor":25,"key":"LiquidBronze"},{"floor":29,"key":"FairyPotion"},{"floor":44,"key":"SkillPotion"},{"floor":45,"key":"SteroidPotion"},{"floor":48,"key":"Dexterity Potion"}],"is_trial":false,"path_per_floor":["M","?","$","T","?","M","R","M","T","E","$","M","M","?","R","B",null,"M","M","M","M","?","R","M","M","T","?","R","M","R","M","R","B",null,"M","$","?","?","$","E","M","$","T","E","M","R","M","M","R","B"],"character_chosen":"DEFECT","items_purchased":["Peace Pipe","Runic Capacitor","Defragment","Glacier","Glacier","BootSequence"],"campfire_rested":5,"item_purchase_floors":[11,11,36,36,39,42],"current_hp_per_floor":[75,75,75,75,64,64,64,64,64,33,33,32,39,39,61,51,75,75,57,40,28,28,50,24,5,5,30,52,56,56,51,51,26,75,45,45,45,45,45,24,23,23,23,14,21,43,36,37,59,14],"gold":115,"neow_bonus":"THREE_RARE_CARDS","is_prod":false,"is_daily":false,"chose_seed":false,"campfire_upgraded":3,"win_rate":0,"timestamp":1533524327,"path_taken":["M","?","$","?","?","?","R","?","T","E","$","?","M","?","R","BOSS","M","M","M","M","?","R","M","M","T","?","R","M","R","M","R","BOSS","M","$","?","?","$","E","M","?","T","E","M","R","M","M","R","BOSS"],"build_version":"2018-08-02","purchased_purges":4,"victory":true,"max_hp_per_floor":[75,75,75,75,75,75,75,75,75,75,75,75,75,75,75,75,75,75,75,75,75,75,75,75,75,75,75,75,75,75,75,75,75,75,75,75,75,75,75,75,75,75,75,75,75,75,75,75,75,75],"card_choices":[{"not_picked":["Buffer","Hyperbeam"],"picked":"All For One","floor":0},{"not_picked":["Go for the Eyes","Cold Snap"],"picked":"Steam","floor":1},{"not_picked":["Buffer","Compile Driver","Static Discharge"],"picked":"SKIP","floor":6},{"not_picked":["Skim","Go for the Eyes","Reprogram"],"picked":"SKIP","floor":8},{"not_picked":["Coolheaded","Stack","Go for the Eyes"],"picked":"SKIP","floor":10},{"not_picked":["Undo","Cold Snap"],"picked":"Self Repair","floor":12},{"not_picked":["White Noise","Hologram","Beam Cell"],"picked":"SKIP","floor":13},{"not_picked":["Creative AI","Reboot"],"picked":"Electrodynamics","floor":16},{"not_picked":["Conserve Battery","Stack"],"picked":"Compile Driver+1","floor":18},{"not_picked":["Ball Lightning","Streamline"],"picked":"Force Field","floor":19},{"not_picked":["Barrage","Turbo"],"picked":"Defragment","floor":20},{"not_picked":["Hologram","Heatsinks","Consume"],"picked":"SKIP","floor":21},{"not_picked":["Stack","Streamline"],"picked":"Scrape","floor":24},{"not_picked":["Hello World+1","Redo"],"picked":"Conserve Battery","floor":25},{"not_picked":["Turbo","Ball Lightning","Hello World"],"picked":"SKIP","floor":29},{"not_picked":["Steam","Gash","Chill"],"picked":"SKIP","floor":31},{"not_picked":["Electrodynamics","Buffer"],"picked":"Echo Form","floor":33},{"not_picked":["Turbo","Ball Lightning","Gash+1"],"picked":"SKIP","floor":35},{"not_picked":["Electrodynamics","Hologram+1","Genetic Algorithm"],"picked":"SKIP","floor":40},{"not_picked":["Electrodynamics","Hologram+1","Genetic Algorithm"],"picked":"SKIP","floor":40},{"not_picked":["Static Discharge","Scrape+1"],"picked":"Steam+1","floor":41},{"not_picked":["Reinforced Body","Cold Snap+1","Chill+1"],"picked":"SKIP","floor":44},{"not_picked":["Chaos+1","Lockon","Melter+1"],"picked":"SKIP","floor":45},{"not_picked":["Ball Lightning","Barrage+1","Beam Cell+1"],"picked":"SKIP","floor":47},{"not_picked":["Reprogram","Streamline","Conserve Battery"],"picked":"SKIP","floor":48}],"player_experience":368831,"relics_obtained":[{"floor":4,"key":"Old Coin"},{"floor":9,"key":"The Courier"},{"floor":10,"key":"Potion Belt"},{"floor":26,"key":"Shuriken"},{"floor":40,"key":"Ginger"},{"floor":43,"key":"Thread and Needle"},{"floor":44,"key":"Dodecahedron"}],"event_choices":[{"event_name":"Liars Game","player_choice":"agreed","floor":2,"damage_taken":0},{"event_name":"World of Goop","player_choice":"Gather Gold","floor":5,"damage_taken":0},{"event_name":"Living Wall","player_choice":"Grow","floor":14,"damage_taken":0},{"event_name":"Drug Dealer","player_choice":"Ignored","floor":22,"damage_taken":0},{"event_name":"The Library","player_choice":"Heal","floor":27,"damage_taken":0},{"event_name":"Falling","player_choice":"Removed Skill","floor":37,"damage_taken":0},{"event_name":"Tomb of Lord Red Mask","player_choice":"Ignored","floor":38,"damage_taken":0}],"is_beta":false,"boss_relics":[{"not_picked":["Busted Crown","Black Star"],"picked":"Pandora\u0027s Box"},{"not_picked":["Calling Bell","Fusion Hammer"],"picked":"Nuclear Battery"}],"items_purged_floors":[3,11,36,39],"is_endless":false,"potions_floor_spawned":[6,13,16,18,20,25,29,44,45,48],"ascension_level":3}