{"gold_per_floor":[119,134,134,153,153,185,60,30,105,105,132,132,147,159,159,159],"floor_reached":16,"playtime":1868,"items_purged":[],"score":110,"play_id":"bec9cc15-c986-40a4-a78b-153eac2ae214","local_time":"20190404183645","is_ascension_mode":false,"campfire_choices":[{"floor":10,"key":"REST"},{"floor":15,"key":"REST"}],"neow_cost":"NONE","seed_source_timestamp":427257054100,"circlet_count":0,"master_deck":["Strike_R","Strike_R","Strike_R+1","Strike_R","Defend_R","Defend_R","Defend_R","Defend_R+1","Bash","Flex","Iron Wave","Ghostly Armor","Impervious","Armaments","Ghostly Armor","Shrug It Off","Ghostly Armor"],"relics":["Burning Blood","Ancient Tea Set","Ornamental Fan","Self Forming Clay","CultistMask"],"potions_floor_usage":[6,6,8,13,16],"damage_taken":[{"damage":10,"enemies":"Jaw Worm","floor":1,"turns":4},{"damage":2,"enemies":"Small Slimes","floor":2,"turns":5},{"damage":0,"enemies":"Cultist","floor":4,"turns":4},{"damage":50,"enemies":"Gremlin Nob","floor":6,"turns":5},{"damage":2,"enemies":"Looter","floor":8,"turns":4},{"damage":26,"enemies":"3 Sentries","floor":11,"turns":16},{"damage":7,"enemies":"Large Slime","floor":13,"turns":9},{"damage":2,"enemies":"Blue Slaver","floor":14,"turns":5},{"damage":61,"enemies":"Slime Boss","floor":16,"turns":14}],"seed_played":"5701884268404075875","potions_obtained":[{"floor":2,"key":"GamblersBrew"},{"floor":4,"key":"SteroidPotion"},{"floor":6,"key":"PowerPotion"},{"floor":11,"key":"SteroidPotion"},{"floor":14,"key":"EssenceOfSteel"}],"is_trial":false,"path_per_floor":["M","M","?","M","?","E","$","M","T","R","E","?","M","M","R","B"],"character_chosen":"IRONCLAD","items_purchased":["Armaments","Ghostly Armor"],"campfire_rested":2,"item_purchase_floors":[7,7],"current_hp_per_floor":[76,80,73,79,63,19,19,23,23,47,27,27,26,30,54,0],"gold":159,"neow_bonus":"THREE_CARDS","is_prod":false,"is_daily":false,"chose_seed":false,"campfire_upgraded":0,"win_rate":0.0,"timestamp":1554395805,"path_taken":["M","M","?","M","?","E","$","M","T","R","E","?","M","M","R","BOSS"],"build_version":"2019-01-23","purchased_purges":0,"victory":false,"max_hp_per_floor":[80,80,80,80,80,80,80,80,80,80,80,80,80,80,80,80],"card_choices":[{"not_picked":["Body Slam","Sword Boomerang"],"picked":"Flex","floor":0},{"not_picked":["Flex","Thunderclap"],"picked":"Iron Wave","floor":1},{"not_picked":["Sword Boomerang","Whirlwind","Body Slam"],"picked":"SKIP","floor":2},{"not_picked":["Perfected Strike","Pommel Strike"],"picked":"Ghostly Armor","floor":4},{"not_picked":["Thunderclap","Battle Trance"],"picked":"Impervious","floor":6},{"not_picked":["Clash","Body Slam","Dark Embrace"],"picked":"SKIP","floor":8},{"not_picked":["Metallicize","Barricade"],"picked":"Shrug It Off","floor":11},{"not_picked":["Sever Soul","Power Through","Warcry"],"picked":"SKIP","floor":13},{"not_picked":["Burning Pact","True Grit"],"picked":"Ghostly Armor","floor":14}],"player_experience":16595,"relics_obtained":[{"floor":6,"key":"Ancient Tea Set"},{"floor":9,"key":"Ornamental Fan"},{"floor":11,"key":"Self Forming Clay"}],"event_choices":[{"cards_removed":["Strike_R"],"damage_healed":0,"gold_gain":0,"player_choice":"Card Removal","damage_taken":7,"max_hp_gain":0,"max_hp_loss":0,"event_name":"Golden Wing","floor":3,"gold_loss":0},{"damage_healed":0,"gold_gain":0,"player_choice":"Entered Light","damage_taken":16,"max_hp_gain":0,"max_hp_loss":0,"event_name":"Shining Light","floor":5,"gold_loss":0,"cards_upgraded":["Strike_R","Defend_R"]},{"damage_healed":0,"gold_gain":0,"player_choice":"Trade","damage_taken":0,"relics_obtained":["CultistMask"],"max_hp_gain":0,"max_hp_loss":0,"event_name":"FaceTrader","floor":12,"gold_loss":0}],"is_beta":false,"boss_relics":[],"items_purged_floors":[],"is_endless":false,"potions_floor_spawned":[2,4,6,11,14],"killed_by":"Slime Boss","ascension_level":0}