{"gold_per_floor":[118,118,118,130,130,148,148,73,73,87,112,212,39,51,51,51],"floor_reached":16,"playtime":469,"items_purged":["Strike_G","Strike_G"],"score":100,"play_id":"412d3da2-b5a8-4cab-80d3-cadd1b20dbbd","local_time":"20190326153827","is_ascension_mode":false,"campfire_choices":[{"floor":7,"key":"RECALL"},{"floor":15,"key":"REST"}],"neow_cost":"TEN_PERCENT_HP_LOSS","seed_source_timestamp":225293781776000,"circlet_count":0,"master_deck":["Defend_G","Defend_G","Defend_G","Defend_G","Strike_G","Strike_G","Survivor","Neutralize","Impatience","Catalyst","Deadly Poison","Heel Hook","Deadly Poison","Envenom"],"relics":["Ring of the Snake","Ancient Tea Set"],"potions_floor_usage":[11,16,16],"damage_taken":[{"damage":9,"enemies":"Jaw Worm","floor":1,"turns":6},{"damage":5,"enemies":"Small Slimes","floor":4,"turns":4},{"damage":0,"enemies":"Cultist","floor":6,"turns":4},{"damage":6,"enemies":"2 Fungi Beasts","floor":10,"turns":4},{"damage":22,"enemies":"Gremlin Nob","floor":11,"turns":4},{"damage":12,"enemies":"Exordium Thugs","floor":14,"turns":5},{"damage":46,"enemies":"Slime Boss","floor":16,"turns":6}],"seed_played":"8656013299642704550","potions_obtained":[{"floor":1,"key":"EssenceOfSteel"},{"floor":6,"key":"PowerPotion"},{"floor":14,"key":"PowerPotion"}],"is_trial":false,"path_per_floor":["M","?","?","M","?","M","R","$","T","M","E","?","$","M","R","B"],"character_chosen":"THE_SILENT","items_purchased":["Deadly Poison","Poison Potion"],"campfire_rested":1,"item_purchase_floors":[13,13],"current_hp_per_floor":[54,54,47,42,63,63,63,63,63,57,35,35,35,23,41,0],"gold":51,"neow_bonus":"RANDOM_COLORLESS_2","is_prod":false,"is_daily":false,"chose_seed":false,"campfire_upgraded":0,"win_rate":0,"timestamp":1553585907,"path_taken":["M","?","?","M","?","M","R","$","T","?","E","?","?","M","R","BOSS"],"build_version":"2019-01-23","purchased_purges":2,"victory":false,"max_hp_per_floor":[63,63,63,63,63,63,63,63,63,63,63,63,63,63,63,63],"card_choices":[{"not_picked":["Dodge and Roll","Backstab"],"picked":"Catalyst","floor":1},{"not_picked":["Slice","Outmaneuver","Sucker Punch"],"picked":"SKIP","floor":4},{"not_picked":["Dagger Spray","All Out Attack"],"picked":"Deadly Poison","floor":6},{"not_picked":["Outmaneuver","Backflip"],"picked":"Heel Hook","floor":10},{"not_picked":["Setup","Dagger Throw","Outmaneuver"],"picked":"SKIP","floor":11},{"not_picked":["Tactician","PiercingWail"],"picked":"Envenom","floor":14}],"player_experience":431641,"relics_obtained":[{"floor":11,"key":"Ancient Tea Set"}],"event_choices":[{"cards_removed":["Strike_G"],"damage_healed":0,"gold_gain":0,"player_choice":"Forget","damage_taken":0,"max_hp_gain":0,"max_hp_loss":0,"event_name":"Living Wall","floor":2,"gold_loss":0},{"cards_removed":["Defend_G"],"damage_healed":0,"gold_gain":0,"player_choice":"Card Removal","damage_taken":7,"max_hp_gain":0,"max_hp_loss":0,"event_name":"Golden Wing","floor":3,"gold_loss":0},{"cards_removed":["Panacea"],"damage_healed":21,"gold_gain":0,"player_choice":"Offered Uncommon","damage_taken":0,"max_hp_gain":0,"max_hp_loss":0,"event_name":"Bonfire Elementals","floor":5,"gold_loss":0},{"damage_healed":0,"gold_gain":100,"player_choice":"Pray","damage_taken":0,"max_hp_gain":0,"max_hp_loss":0,"event_name":"Golden Shrine","floor":12,"gold_loss":0}],"is_beta":false,"boss_relics":[],"items_purged_floors":[8,13],"is_endless":false,"potions_floor_spawned":[1,6,14],"killed_by":"Slime Boss","ascension_level":0}