{"gold_per_floor":[315,315,137,154,173,173,203,271,271,250,250,11,11,11,11,11],"floor_reached":16,"playtime":722,"items_purged":[],"score":101,"play_id":"241f9f9e-fde0-428c-a6ae-2c18aa37bd99","local_time":"20190503195953","is_ascension_mode":true,"campfire_choices":[{"data":"Metallicize","floor":6,"key":"SMITH"},{"floor":11,"key":"RECALL"},{"floor":13,"key":"REST"},{"data":"Bash","floor":15,"key":"SMITH"}],"neow_cost":"NO_GOLD","seed_source_timestamp":1990374985059300,"circlet_count":0,"master_deck":["Strike_R","Strike_R","Strike_R","Strike_R","Strike_R","Defend_R","Defend_R","Defend_R","Defend_R","Bash+1","Battle Trance","Metallicize+1","Feel No Pain","Parasite"],"relics":["Burning Blood","Old Coin","Lantern","Darkstone Periapt","Molten Egg 2"],"potions_floor_usage":[3,16],"damage_taken":[{"damage":10,"enemies":"Cultist","floor":1,"turns":4},{"damage":6,"enemies":"Jaw Worm","floor":4,"turns":5},{"damage":0,"enemies":"Small Slimes","floor":5,"turns":3},{"damage":63,"enemies":"Lagavulin","floor":7,"turns":9},{"damage":99,"enemies":"The Guardian","floor":16,"turns":19}],"seed_played":"4473601449951559822","potions_obtained":[{"floor":2,"key":"SpeedPotion"},{"floor":2,"key":"Swift Potion"},{"floor":2,"key":"SpeedPotion"},{"floor":7,"key":"SmokeBomb"}],"is_trial":false,"path_per_floor":["M","?","$","M","M","R","E","T","T","?","R","$","R","?","R","B"],"character_chosen":"IRONCLAD","items_purchased":["Metallicize","Fruit Juice","Molten Egg 2"],"campfire_rested":1,"item_purchase_floors":[3,3,12],"current_hp_per_floor":[76,76,81,81,85,85,28,28,28,28,28,28,53,80,80,0],"gold":11,"neow_bonus":"ONE_RARE_RELIC","is_prod":false,"is_daily":false,"chose_seed":false,"campfire_upgraded":2,"win_rate":0,"timestamp":1556927993,"path_taken":["M","?","?","M","M","R","E","?","T","?","R","$","R","?","R","BOSS"],"build_version":"2019-01-23","purchased_purges":0,"victory":false,"max_hp_per_floor":[80,80,85,85,85,85,85,85,85,85,85,85,85,91,91,91],"card_choices":[{"not_picked":["Heavy Blade","Clash"],"picked":"Battle Trance","floor":1},{"not_picked":["Thunderclap","Sever Soul","Clash"],"picked":"SKIP","floor":4},{"not_picked":["Perfected Strike","Flex","Sword Boomerang"],"picked":"SKIP","floor":5},{"not_picked":["Reckless Charge","Iron Wave"],"picked":"Feel No Pain","floor":7}],"player_experience":86169,"relics_obtained":[{"floor":7,"key":"Lantern"},{"floor":9,"key":"Darkstone Periapt"}],"event_choices":[{"damage_healed":0,"gold_gain":0,"player_choice":"Got Potions","damage_taken":0,"max_hp_gain":0,"max_hp_loss":0,"event_name":"Lab","floor":2,"gold_loss":0},{"damage_healed":0,"gold_gain":0,"player_choice":"Left Gold","damage_taken":0,"max_hp_gain":0,"max_hp_loss":0,"event_name":"World of Goop","floor":10,"gold_loss":21},{"damage_healed":21,"gold_gain":0,"player_choice":"Healed and dodged fight","damage_taken":0,"max_hp_gain":0,"max_hp_loss":0,"event_name":"Mushrooms","floor":14,"gold_loss":0,"cards_obtained":["Parasite"]}],"is_beta":false,"boss_relics":[],"items_purged_floors":[],"is_endless":false,"potions_floor_spawned":[7],"killed_by":"The Guardian","ascension_level":1}