{"gold_per_floor":[15,90,101,101,101,101,136,136,136,166,179,199,213,213],"floor_reached":14,"playtime":417,"items_purged":[],"score":181,"play_id":"cb0b9ae5-af63-4ffa-9db3-57ead488ef4a","local_time":"20190411231540","is_ascension_mode":true,"campfire_choices":[{"floor":6,"key":"REST"},{"floor":8,"key":"REST"}],"neow_cost":"NO_GOLD","seed_source_timestamp":96649735917329,"circlet_count":0,"master_deck":["Strike_B","Strike_B","Strike_B","Strike_B","Defend_B","Defend_B+1","Defend_B","Defend_B","Zap","Dualcast","Sweeping Beam","Loop+1","FTL","FTL","Regret","All For One","Beam Cell","Barrage","Genetic Algorithm","Capacitor","Doom and Gloom","Conserve Battery","Hologram"],"relics":["Cracked Core","Prayer Wheel","Symbiotic Virus","Bronze Scales","Blood Vial","Omamori"],"potions_floor_usage":[7,14],"damage_taken":[{"damage":4,"enemies":"Small Slimes","floor":1,"turns":4},{"damage":3,"enemies":"2 Louse","floor":3,"turns":3},{"damage":37,"enemies":"3 Sentries","floor":7,"turns":6},{"damage":2,"enemies":"Lagavulin","floor":10,"turns":3},{"damage":13,"enemies":"Jaw Worm","floor":11,"turns":2},{"damage":15,"enemies":"Red Slaver","floor":12,"turns":2},{"damage":9,"enemies":"Lots of Slimes","floor":13,"turns":2},{"damage":13,"enemies":"Exordium Thugs","floor":14,"turns":3}],"seed_played":"373484890444074667","potions_obtained":[{"floor":3,"key":"Swift Potion"},{"floor":11,"key":"Weak Potion"},{"floor":12,"key":"Weak Potion"}],"is_trial":false,"path_per_floor":["M","?","M","?","?","R","E","R","T","E","M","M","M","M"],"character_chosen":"DEFECT","items_purchased":[],"campfire_rested":2,"item_purchase_floors":[],"current_hp_per_floor":[64,53,50,35,35,57,20,42,42,42,31,18,11,0],"gold":213,"neow_bonus":"ONE_RARE_RELIC","is_prod":false,"is_daily":false,"chose_seed":false,"campfire_upgraded":0,"win_rate":0,"timestamp":1555049740,"path_taken":["M","?","M","?","?","R","E","R","T","E","M","M","M","M"],"build_version":"2019-01-23","purchased_purges":0,"victory":false,"max_hp_per_floor":[75,75,75,75,75,75,75,75,75,75,75,75,75,75],"card_choices":[{"not_picked":["Undo","Cold Snap"],"picked":"Sweeping Beam","floor":1},{"not_picked":["Capacitor","Sweeping Beam"],"picked":"Loop","floor":1},{"not_picked":["Aggregate","Leap"],"picked":"FTL","floor":3},{"not_picked":["Recycle","Skim"],"picked":"FTL","floor":3},{"not_picked":["Coolheaded","Genetic Algorithm"],"picked":"All For One","floor":7},{"not_picked":["Turbo","Steam"],"picked":"Beam Cell","floor":10},{"not_picked":["Blizzard","Cold Snap"],"picked":"Barrage","floor":11},{"not_picked":["Blizzard","Stack"],"picked":"Genetic Algorithm","floor":11},{"not_picked":["Skim","Force Field"],"picked":"Capacitor","floor":12},{"not_picked":["Stack","Heatsinks"],"picked":"Doom and Gloom","floor":12},{"not_picked":["Undo","Cold Snap"],"picked":"Conserve Battery","floor":13},{"not_picked":["Rebound","Rip and Tear"],"picked":"Hologram","floor":13}],"player_experience":561821,"relics_obtained":[{"floor":7,"key":"Bronze Scales"},{"floor":9,"key":"Blood Vial"},{"floor":10,"key":"Omamori"}],"event_choices":[{"damage_healed":0,"gold_gain":75,"player_choice":"Gather Gold","damage_taken":11,"max_hp_gain":0,"max_hp_loss":0,"event_name":"World of Goop","floor":2,"gold_loss":0},{"damage_healed":0,"gold_gain":0,"player_choice":"Entered Light","damage_taken":15,"max_hp_gain":0,"max_hp_loss":0,"event_name":"Shining Light","floor":4,"gold_loss":0,"cards_upgraded":["Loop","Defend_B"]},{"damage_healed":0,"gold_gain":0,"player_choice":"Box","damage_taken":0,"relics_obtained":["Symbiotic Virus"],"max_hp_gain":0,"max_hp_loss":0,"event_name":"Big Fish","floor":5,"gold_loss":0,"cards_obtained":["Regret"]}],"is_beta":false,"boss_relics":[],"items_purged_floors":[],"is_endless":false,"potions_floor_spawned":[3,11,12],"killed_by":"Exordium Thugs","ascension_level":9}