{"gold_per_floor":[115,115,129,56,56,81,93,134,173,185,212,243,255,280,292,402,414,440,552,103,103,122,122,140,157,157,9,9,26,26,44,44,145,145,161,0,0,0,0,0],"floor_reached":40,"playtime":2815,"items_purged":[],"score":464,"play_id":"63e072f4-88ac-4c6b-b10b-c73a79bf098e","local_time":"20190430083933","is_ascension_mode":true,"campfire_choices":[{"data":"Dual Wield","floor":7,"key":"SMITH"},{"data":"Metallicize","floor":10,"key":"SMITH"},{"data":"Reaper","floor":13,"key":"SMITH"},{"data":"Cleave","floor":15,"key":"SMITH"},{"data":"Juggernaut","floor":23,"key":"SMITH"},{"data":"Demon Form","floor":28,"key":"SMITH"},{"data":"Bandage Up","floor":32,"key":"SMITH"}],"neow_cost":"NONE","seed_source_timestamp":390297490455500,"circlet_count":0,"master_deck":["Defend_R","Defend_R","Defend_R","Defend_R","Bash","Metallicize+1","Cleave+1","Inflame","Dual Wield+1","Metallicize+1","Rampage","Reaper+1","Thunderclap","Demon Form+1","Uppercut","Heavy Blade","Rage","Armaments","Anger","Ghostly Armor","Carnage","Bandage Up+1","Fire Breathing","Bite","Bite","Bite","Bite","Bite","Juggernaut+1","Infernal Blade+1","Rage","Double Tap","Clash+1","Dark Embrace+1","Evolve+1","Dual Wield","Good Instincts","Madness","Madness"],"relics":["Coffee Dripper","MawBank","Potion Belt","Centennial Puzzle","Orrery","Du-Vu Doll","Mummified Hand","Kunai","WingedGreaves","Bag of Preparation","Astrolabe","Red Mask"],"potions_floor_usage":[8,16,16,24,24,25,33,35,40],"damage_taken":[{"damage":11,"enemies":"Jaw Worm","floor":1,"turns":4},{"damage":0,"enemies":"Cultist","floor":3,"turns":4},{"damage":13,"enemies":"Lagavulin","floor":6,"turns":5},{"damage":1,"enemies":"3 Sentries","floor":8,"turns":7},{"damage":0,"enemies":"2 Louse","floor":11,"turns":1},{"damage":0,"enemies":"Blue Slaver","floor":12,"turns":4},{"damage":9,"enemies":"3 Louse","floor":14,"turns":3},{"damage":14,"enemies":"Slime Boss","floor":16,"turns":9},{"damage":0,"enemies":"Spheric Guardian","floor":18,"turns":5},{"damage":15,"enemies":"Colosseum Slavers","floor":19,"turns":5},{"damage":54,"enemies":"Colosseum Nobs","floor":19,"turns":6},{"damage":0,"enemies":"Chosen","floor":22,"turns":4},{"damage":19,"enemies":"Centurion and Healer","floor":24,"turns":4},{"damage":0,"enemies":"3 Cultists","floor":25,"turns":4},{"damage":16,"enemies":"Sentry and Sphere","floor":29,"turns":4},{"damage":0,"enemies":"Snecko","floor":31,"turns":3},{"damage":45,"enemies":"Automaton","floor":33,"turns":8},{"damage":31,"enemies":"3 Darklings","floor":35,"turns":5},{"damage":102,"enemies":"Nemesis","floor":40,"turns":7}],"seed_played":"381848233138893353","potions_obtained":[{"floor":3,"key":"GamblersBrew"},{"floor":6,"key":"AttackPotion"},{"floor":8,"key":"SteroidPotion"},{"floor":12,"key":"BloodPotion"},{"floor":19,"key":"AttackPotion"},{"floor":24,"key":"EssenceOfSteel"},{"floor":25,"key":"SkillPotion"},{"floor":33,"key":"Regen Potion"}],"is_trial":false,"path_per_floor":["M","?","M","$","?","E","R","E","T","R","M","M","R","M","R","B",null,"M","?","$","?","M","R","M","M","T","$","R","M","?","M","R","B",null,"M","?","?","$","?","E"],"character_chosen":"IRONCLAD","items_purchased":["Inflame","Kunai","Regen Potion","Bandage Up","Fire Breathing","Bag of Preparation"],"campfire_rested":0,"item_purchase_floors":[4,20,20,20,20,27],"current_hp_per_floor":[69,69,69,69,69,56,56,55,55,55,55,55,55,47,47,65,80,80,16,16,16,34,34,39,45,45,45,45,45,45,56,56,25,56,46,46,46,46,39,0],"gold":0,"neow_bonus":"BOSS_RELIC","is_prod":false,"is_daily":false,"chose_seed":false,"campfire_upgraded":7,"win_rate":0,"timestamp":1556627973,"path_taken":["M","?","?","?","?","E","R","E","T","R","M","M","R","M","R","BOSS","M","?","$","?","M","R","M","M","T","$","R","M","?","M","R","BOSS","M","?","?","$","?","E"],"build_version":"2019-01-23","purchased_purges":0,"victory":false,"max_hp_per_floor":[80,80,80,80,80,80,80,80,80,80,80,80,80,80,80,80,80,80,80,80,56,56,56,56,56,56,56,56,56,56,56,56,56,56,56,56,56,56,56,56],"card_choices":[{"not_picked":["Clash","Warcry"],"picked":"Metallicize","floor":1},{"not_picked":["Anger","Clash"],"picked":"Cleave","floor":3},{"not_picked":["Body Slam","True Grit"],"picked":"Dual Wield","floor":6},{"not_picked":["Entrench","Power Through"],"picked":"Metallicize","floor":8},{"not_picked":["Carnage","Headbutt"],"picked":"Rampage","floor":11},{"not_picked":["Disarm","Thunderclap"],"picked":"Reaper","floor":12},{"not_picked":["Disarm","Flex"],"picked":"Thunderclap","floor":14},{"not_picked":["Feed","Immolate"],"picked":"Demon Form","floor":16},{"not_picked":["Heavy Blade","Pommel Strike"],"picked":"Uppercut","floor":17},{"not_picked":["Twin Strike","Sword Boomerang"],"picked":"Heavy Blade","floor":17},{"not_picked":["Sword Boomerang","Body Slam"],"picked":"Rage","floor":17},{"not_picked":["Anger","Pommel Strike"],"picked":"Armaments","floor":17},{"not_picked":["Twin Strike","Body Slam"],"picked":"Anger","floor":17},{"not_picked":["Fire Breathing","Sever Soul"],"picked":"Ghostly Armor","floor":18},{"not_picked":["Warcry","Flex"],"picked":"Carnage","floor":19},{"not_picked":["Second Wind","Clash+1"],"picked":"Juggernaut","floor":22},{"not_picked":["Clothesline","True Grit"],"picked":"Infernal Blade+1","floor":24},{"not_picked":["Headbutt+1","Perfected Strike"],"picked":"Rage","floor":25},{"not_picked":["Anger","Body Slam"],"picked":"Thunderclap","floor":29},{"not_picked":["Power Through","Anger"],"picked":"Carnage","floor":31},{"not_picked":["Limit Break","Immolate"],"picked":"Double Tap","floor":33},{"not_picked":["Clash","Body Slam"],"picked":"Dual Wield","floor":35},{"not_picked":["Blind","Panacea"],"picked":"Good Instincts","floor":37}],"player_experience":38932,"relics_obtained":[{"floor":6,"key":"MawBank"},{"floor":8,"key":"Potion Belt"},{"floor":9,"key":"Centennial Puzzle"},{"floor":19,"key":"Du-Vu Doll"},{"floor":19,"key":"Mummified Hand"},{"floor":26,"key":"WingedGreaves"}],"event_choices":[{"damage_healed":0,"gold_gain":0,"player_choice":"Forge","damage_taken":0,"max_hp_gain":0,"max_hp_loss":0,"event_name":"Accursed Blacksmith","floor":2,"gold_loss":0,"cards_upgraded":["Metallicize"]},{"damage_healed":0,"gold_gain":0,"player_choice":"Ignored","damage_taken":0,"max_hp_gain":0,"max_hp_loss":0,"event_name":"Golden Idol","floor":5,"gold_loss":0},{"damage_healed":0,"gold_gain":0,"player_choice":"Fight","damage_taken":0,"max_hp_gain":0,"max_hp_loss":0,"event_name":"Colosseum","floor":19,"gold_loss":0},{"damage_healed":0,"gold_gain":0,"player_choice":"Fought Nobs","damage_taken":0,"max_hp_gain":0,"max_hp_loss":0,"event_name":"Colosseum","floor":19,"gold_loss":0},{"damage_healed":0,"gold_gain":0,"player_choice":"Became a vampire","damage_taken":0,"max_hp_gain":0,"max_hp_loss":24,"event_name":"Vampires","floor":21,"gold_loss":0,"cards_obtained":["Bite","Bite","Bite","Bite","Bite"]},{"damage_healed":0,"gold_gain":0,"player_choice":"Read","damage_taken":0,"max_hp_gain":0,"max_hp_loss":0,"event_name":"The Library","floor":30,"gold_loss":0,"cards_obtained":["Infernal Blade"]},{"damage_healed":0,"gold_gain":0,"player_choice":"Paid","damage_taken":0,"relics_obtained":["Red Mask"],"max_hp_gain":0,"max_hp_loss":0,"event_name":"Tomb of Lord Red Mask","floor":36,"gold_loss":161},{"damage_healed":0,"gold_gain":0,"player_choice":"Memory 1","damage_taken":0,"max_hp_gain":0,"max_hp_loss":0,"event_name":"SensoryStone","floor":37,"gold_loss":0},{"damage_healed":0,"gold_gain":0,"player_choice":"Embrace Madness","damage_taken":7,"max_hp_gain":0,"max_hp_loss":0,"event_name":"Winding Halls","floor":39,"gold_loss":0,"cards_obtained":["Madness","Madness"]}],"is_beta":false,"boss_relics":[{"not_picked":["Mark of Pain","Runic Pyramid"],"picked":"Orrery"},{"not_picked":["Pandora\u0027s Box","Empty Cage"],"picked":"Astrolabe"}],"items_purged_floors":[],"is_endless":false,"potions_floor_spawned":[3,6,8,12,19,24,25,33],"killed_by":"Nemesis","ascension_level":1}