{"gold_per_floor":[112,123,142,142,142,183,1,1,1,17,17,52,68,168,168,291,291,309,154,169,188,213,213,213,257,311,34,34,70,70,91,91,216,216,234,50,75,98,223,223,248,286,310,324,347,385,397,423,435,447,459,471,0,35,35],"floor_reached":55,"playtime":7650,"items_purged":["Strike_R"],"score":959,"play_id":"bea34713-1171-4b92-b556-f04cee4b496f","local_time":"20190503212705","is_ascension_mode":true,"campfire_choices":[{"floor":8.0,"key":"RECALL"},{"data":"Bash","floor":11.0,"key":"SMITH"},{"data":"Carnage","floor":15.0,"key":"SMITH"},{"floor":23.0,"key":"REST"},{"data":"Armaments","floor":30.0,"key":"SMITH"},{"data":"Flame Barrier","floor":32.0,"key":"SMITH"},{"floor":40,"key":"REST"},{"floor":49,"key":"REST"},{"data":"Demon Form","floor":52,"key":"SMITH"}],"neow_cost":"NONE","seed_source_timestamp":0,"circlet_count":0,"master_deck":["Strike_R+1","Strike_R","Strike_R+1","Strike_R+1","Defend_R","Defend_R+1","Defend_R","Defend_R+1","Bash+1","Anger","Dropkick+1","Carnage+1","Double Tap+1","Heavy Blade","Shrug It Off","Armaments+1","Flame Barrier+1","Feed","Anger+1","Wild Strike+1","Clothesline+1","Battle Trance+1","Cleave","Bloodletting+1","Corruption+1","Impervious","Shrug It Off+1","Dual Wield","Exhume","Infernal Blade+1","Havoc+1","Spot Weakness","Demon Form+1","Seeing Red+1","Uppercut+1","Inflame","Madness","Madness","Headbutt","Feel No Pain"],"special_seed":0,"relics":["Black Blood","Golden Idol","StoneCalendar","Anchor","War Paint","Snecko Eye","PreservedInsect","Bag of Preparation","Strawberry","Potion Belt","Pen Nib","Whetstone","Bird Faced Urn","Dodecahedron","Orichalcum","MawBank","Strange Spoon","Bronze Scales","Lantern"],"potions_floor_usage":[38,38,41,41,46,48,48,50],"damage_taken":[{"damage":0.0,"enemies":"2 Louse","floor":1.0,"turns":2.0},{"damage":2.0,"enemies":"Jaw Worm","floor":2.0,"turns":3.0},{"damage":0.0,"enemies":"Small Slimes","floor":3.0,"turns":3.0},{"damage":25.0,"enemies":"Lagavulin","floor":6.0,"turns":6.0},{"damage":0.0,"enemies":"Red Slaver","floor":10.0,"turns":2.0},{"damage":4.0,"enemies":"Gremlin Nob","floor":12.0,"turns":3.0},{"damage":2.0,"enemies":"Exordium Thugs","floor":13.0,"turns":5.0},{"damage":40.0,"enemies":"Slime Boss","floor":16.0,"turns":9.0},{"damage":20.0,"enemies":"Spheric Guardian","floor":18.0,"turns":6.0},{"damage":2.0,"enemies":"Chosen","floor":20.0,"turns":3.0},{"damage":8.0,"enemies":"Snake Plant","floor":21.0,"turns":4.0},{"damage":46.0,"enemies":"Shelled Parasite and Fungi","floor":22.0,"turns":7.0},{"damage":0.0,"enemies":"Slavers","floor":25.0,"turns":3.0},{"damage":8.0,"enemies":"Book of Stabbing","floor":29.0,"turns":3.0},{"damage":27.0,"enemies":"Sentry and Sphere","floor":31.0,"turns":4.0},{"damage":10.0,"enemies":"Automaton","floor":33.0,"turns":5.0},{"damage":3.0,"enemies":"3 Darklings","floor":35.0,"turns":4.0},{"damage":20,"enemies":"3 Shapes","floor":37,"turns":5},{"damage":41,"enemies":"3 Darklings","floor":38,"turns":4},{"damage":37,"enemies":"Mind Bloom Boss Battle","floor":39,"turns":6},{"damage":14,"enemies":"Transient","floor":41,"turns":5},{"damage":13,"enemies":"Nemesis","floor":42,"turns":5},{"damage":1,"enemies":"Maw","floor":44,"turns":5},{"damage":6,"enemies":"Spire Growth","floor":45,"turns":3},{"damage":14,"enemies":"Reptomancer","floor":46,"turns":4},{"damage":3,"enemies":"Transient","floor":48,"turns":5},{"damage":87,"enemies":"Time Eater","floor":50,"turns":11},{"damage":0,"enemies":"Shield and Spear","floor":54,"turns":4},{"damage":105,"enemies":"The Heart","floor":55,"turns":5}],"seed_played":"-5397226108121264998","potions_obtained":[{"floor":3.0,"key":"Weak Potion"},{"floor":10.0,"key":"Block Potion"},{"floor":12.0,"key":"BloodPotion"},{"floor":13.0,"key":"Fire Potion"},{"floor":16.0,"key":"LiquidBronze"},{"floor":20.0,"key":"Block Potion"},{"floor":22.0,"key":"SkillPotion"},{"floor":29.0,"key":"SpeedPotion"},{"floor":33.0,"key":"Strength Potion"},{"floor":37,"key":"LiquidBronze"},{"floor":39,"key":"SpeedPotion"},{"floor":44,"key":"Strength Potion"},{"floor":45,"key":"Strength Potion"},{"floor":46,"key":"PowerPotion"},{"floor":48,"key":"Fire Potion"}],"is_trial":false,"path_per_floor":["M","M","M","?","?","E","$","R","T","M","R","E","M","?","R","B",null,"M","$","M","M","M","R","?","E","T","$","T","E","R","M","R","B",null,"M","$","M","M","?","R","M","E","T","M","M","E","?","M","R","B",null,"R","$","E","B"],"character_chosen":"IRONCLAD","items_purchased":["Anchor","Heavy Blade","PreservedInsect","Cleave","Fire Potion","Swift Potion","Potion Belt","Dual Wield","Exhume","Strange Spoon","Bronze Scales","Weak Potion"],"campfire_rested":3,"item_purchase_floors":[7,7,19,27,27,27,27,36,36,53,53,53],"current_hp_per_floor":[88,88,88,70,48,29,29,29,29,35,35,37,49,49,49,15,88,77,77,84,82,42,70,70,79,86,86,86,84,84,63,63,59,104,104,104,94,63,36,67,65,66,66,79,85,85,72,87,104,31,104,104,104,104,0],"gold":35,"neow_bonus":"TEN_PERCENT_HP_BONUS","is_prod":false,"is_daily":false,"chose_seed":false,"campfire_upgraded":5,"win_rate":0,"timestamp":1556911625,"path_taken":["M","M","M","?","?","E","$","R","T","M","R","E","M","?","R","BOSS","M","$","M","M","M","R","?","E","T","$","?","E","R","M","R","BOSS","M","$","M","M","?","R","M","E","T","M","M","E","?","M","R","BOSS","R","$","E","BOSS"],"build_version":"2019-01-23","purchased_purges":1,"victory":false,"max_hp_per_floor":[88,88,88,88,88,88,88,88,88,88,88,88,88,88,88,88,88,91,91,94,94,94,94,94,97,104,104,104,104,104,104,104,104,104,104,104,104,104,104,104,104,104,104,104,104,104,104,104,104,104,104,104,104,104,104],"card_choices":[{"not_picked":["Pommel Strike","Twin Strike"],"picked":"Anger","floor":1.0},{"not_picked":["Clash","Immolate"],"picked":"Dropkick","floor":2.0},{"not_picked":["Rupture","Twin Strike"],"picked":"Carnage","floor":3.0},{"not_picked":["Shrug It Off","Disarm"],"picked":"Double Tap","floor":6.0},{"not_picked":["Reckless Charge","Clothesline"],"picked":"Shrug It Off","floor":10.0},{"not_picked":["Body Slam","Twin Strike"],"picked":"Armaments","floor":12.0},{"not_picked":["Pommel Strike","Pummel"],"picked":"Flame Barrier","floor":13.0},{"not_picked":["Berserk","Brutality"],"picked":"Feed","floor":16.0},{"not_picked":["Carnage","Rupture+1"],"picked":"Anger+1","floor":18.0},{"not_picked":["Flame Barrier+1","Burning Pact"],"picked":"Wild Strike+1","floor":20.0},{"not_picked":["Flex","Hemokinesis","Iron Wave+1"],"picked":"SKIP","floor":21.0},{"not_picked":["Warcry","Flex+1"],"picked":"Clothesline+1","floor":22.0},{"not_picked":["Burning Pact+1","Searing Blow+1"],"picked":"Battle Trance+1","floor":25.0},{"not_picked":["Pummel","Anger"],"picked":"Bloodletting+1","floor":29.0},{"not_picked":["Anger+1","Iron Wave"],"picked":"Corruption+1","floor":31.0},{"not_picked":["Limit Break","Brutality"],"picked":"Impervious","floor":33.0},{"not_picked":["Anger","Body Slam"],"picked":"Shrug It Off+1","floor":35.0},{"not_picked":["Flex+1","Clothesline+1"],"picked":"Infernal Blade+1","floor":37},{"not_picked":["Anger","Clothesline"],"picked":"Havoc+1","floor":38},{"not_picked":["Pummel+1","Ghostly Armor"],"picked":"Spot Weakness","floor":39},{"not_picked":["Power Through","Warcry+1"],"picked":"Demon Form","floor":41},{"not_picked":["Anger+1","Iron Wave"],"picked":"Seeing Red+1","floor":42},{"not_picked":["Havoc+1","Wild Strike+1","Blood for Blood+1"],"picked":"SKIP","floor":44},{"not_picked":["Pommel Strike+1","Havoc+1"],"picked":"Uppercut+1","floor":45},{"not_picked":["Warcry+1","Sword Boomerang+1"],"picked":"Inflame","floor":46},{"not_picked":["Anger+1","Immolate"],"picked":"Headbutt","floor":48},{"not_picked":["Iron Wave","Dark Embrace"],"picked":"Feel No Pain","floor":54}],"player_experience":221527,"relics_obtained":[{"floor":6.0,"key":"StoneCalendar"},{"floor":12.0,"key":"War Paint"},{"floor":25.0,"key":"Bag of Preparation"},{"floor":26.0,"key":"Strawberry"},{"floor":28.0,"key":"Pen Nib"},{"floor":29.0,"key":"Whetstone"},{"floor":39,"key":"Bird Faced Urn"},{"floor":42,"key":"Dodecahedron"},{"floor":43,"key":"Orichalcum"},{"floor":46,"key":"MawBank"},{"floor":54,"key":"Lantern"}],"event_choices":[{"damage_healed":0.0,"max_hp_gain":0.0,"max_hp_loss":0.0,"gold_gain":0.0,"event_name":"Shining Light","player_choice":"Entered Light","floor":4.0,"gold_loss":0.0,"damage_taken":18.0,"cards_upgraded":["Strike_R","Strike_R"]},{"damage_healed":0.0,"max_hp_gain":0.0,"max_hp_loss":0.0,"gold_gain":0.0,"event_name":"Golden Idol","player_choice":"Take Damage","floor":5.0,"gold_loss":0.0,"damage_taken":22.0,"relics_obtained":["Golden Idol"]},{"damage_healed":0.0,"max_hp_gain":0.0,"max_hp_loss":0.0,"gold_gain":100.0,"event_name":"Golden Shrine","player_choice":"Pray","floor":14.0,"gold_loss":0.0,"damage_taken":0.0},{"damage_healed":0.0,"max_hp_gain":0.0,"max_hp_loss":0.0,"gold_gain":0.0,"event_name":"Upgrade Shrine","player_choice":"Upgraded","floor":24.0,"gold_loss":0.0,"damage_taken":0.0,"cards_upgraded":["Double Tap"]},{"damage_healed":0,"gold_gain":0,"player_choice":"Fight","damage_taken":0,"max_hp_gain":0,"max_hp_loss":0,"event_name":"MindBloom","floor":39,"gold_loss":0},{"damage_healed":0,"gold_gain":0,"player_choice":"Embrace Madness","damage_taken":13,"max_hp_gain":0,"max_hp_loss":0,"event_name":"Winding Halls","floor":47,"gold_loss":0,"cards_obtained":["Madness","Madness"]}],"is_beta":false,"boss_relics":[{"not_picked":["Runic Dome","Coffee Dripper"],"picked":"Snecko Eye"},{"not_picked":["Orrery","Sozu"],"picked":"Black Blood"}],"items_purged_floors":[53],"is_endless":false,"potions_floor_spawned":[3,10,12,13,16,20,22,29,33,37,39,44,45,46,48],"killed_by":"The Heart","ascension_level":2}