{"gold_per_floor":[113,188,208,208,283,308,335,335,361,374,48,74,94,113,113,212,212],"floor_reached":17,"playtime":494,"items_purged":[],"score":238,"play_id":"01ba04e4-b2fa-4c6c-85b1-508947d0a06a","local_time":"20190321153811","is_ascension_mode":true,"campfire_choices":[{"data":"Noxious Fumes","floor":15,"key":"SMITH"}],"neow_cost":"NONE","seed_source_timestamp":716043503502495,"circlet_count":0,"master_deck":["Survivor","Neutralize","Dagger Throw","Flechettes","Expertise","Unload","Noxious Fumes+1","Riddle With Holes","Predator","Acrobatics","A Thousand Cuts"],"relics":["Ring of the Snake","NeowsBlessing","Art of War","Bag of Marbles","Oddly Smooth Stone","Pen Nib","Boot","Mummified Hand","Vajra","Pandora\u0027s Box"],"potions_floor_usage":[12,16,16],"damage_taken":[{"damage":0,"enemies":"Cultist","floor":1,"turns":1},{"damage":0,"enemies":"2 Louse","floor":3,"turns":1},{"damage":0,"enemies":"3 Sentries","floor":7,"turns":1},{"damage":0,"enemies":"Jaw Worm","floor":10,"turns":1},{"damage":16,"enemies":"Gremlin Nob","floor":12,"turns":3},{"damage":2,"enemies":"Looter","floor":13,"turns":2},{"damage":0,"enemies":"2 Fungi Beasts","floor":14,"turns":2},{"damage":22,"enemies":"Hexaghost","floor":16,"turns":7}],"seed_played":"608862265941797765","potions_obtained":[{"floor":7,"key":"FearPotion"},{"floor":10,"key":"Fire Potion"},{"floor":13,"key":"AttackPotion"},{"floor":14,"key":"Dexterity Potion"},{"floor":16,"key":"Weak Potion"}],"is_trial":false,"path_per_floor":["M","T","M","?","?","T","E","?","T","M","$","E","M","M","R","B",null],"character_chosen":"THE_SILENT","items_purchased":["Mummified Hand","Noxious Fumes"],"campfire_rested":0,"item_purchase_floors":[11,11],"current_hp_per_floor":[70,70,70,67,56,56,56,56,56,56,56,40,38,38,38,16,16],"gold":212,"neow_bonus":"THREE_ENEMY_KILL","is_prod":false,"is_daily":false,"chose_seed":false,"campfire_upgraded":1,"win_rate":0,"timestamp":1553207891,"path_taken":["M","?","M","?","?","?","E","?","T","M","$","E","M","M","R","BOSS"],"build_version":"2019-01-23","purchased_purges":0,"victory":false,"max_hp_per_floor":[70,70,70,70,70,70,70,70,70,70,70,70,70,70,70,70,70],"card_choices":[{"not_picked":["Concentrate","Quick Slash"],"picked":"Dagger Throw","floor":1},{"not_picked":["Blade Dance","Deflect"],"picked":"Flechettes","floor":3},{"not_picked":["Dagger Throw","Dodge and Roll"],"picked":"Expertise","floor":7},{"not_picked":["PiercingWail","Slice"],"picked":"Unload","floor":10},{"not_picked":["Leg Sweep","Finisher"],"picked":"Riddle With Holes","floor":12},{"not_picked":["Masterful Stab","Bane"],"picked":"Predator","floor":13},{"not_picked":["Leg Sweep","Quick Slash"],"picked":"Acrobatics","floor":14},{"not_picked":["Venomology","Burst"],"picked":"A Thousand Cuts","floor":16}],"player_experience":366662,"relics_obtained":[{"floor":6,"key":"Bag of Marbles"},{"floor":7,"key":"Oddly Smooth Stone"},{"floor":9,"key":"Boot"},{"floor":12,"key":"Vajra"}],"event_choices":[{"damage_healed":0,"gold_gain":0,"player_choice":"Success","damage_taken":3,"relics_obtained":["Art of War"],"max_hp_gain":0,"max_hp_loss":0,"event_name":"Scrap Ooze","floor":4,"gold_loss":0},{"damage_healed":0,"gold_gain":75,"player_choice":"Gather Gold","damage_taken":11,"max_hp_gain":0,"max_hp_loss":0,"event_name":"World of Goop","floor":5,"gold_loss":0},{"damage_healed":0,"gold_gain":0,"player_choice":"Searched \u00272\u0027 times","damage_taken":0,"relics_obtained":["Pen Nib"],"max_hp_gain":0,"max_hp_loss":0,"event_name":"Dead Adventurer","floor":8,"gold_loss":0}],"is_beta":false,"boss_relics":[{"not_picked":["Empty Cage","Black Star"],"picked":"Pandora\u0027s Box"}],"items_purged_floors":[],"is_endless":false,"potions_floor_spawned":[7,10,13,14,16],"ascension_level":5}