{"gold_per_floor":[117,117,137,147,112,147,147,147],"floor_reached":8,"playtime":334,"items_purged":[],"score":81,"play_id":"40a7c98c-25e3-4ff2-9d54-67e1b283b3ea","local_time":"20180917072508","is_ascension_mode":true,"campfire_choices":[{"data":"White Noise","floor":7,"key":"SMITH"}],"neow_cost":"NONE","seed_source_timestamp":378372418235655,"circlet_count":0,"master_deck":["Strike_B","Strike_B+1","Strike_B","Strike_B","Defend_B","Defend_B","Defend_B","Defend_B","Zap","Dualcast","Capacitor","Ball Lightning","Self Repair+1","Barrage","Rebound","Leap","White Noise+1","Thunder Strike","Self Repair"],"relics":["Orrery","Kunai"],"potions_floor_usage":[8],"damage_taken":[{"damage":7,"enemies":"Jaw Worm","floor":1,"turns":2},{"damage":12,"enemies":"Small Slimes","floor":3,"turns":4},{"damage":0,"enemies":"2 Louse","floor":4,"turns":3},{"damage":36,"enemies":"3 Sentries","floor":6,"turns":5},{"damage":49,"enemies":"Gremlin Nob","floor":8,"turns":4}],"seed_played":"-4512099907059313717","potions_obtained":[{"floor":3,"key":"Dexterity Potion"}],"is_trial":false,"path_per_floor":["M","?","M","M","?","E","R"],"character_chosen":"DEFECT","items_purchased":[],"campfire_rested":0,"item_purchase_floors":[],"current_hp_per_floor":[61,46,44,54,72,46,46,0],"gold":147,"neow_bonus":"BOSS_RELIC","is_prod":false,"is_daily":false,"chose_seed":false,"campfire_upgraded":1,"win_rate":0,"timestamp":1537183508,"path_taken":["M","?","?","M","?","E","R","E"],"build_version":"2018-09-06","purchased_purges":0,"victory":false,"max_hp_per_floor":[75,75,75,75,75,75,75,75],"card_choices":[{"not_picked":["Compile Driver","Ball Lightning"],"picked":"Capacitor","floor":0},{"not_picked":["Loop","Melter"],"picked":"Ball Lightning","floor":0},{"not_picked":["Force Field","Ball Lightning"],"picked":"Self Repair","floor":0},{"not_picked":["Chaos","Streamline"],"picked":"Barrage","floor":0},{"not_picked":["Cold Snap","Coolheaded"],"picked":"Rebound","floor":0},{"not_picked":["Force Field","Ball Lightning"],"picked":"Leap","floor":1},{"not_picked":["Sweeping Beam","Compile Driver"],"picked":"White Noise","floor":3},{"not_picked":["Blizzard","Beam Cell"],"picked":"Thunder Strike","floor":4},{"not_picked":["Rebound","Skim"],"picked":"Self Repair","floor":6}],"player_experience":544442,"relics_obtained":[{"floor":6,"key":"Kunai"}],"event_choices":[{"event_name":"Shining Light","player_choice":"Entered Light","floor":2,"damage_taken":0},{"event_name":"The Cleric","player_choice":"Healed","floor":5,"damage_taken":0}],"is_beta":false,"boss_relics":[],"items_purged_floors":[],"is_endless":false,"potions_floor_spawned":[3],"killed_by":"Gremlin Nob","ascension_level":9}