{"gold_per_floor":[19,29,29,40,40,40,71,71,126,126,196,231,261,291,291,393,393,410,78,88,106,106,106,141,141,141,154,154,180,199,210],"floor_reached":31,"playtime":1018,"items_purged":[],"score":328,"play_id":"3e7829b6-55a3-4611-8253-b1f8a0e43611","local_time":"20180904140429","is_ascension_mode":true,"campfire_choices":[{"data":"Zap","floor":6,"key":"SMITH"},{"floor":8,"key":"REST"},{"data":"Dualcast","floor":10,"key":"SMITH"},{"floor":15,"key":"REST"},{"floor":23,"key":"REST"},{"floor":25,"key":"REST"},{"floor":28,"key":"REST"}],"neow_cost":"NO_GOLD","seed_source_timestamp":373070444777748,"circlet_count":0,"master_deck":["Strike_B","Strike_B+1","Strike_B+1","Defend_B","Defend_B","Defend_B","Zap+1","Dualcast+1","Melter","Scrape","Doom and Gloom","Redo+1","Double Energy","Turbo","Beam Cell","Auto Shields","Creative AI","Trip","Leap","Loop"],"relics":["Cracked Core","Orichalcum","Regal Pillow","Bottled Lightning","Odd Mushroom","Juzu Bracelet","Busted Crown","Ornamental Fan","Bottled Tornado","Dream Catcher","Whetstone"],"potions_floor_usage":[7,12,12,24,30],"damage_taken":[{"damage":0,"enemies":"Cultist","floor":1,"turns":2},{"damage":12,"enemies":"Small Slimes","floor":2,"turns":2},{"damage":9,"enemies":"Jaw Worm","floor":4,"turns":3},{"damage":15,"enemies":"Lagavulin","floor":7,"turns":4},{"damage":5,"enemies":"3 Sentries","floor":12,"turns":3},{"damage":17,"enemies":"The Mushroom Lair","floor":13,"turns":4},{"damage":30,"enemies":"Lagavulin","floor":14,"turns":4},{"damage":12,"enemies":"Hexaghost","floor":16,"turns":9},{"damage":24,"enemies":"Shell Parasite","floor":18,"turns":6},{"damage":24,"enemies":"2 Thieves","floor":20,"turns":4},{"damage":22,"enemies":"Snake Plant","floor":21,"turns":4},{"damage":58,"enemies":"Gremlin Leader","floor":24,"turns":6},{"damage":25,"enemies":"3 Cultists","floor":27,"turns":6},{"damage":27,"enemies":"Centurion and Healer","floor":30,"turns":6},{"damage":24,"enemies":"Snecko","floor":31,"turns":5}],"seed_played":"-2314491156215812988","potions_obtained":[{"floor":1,"key":"Weak Potion"},{"floor":4,"key":"Swift Potion"},{"floor":7,"key":"Energy Potion"},{"floor":21,"key":"Dexterity Potion"},{"floor":27,"key":"Ancient Potion"}],"is_trial":false,"path_per_floor":["M","M","$","M","?","R","E","R","T","R","?","E","?","E","R","B",null,"M","$","M","M","?","R","E","R","T","M","R","T","M"],"character_chosen":"DEFECT","items_purchased":["Trip","Ornamental Fan"],"campfire_rested":5,"item_purchase_floors":[19,19],"current_hp_per_floor":[75,63,63,54,54,54,39,61,61,61,61,56,39,9,46,34,75,51,51,27,5,30,67,9,46,46,21,58,58,31,7],"gold":210,"neow_bonus":"TRANSFORM_TWO_CARDS","is_prod":false,"is_daily":false,"chose_seed":false,"campfire_upgraded":2,"win_rate":0,"timestamp":1536084269,"path_taken":["M","?","$","?","?","R","E","R","T","R","?","E","?","E","R","BOSS","M","$","M","M","?","R","E","R","T","M","R","?","M","M"],"build_version":"2018-08-30","purchased_purges":0,"victory":false,"max_hp_per_floor":[75,75,75,75,75,75,75,75,75,75,75,75,75,75,75,75,75,75,75,75,75,75,75,75,75,75,75,75,75,75,75],"card_choices":[{"not_picked":["Loop","Coolheaded"],"picked":"Doom and Gloom","floor":1},{"not_picked":["Heatsinks","Stack","Barrage"],"picked":"SKIP","floor":2},{"not_picked":["Consume","Reinforced Body"],"picked":"Redo","floor":4},{"not_picked":["Conserve Battery","Stack"],"picked":"Double Energy","floor":7},{"not_picked":["Stack","Static Discharge"],"picked":"Turbo","floor":12},{"not_picked":["Cold Snap","Ball Lightning"],"picked":"Beam Cell","floor":13},{"not_picked":["Ball Lightning","BootSequence"],"picked":"Auto Shields","floor":14},{"not_picked":["Biased Cognition","Multi-Cast"],"picked":"Creative AI","floor":16},{"not_picked":["Steam"],"picked":"SKIP","floor":18},{"not_picked":["Redo"],"picked":"SKIP","floor":20},{"not_picked":[],"picked":"Leap","floor":21},{"not_picked":["Static Discharge"],"picked":"SKIP","floor":24},{"not_picked":[],"picked":"Loop","floor":27},{"not_picked":["Streamline+1"],"picked":"SKIP","floor":30},{"not_picked":["Ball Lightning"],"picked":"SKIP","floor":31}],"player_experience":501538,"relics_obtained":[{"floor":7,"key":"Orichalcum"},{"floor":9,"key":"Regal Pillow"},{"floor":12,"key":"Bottled Lightning"},{"floor":13,"key":"Odd Mushroom"},{"floor":14,"key":"Juzu Bracelet"},{"floor":24,"key":"Bottled Tornado"},{"floor":26,"key":"Dream Catcher"},{"floor":29,"key":"Whetstone"}],"event_choices":[{"event_name":"Living Wall","player_choice":"Grow","floor":5,"damage_taken":0},{"event_name":"Golden Wing","player_choice":"Gained Gold","floor":11,"damage_taken":0},{"event_name":"Mushrooms","player_choice":"Fought Mushrooms","floor":13,"damage_taken":0},{"event_name":"The Library","player_choice":"Heal","floor":22,"damage_taken":0}],"is_beta":false,"boss_relics":[{"not_picked":["Ectoplasm","Calling Bell"],"picked":"Busted Crown"}],"items_purged_floors":[],"is_endless":false,"potions_floor_spawned":[1,4,7,21,27],"killed_by":"Snecko","ascension_level":4}