{"path_per_floor":["M","M","$","M","?","R","?","R","T","E","R","M","M","M","R","B",null,"M","?","T","?","M","R","?","R","T","?","$","E","R","$","R","B",null,"M","M","?","?","M","R","E","R","T","E","R","?","$","$","R","B"],"character_chosen":"DEFECT","items_purchased":["Echo Form","Mind Blast","Glacier","FearPotion"],"gold_per_floor":[111,122,47,62,237,237,187,187,187,219,219,232,252,269,269,365,365,382,382,463,378,397,397,322,322,348,348,0,31,31,31,31,134,134,151,166,166,166,185,185,219,219,219,251,251,251,90,41,41,41],"floor_reached":51,"campfire_rested":6,"playtime":2039,"current_hp_per_floor":[80,72,72,71,71,71,71,71,71,38,64,59,50,50,50,9,69,63,63,63,63,52,52,52,52,52,81,81,55,55,55,81,32,75,50,38,78,88,43,69,26,52,52,35,61,61,61,61,87,30],"items_purged":["Writhe","Pain","Injury"],"gold":41,"score":984,"play_id":"84223b3a-97fb-4c4c-9898-04c571d14a7a","local_time":"20180517100204","is_prod":false,"is_daily":false,"chose_seed":false,"is_ascension_mode":true,"campfire_upgraded":6,"timestamp":1526565724,"campfire_choices":[{"data":"Darkness","floor":6.0,"key":"SMITH"},{"data":"Dualcast","floor":8.0,"key":"SMITH"},{"floor":11.0,"key":"REST"},{"data":"Lockon","floor":15.0,"key":"SMITH"},{"data":"Rainbow","floor":23.0,"key":"SMITH"},{"data":"White Noise","floor":25.0,"key":"SMITH"},{"data":"Echo Form","floor":30.0,"key":"SMITH"},{"floor":32.0,"key":"REST"},{"floor":40.0,"key":"REST"},{"floor":42.0,"key":"REST"},{"floor":45.0,"key":"REST"},{"floor":49.0,"key":"REST"}],"path_taken":["M","M","$","M","?","R","?","R","T","E","R","M","M","M","R","BOSS","M","?","?","?","?","R","?","R","T","?","$","E","R","$","R","BOSS","M","M","?","?","?","R","E","R","T","E","R","?","?","$","R","BOSS"],"build_version":"2018-05-16","seed_source_timestamp":0,"purchased_purges":3,"victory":true,"master_deck":["Strike_B","Strike_B","Strike_B+1","Strike_B","Defend_B+1","Defend_B","Defend_B+1","Defend_B","Zap","Dualcast+1","Darkness+1","Doom and Gloom","Go for the Eyes","White Noise+1","Hologram","Steam Power","Lockon+1","Rainbow+1","Sunder+1","Echo Form+1","Mind Blast+1","Meteor Strike","Hologram+1","Skim+1","Double Energy+1","BootSequence+1","Dark Shackles+1","Glacier+1"],"max_hp_per_floor":[89,89,89,89,89,89,89,89,89,89,89,89,89,89,89,89,89,89,89,89,89,89,89,89,89,89,89,89,89,89,89,89,89,89,89,89,78,88,88,88,88,88,88,88,88,88,88,88,88,88],"relics":["Cracked Core","Bottled Lightning","Cursed Key","Nloth\u0027s Gift","Question Card","Bag of Preparation","Oddly Smooth Stone","Peace Pipe","Philosopher\u0027s Stone","Whetstone","Bag of Marbles","Toxic Egg 2"],"card_choices":[{"not_picked":["Axe Kick","Steam"],"picked":"Darkness","floor":1.0},{"not_picked":["Darkness","Cold Snap"],"picked":"Doom and Gloom","floor":2.0},{"not_picked":["Barrage","Doom and Gloom"],"picked":"Go for the Eyes","floor":4.0},{"not_picked":["Rebound","Ball Lightning"],"picked":"White Noise","floor":10.0},{"not_picked":["Sweeping Beam","Fusion"],"picked":"Hologram","floor":12.0},{"not_picked":["Streamline","Cold Snap"],"picked":"Steam Power","floor":13.0},{"not_picked":["Barrage","Doom and Gloom"],"picked":"Lockon","floor":14.0},{"not_picked":["Reboot","Thunder Strike"],"picked":"Rainbow","floor":16.0},{"not_picked":["Beam Cell","Rebound"],"picked":"Sunder+1","floor":18.0},{"not_picked":["Barrage","Steam","Rebound","Sweeping Beam+1"],"picked":"SKIP","floor":22.0},{"not_picked":["Rebound","Ball Lightning","Multi-Cast","Leap"],"picked":"SKIP","floor":29.0},{"not_picked":["Fission","Electrodynamics","Machine Learning"],"picked":"Meteor Strike","floor":33.0},{"not_picked":["Fusion","Redo","Go for the Eyes"],"picked":"Hologram+1","floor":35.0},{"not_picked":["Stack","Leap","Streamline"],"picked":"Machine Learning","floor":36.0},{"not_picked":["Rebound+1","Go for the Eyes","Cold Snap"],"picked":"Skim+1","floor":39.0},{"not_picked":["Streamline+1","Seek","Ball Lightning"],"picked":"Double Energy+1","floor":41.0},{"not_picked":["Redo","Echo Form","Beam Cell+1"],"picked":"BootSequence+1","floor":44.0},{"not_picked":["Good Instincts","Mind Blast","Finesse"],"picked":"Dark Shackles","floor":46.0}],"player_experience":92984,"potions_floor_usage":[50],"damage_taken":[{"damage":2.0,"enemies":"2 Louse","floor":1.0,"turns":2.0},{"damage":8.0,"enemies":"Jaw Worm","floor":2.0,"turns":4.0},{"damage":1.0,"enemies":"Cultist","floor":4.0,"turns":4.0},{"damage":33.0,"enemies":"Gremlin Nob","floor":10.0,"turns":4.0},{"damage":5.0,"enemies":"2 Fungi Beasts","floor":12.0,"turns":3.0},{"damage":9.0,"enemies":"Exordium Wildlife","floor":13.0,"turns":3.0},{"damage":0.0,"enemies":"Large Slime","floor":14.0,"turns":2.0},{"damage":41.0,"enemies":"Hexaghost","floor":16.0,"turns":9.0},{"damage":6.0,"enemies":"3 Byrds","floor":18.0,"turns":4.0},{"damage":18.0,"enemies":"Shell Parasite","floor":22.0,"turns":3.0},{"damage":33.0,"enemies":"Slavers","floor":29.0,"turns":5.0},{"damage":49.0,"enemies":"Collector","floor":33.0,"turns":8.0},{"damage":25.0,"enemies":"3 Darklings","floor":35.0,"turns":4.0},{"damage":12.0,"enemies":"Flame Bruiser 1 Orb","floor":36.0,"turns":5.0},{"damage":45.0,"enemies":"4 Shapes","floor":39.0,"turns":4.0},{"damage":43.0,"enemies":"Nemesis","floor":41.0,"turns":5.0},{"damage":17.0,"enemies":"2 Orb Walkers","floor":44.0,"turns":3.0},{"damage":57,"enemies":"Time Eater","floor":50,"turns":10}],"relics_obtained":[{"floor":9.0,"key":"War Paint"},{"floor":10.0,"key":"Bottled Lightning"},{"floor":20.0,"key":"Question Card"},{"floor":26.0,"key":"Oddly Smooth Stone"},{"floor":29.0,"key":"Peace Pipe"},{"floor":41.0,"key":"Whetstone"},{"floor":43.0,"key":"Bag of Marbles"},{"floor":44.0,"key":"Toxic Egg 2"}],"event_choices":[{"event_name":"Liars Game","player_choice":"agreed","floor":5.0,"damage_taken":0.0},{"event_name":"The Cleric","player_choice":"Card Removal","floor":7.0,"damage_taken":0.0},{"event_name":"N\u0027loth","player_choice":"Traded a War Paint","floor":19.0,"damage_taken":0.0},{"event_name":"Addict","player_choice":"Obtained Relic","floor":21.0,"damage_taken":0.0},{"event_name":"Beggar","player_choice":"Gave Gold","floor":24.0,"damage_taken":0.0},{"event_name":"The Library","player_choice":"Heal","floor":27.0,"damage_taken":0.0},{"event_name":"The Moai Head","player_choice":"Heal","floor":37.0,"damage_taken":0.0},{"event_name":"Bonfire Elementals","player_choice":"RARE","floor":38.0,"damage_taken":0.0},{"event_name":"SensoryStone","player_choice":"Memory 1","floor":46.0,"damage_taken":0.0}],"boss_relics":[],"potions_floor_spawned":[2,4,10,12,14,18,33,35,36,41],"seed_played":"3873680481237518334","ascension_level":8,"potions_obtained":[{"floor":2.0,"key":"Weak Potion"},{"floor":4.0,"key":"EssenceOfSteel"},{"floor":10.0,"key":"Fire Potion"},{"floor":14.0,"key":"GamblersBrew"},{"floor":18.0,"key":"SpeedPotion"},{"floor":33.0,"key":"PowerPotion"},{"floor":35.0,"key":"Energy Potion"},{"floor":36.0,"key":"SkillPotion"},{"floor":41.0,"key":"Explosive Potion"}],"is_trial":false}