{"gold_per_floor":[211,223,25,39,53,86,86,101,179,179,179,194,194,220,220,320,320,336,126,41,41,61,91,91,122,172,203,219,219,230,230,230,328,328,345,345,270,283,298,317,317,327,327,29,46,74,174,188,188,188],"floor_reached":51,"playtime":5120,"items_purged":["Pain","Regret"],"score":1060,"play_id":"d2a9ff1a-cbb5-4818-a966-55acb4e68b7d","local_time":"20190122005138","is_ascension_mode":true,"campfire_choices":[{"data":"Body Slam","floor":7.0,"key":"SMITH"},{"data":"Armaments","floor":10.0,"key":"SMITH"},{"data":"Body Slam","floor":13.0,"key":"SMITH"},{"data":"Flame Barrier","floor":15.0,"key":"SMITH"},{"floor":24.0,"key":"REST"},{"data":"Iron Wave","floor":29.0,"key":"SMITH"},{"data":"Iron Wave","floor":32.0,"key":"SMITH"},{"floor":41.0,"key":"REST"},{"floor":49,"key":"REST"}],"neow_cost":"NONE","seed_source_timestamp":0,"circlet_count":0,"master_deck":["Strike_R","Strike_R","Strike_R","Strike_R","Defend_R+1","Defend_R+1","Defend_R","Defend_R","Bash","Iron Wave+1","Armaments+1","Clothesline","Body Slam+1","Body Slam+1","Flame Barrier+1","Iron Wave+1","Battle Trance","Ghostly Armor","Juggernaut","Clothesline+1","Infernal Blade+1","Pommel Strike+1","Barricade","Uppercut+1","Wild Strike+1","Flame Barrier+1","Wild Strike+1"],"special_seed":0,"relics":["Burning Blood","Medical Kit","War Paint","Mercury Hourglass","Odd Mushroom","Sozu","TheAbacus","Torii","Nilry\u0027s Codex","Orichalcum","Pear","Omamori","Ornamental Fan","Calling Bell","Dream Catcher","Meat on the Bone","Bird Faced Urn","WarpedTongs","Frozen Egg 2","DollysMirror","Mango","Girya"],"potions_floor_usage":[],"damage_taken":[{"damage":15.0,"enemies":"Small Slimes","floor":1.0,"turns":5.0},{"damage":1.0,"enemies":"Cultist","floor":2.0,"turns":3.0},{"damage":1.0,"enemies":"2 Louse","floor":4.0,"turns":4.0},{"damage":8.0,"enemies":"Large Slime","floor":5.0,"turns":6.0},{"damage":23.0,"enemies":"Gremlin Nob","floor":6.0,"turns":5.0},{"damage":3.0,"enemies":"Looter","floor":8.0,"turns":3.0},{"damage":7.0,"enemies":"Red Slaver","floor":12.0,"turns":4.0},{"damage":0.0,"enemies":"The Mushroom Lair","floor":14.0,"turns":3.0},{"damage":0.0,"enemies":"The Guardian","floor":16.0,"turns":9.0},{"damage":0.0,"enemies":"Shell Parasite","floor":18.0,"turns":4.0},{"damage":0.0,"enemies":"Chosen","floor":22.0,"turns":4.0},{"damage":22.0,"enemies":"Gremlin Leader","floor":23.0,"turns":5.0},{"damage":18.0,"enemies":"Slavers","floor":25.0,"turns":4.0},{"damage":3.0,"enemies":"Book of Stabbing","floor":27.0,"turns":5.0},{"damage":1.0,"enemies":"Snecko","floor":28.0,"turns":4.0},{"damage":0.0,"enemies":"Cultist and Chosen","floor":30.0,"turns":4.0},{"damage":41.0,"enemies":"Collector","floor":33.0,"turns":9.0},{"damage":27.0,"enemies":"3 Darklings","floor":35.0,"turns":6.0},{"damage":1.0,"enemies":"Orb Walker","floor":38.0,"turns":2.0},{"damage":24.0,"enemies":"Maw","floor":39.0,"turns":8.0},{"damage":28.0,"enemies":"Transient","floor":40.0,"turns":5.0},{"damage":11,"enemies":"Spire Growth","floor":42,"turns":4},{"damage":0,"enemies":"Jaw Worm Horde","floor":45,"turns":4},{"damage":33,"enemies":"Reptomancer","floor":46,"turns":8},{"damage":5,"enemies":"Mind Bloom Boss Battle","floor":47,"turns":7},{"damage":32,"enemies":"3 Darklings","floor":48,"turns":7},{"damage":82,"enemies":"Awakened One","floor":50,"turns":16}],"seed_played":"-8670292192183817246","potions_obtained":[{"floor":4.0,"key":"Fire Potion"},{"floor":6.0,"key":"Dexterity Potion"},{"floor":8.0,"key":"SteroidPotion"},{"floor":14.0,"key":"EssenceOfSteel"}],"is_trial":false,"path_per_floor":["M","M","$","M","M","E","R","M","T","R","?","M","R","?","R","B",null,"M","$","?","?","M","E","R","E","T","E","M","R","M","?","R","B",null,"M","?","$","M","M","M","R","M","T","$","M","E","?","M","R","B",null],"character_chosen":"IRONCLAD","items_purchased":["Medical Kit","TheAbacus","DollysMirror"],"campfire_rested":3,"item_purchase_floors":[3,19,44],"current_hp_per_floor":[63,68,68,73,71,54,54,57,57,57,57,56,56,62,62,68,77,80,80,80,64,70,54,78,76,76,79,84,84,90,90,90,55,81,64,64,64,69,55,45,72,67,67,67,73,76,81,69,100,40],"gold":188,"neow_bonus":"HUNDRED_GOLD","is_prod":false,"is_daily":false,"chose_seed":false,"campfire_upgraded":6,"win_rate":0,"timestamp":1548114698,"path_taken":["M","M","$","M","M","E","R","M","T","R","?","?","R","?","R","BOSS","M","$","?","?","M","E","R","E","T","E","M","R","M","?","R","BOSS","M","?","$","M","?","M","R","M","T","$","M","E","?","M","R","BOSS"],"build_version":"2019-01-17v2","purchased_purges":2,"victory":true,"max_hp_per_floor":[80,80,80,80,80,80,80,80,80,80,80,80,80,80,80,80,80,80,80,80,80,80,80,80,90,90,90,90,90,90,90,90,90,90,90,90,90,90,90,90,90,90,90,90,90,104,104,104,104,104],"card_choices":[{"not_picked":["Havoc","Bloodletting"],"picked":"Iron Wave","floor":1.0},{"not_picked":["Wild Strike","Perfected Strike"],"picked":"Armaments","floor":2.0},{"not_picked":["Iron Wave","Havoc"],"picked":"Clothesline","floor":4.0},{"not_picked":["Searing Blow","Rage"],"picked":"Body Slam","floor":5.0},{"not_picked":["Anger","Dark Embrace"],"picked":"Body Slam","floor":6.0},{"not_picked":["Heavy Blade","Havoc"],"picked":"Flame Barrier","floor":8.0},{"not_picked":["Wild Strike","Shockwave"],"picked":"Battle Trance","floor":12.0},{"not_picked":["Entrench","True Grit"],"picked":"Ghostly Armor","floor":14.0},{"not_picked":["Bludgeon","Berserk"],"picked":"Juggernaut","floor":16.0},{"not_picked":["Pummel","Bloodletting","Clash"],"picked":"SKIP","floor":18.0},{"not_picked":["Pummel","Anger"],"picked":"Clothesline+1","floor":22.0},{"not_picked":["Burning Pact+1","Second Wind+1","Infernal Blade"],"picked":"SKIP","floor":23.0},{"not_picked":["Twin Strike","Flex"],"picked":"Infernal Blade+1","floor":25.0},{"not_picked":["Anger","Warcry","Exhume"],"picked":"SKIP","floor":27.0},{"not_picked":["Sever Soul","Clothesline"],"picked":"Pommel Strike+1","floor":28.0},{"not_picked":["Twin Strike+1","Seeing Red","Anger+1"],"picked":"SKIP","floor":30.0},{"not_picked":["Immolate","Brutality"],"picked":"Barricade","floor":33.0},{"not_picked":["Havoc","Fire Breathing","Heavy Blade"],"picked":"SKIP","floor":35.0},{"not_picked":["Pummel+1","Fire Breathing+1","Armaments+1"],"picked":"SKIP","floor":38.0},{"not_picked":["Flex+1","Shrug It Off"],"picked":"Uppercut+1","floor":39.0},{"not_picked":["Cleave","Heavy Blade","Dual Wield+1"],"picked":"SKIP","floor":40.0},{"not_picked":["Intimidate","Body Slam+1"],"picked":"Wild Strike+1","floor":41.0},{"not_picked":["Sword Boomerang+1","Reaper","Iron Wave"],"picked":"SKIP","floor":42},{"not_picked":["Clash","Combust+1","Feel No Pain+1"],"picked":"SKIP","floor":45},{"not_picked":["Hemokinesis+1","Dual Wield","Iron Wave"],"picked":"SKIP","floor":46},{"not_picked":["Brutality+1","Iron Wave"],"picked":"Wild Strike+1","floor":48}],"player_experience":342156,"relics_obtained":[{"floor":6.0,"key":"War Paint"},{"floor":9.0,"key":"Mercury Hourglass"},{"floor":14.0,"key":"Odd Mushroom"},{"floor":21.0,"key":"Nilry\u0027s Codex"},{"floor":23.0,"key":"Orichalcum"},{"floor":25.0,"key":"Pear"},{"floor":26.0,"key":"Omamori"},{"floor":27.0,"key":"Ornamental Fan"},{"floor":34.0,"key":"Dream Catcher"},{"floor":34.0,"key":"Meat on the Bone"},{"floor":34.0,"key":"Bird Faced Urn"},{"floor":43,"key":"Frozen Egg 2"},{"floor":46,"key":"Mango"},{"floor":47,"key":"Girya"}],"event_choices":[{"damage_healed":0.0,"max_hp_gain":0.0,"max_hp_loss":0.0,"gold_gain":0.0,"cards_transformed":["Strike_R"],"event_name":"Transmorgrifier","player_choice":"Transformed","floor":11.0,"gold_loss":0.0,"damage_taken":0.0,"cards_obtained":["Iron Wave"]},{"damage_healed":0.0,"max_hp_gain":0.0,"max_hp_loss":0.0,"gold_gain":0.0,"event_name":"Mushrooms","player_choice":"Fought Mushrooms","floor":14.0,"gold_loss":0.0,"damage_taken":0.0},{"damage_healed":0.0,"max_hp_gain":0.0,"max_hp_loss":0.0,"gold_gain":0.0,"event_name":"Addict","player_choice":"Obtained Relic","floor":20.0,"gold_loss":85.0,"damage_taken":0.0,"relics_obtained":["Torii"]},{"damage_healed":0.0,"max_hp_gain":0.0,"max_hp_loss":0.0,"gold_gain":0.0,"event_name":"Cursed Tome","player_choice":"Obtained Book","floor":21.0,"gold_loss":0.0,"damage_taken":16.0},{"damage_healed":0.0,"max_hp_gain":0.0,"max_hp_loss":0.0,"gold_gain":0.0,"event_name":"Beggar","player_choice":"Ignored","floor":31.0,"gold_loss":0.0,"damage_taken":0.0},{"damage_healed":0.0,"max_hp_gain":0.0,"max_hp_loss":0.0,"gold_gain":0.0,"event_name":"Accursed Blacksmith","player_choice":"Rummage","floor":36.0,"gold_loss":0.0,"damage_taken":0.0,"relics_obtained":["WarpedTongs"],"cards_obtained":["Pain"]},{"damage_healed":0,"gold_gain":0,"player_choice":"Fight","damage_taken":0,"max_hp_gain":0,"max_hp_loss":0,"event_name":"MindBloom","floor":47,"gold_loss":0}],"is_beta":false,"boss_relics":[{"not_picked":["Lizard Tail","Black Star"],"picked":"Sozu"},{"not_picked":["Snecko Eye","Runic Dome"],"picked":"Calling Bell"}],"items_purged_floors":[37,44],"is_endless":false,"potions_floor_spawned":[4,6,8,14,18,23,25,28,38,45,48],"ascension_level":8}