{"gold_per_floor":[12,12,25,35,35,35,35,51,74,3,3,14,14,89,89,187,187,202,202,214,214,230,230],"floor_reached":23,"playtime":648,"items_purged":[],"score":226,"play_id":"73a635cf-7353-4509-8bef-f2ee0615f519","local_time":"20190402210619","is_ascension_mode":true,"campfire_choices":[{"data":"Chaos","floor":6,"key":"SMITH"},{"data":"Zap","floor":11,"key":"SMITH"},{"data":"Consume","floor":15,"key":"SMITH"}],"neow_cost":"NO_GOLD","seed_source_timestamp":1772363297961506,"circlet_count":0,"master_deck":["Strike_B","Strike_B","Strike_B","Strike_B","Defend_B+1","Defend_B","Defend_B","Zap+1","Dualcast","Echo Form","White Noise","Chaos+1","FTL","Chaos+1","Consume+1","Double Energy+1","Electrodynamics","Compile Driver+1","Leap","Turbo"],"relics":["Cracked Core","War Paint","Sozu","Vajra"],"potions_floor_usage":[16],"damage_taken":[{"damage":8,"enemies":"2 Louse","floor":1,"turns":2},{"damage":4,"enemies":"Small Slimes","floor":3,"turns":3},{"damage":11,"enemies":"Jaw Worm","floor":4,"turns":4},{"damage":2,"enemies":"3 Louse","floor":8,"turns":3},{"damage":10,"enemies":"Looter","floor":12,"turns":3},{"damage":4,"enemies":"Hexaghost","floor":16,"turns":8},{"damage":25,"enemies":"Shell Parasite","floor":18,"turns":5},{"damage":1,"enemies":"3 Byrds","floor":20,"turns":2},{"damage":32,"enemies":"Centurion and Healer","floor":22,"turns":4},{"damage":15,"enemies":"Slavers","floor":23,"turns":1}],"seed_played":"-601869181688996386","potions_obtained":[{"floor":12,"key":"Block Potion"},{"floor":16,"key":"SteroidPotion"}],"is_trial":false,"path_per_floor":["M","?","M","M","?","R","$","M","T","$","R","M","?","?","R","B",null,"M","?","M","?","M","E"],"character_chosen":"DEFECT","items_purchased":["Consume"],"campfire_rested":0,"item_purchase_floors":[10],"current_hp_per_floor":[67,67,63,52,45,45,45,43,43,43,43,33,33,22,22,18,61,36,36,35,35,3,0],"gold":230,"neow_bonus":"THREE_RARE_CARDS","is_prod":false,"is_daily":false,"chose_seed":false,"campfire_upgraded":3,"win_rate":0,"timestamp":1554264379,"path_taken":["M","?","M","M","?","R","?","M","T","$","R","M","?","?","R","BOSS","M","?","?","?","M","E"],"build_version":"2019-01-23","purchased_purges":0,"victory":false,"max_hp_per_floor":[75,75,75,75,75,75,75,75,75,75,75,75,75,75,75,75,75,75,75,75,75,75,75],"card_choices":[{"not_picked":["Fission","Meteor Strike"],"picked":"Echo Form","floor":0},{"not_picked":["Hologram","Gash"],"picked":"White Noise","floor":1},{"not_picked":["Turbo","Recycle"],"picked":"Chaos","floor":3},{"not_picked":["Barrage","Streamline"],"picked":"FTL","floor":4},{"not_picked":["Blizzard","Redo"],"picked":"Chaos","floor":8},{"not_picked":["Steam","Conserve Battery"],"picked":"Double Energy","floor":12},{"not_picked":["Hyperbeam","Meteor Strike"],"picked":"Electrodynamics","floor":16},{"not_picked":["Streamline","Fusion"],"picked":"Compile Driver+1","floor":18},{"not_picked":["Turbo","Melter"],"picked":"Leap","floor":20},{"not_picked":["Streamline+1","Compile Driver"],"picked":"Turbo","floor":22}],"player_experience":496388,"relics_obtained":[{"floor":9,"key":"War Paint"}],"event_choices":[{"damage_healed":0,"gold_gain":0,"player_choice":"Leave","damage_taken":0,"max_hp_gain":0,"max_hp_loss":0,"event_name":"The Cleric","floor":2,"gold_loss":0},{"cards_removed":["Defend_B"],"damage_healed":0,"gold_gain":0,"player_choice":"Card Removal","damage_taken":7,"max_hp_gain":0,"max_hp_loss":0,"event_name":"Golden Wing","floor":5,"gold_loss":0},{"damage_healed":0,"gold_gain":0,"player_choice":"Grow","damage_taken":0,"max_hp_gain":0,"max_hp_loss":0,"event_name":"Living Wall","floor":13,"gold_loss":0,"cards_upgraded":["Double Energy"]},{"damage_healed":0,"gold_gain":75,"player_choice":"Gather Gold","damage_taken":11,"max_hp_gain":0,"max_hp_loss":0,"event_name":"World of Goop","floor":14,"gold_loss":0},{"damage_healed":0,"gold_gain":0,"player_choice":"Gave Potion","damage_taken":0,"relics_obtained":["Vajra"],"max_hp_gain":0,"max_hp_loss":0,"event_name":"WeMeetAgain","floor":19,"gold_loss":0},{"damage_healed":0,"gold_gain":0,"player_choice":"Ignored","damage_taken":0,"max_hp_gain":0,"max_hp_loss":0,"event_name":"Beggar","floor":21,"gold_loss":0}],"is_beta":false,"boss_relics":[{"not_picked":["Calling Bell","Runic Pyramid"],"picked":"Sozu"}],"items_purged_floors":[],"is_endless":false,"potions_floor_spawned":[12,16,18,22],"killed_by":"Slavers","ascension_level":5}