{"gold_per_floor":[110,110,128,47,122,155,166,192,192,221,221,20,195,211,211,340,340,354,378,19,19,43,77,77],"floor_reached":24,"playtime":1213,"items_purged":["Injury","Doubt"],"score":311,"play_id":"94dde1b4-fb7a-403a-b603-fabe889e89b6","local_time":"20190319161057","is_ascension_mode":true,"campfire_choices":[{"floor":15,"key":"REST"}],"neow_cost":"NONE","seed_source_timestamp":544490260362753,"circlet_count":0,"master_deck":["Defend_G","Defend_G","Defend_G","Defend_G","Defend_G+1","Strike_G+1","Strike_G","Strike_G","Strike_G","Strike_G","Survivor","Neutralize","Dagger Spray","Blade Dance","Bouncing Flask","Underhanded Strike","Flying Knee","Dodge and Roll","Tactician","Infinite Blades","Discovery","Deadly Poison","After Image","Footwork","Prepared","Accuracy","Finisher","Footwork+1"],"relics":["Ring of the Snake","NeowsBlessing","Vajra","FossilizedHelix","Art of War","Golden Idol","WristBlade","Sling","Torii","Omamori"],"potions_floor_usage":[8,10,10,14,23],"damage_taken":[{"damage":0,"enemies":"Cultist","floor":1,"turns":1},{"damage":0,"enemies":"2 Louse","floor":3,"turns":1},{"damage":0,"enemies":"3 Sentries","floor":6,"turns":1},{"damage":8,"enemies":"Small Slimes","floor":7,"turns":2},{"damage":10,"enemies":"Gremlin Nob","floor":8,"turns":3},{"damage":15,"enemies":"Lagavulin","floor":10,"turns":5},{"damage":0,"enemies":"Exordium Wildlife","floor":14,"turns":2},{"damage":24,"enemies":"The Guardian","floor":16,"turns":11},{"damage":18,"enemies":"2 Thieves","floor":18,"turns":4},{"damage":0,"enemies":"Spheric Guardian","floor":19,"turns":5},{"damage":7,"enemies":"Chosen and Byrds","floor":22,"turns":6},{"damage":17,"enemies":"Slavers","floor":23,"turns":7},{"damage":28,"enemies":"Shelled Parasite and Fungi","floor":24,"turns":2}],"seed_played":"7582207072906883127","potions_obtained":[{"floor":6,"key":"SteroidPotion"},{"floor":7,"key":"Fire Potion"},{"floor":8,"key":"Regen Potion"},{"floor":10,"key":"Strength Potion"},{"floor":16,"key":"GamblersBrew"},{"floor":18,"key":"Fire Potion"}],"is_trial":false,"path_per_floor":["M","?","M","$","?","E","M","E","T","E","?","$","?","M","R","B",null,"M","M","$","?","M","E","M"],"character_chosen":"THE_SILENT","items_purchased":["Bouncing Flask","Infinite Blades","Discovery","Accuracy","Sling"],"campfire_rested":1,"item_purchase_floors":[4,12,12,20,20],"current_hp_per_floor":[70,56,56,56,45,45,37,27,27,26,26,26,26,26,47,23,70,52,52,52,52,45,28,0],"gold":77,"neow_bonus":"THREE_ENEMY_KILL","is_prod":false,"is_daily":false,"chose_seed":false,"campfire_upgraded":0,"win_rate":0,"timestamp":1553037057,"path_taken":["M","?","M","$","?","E","M","E","T","E","?","$","?","?","R","BOSS","M","M","$","?","M","E","M"],"build_version":"2019-01-23","purchased_purges":2,"victory":false,"max_hp_per_floor":[70,70,70,70,70,70,70,70,70,70,70,70,70,70,70,70,70,70,70,70,70,70,70,70],"card_choices":[{"not_picked":["Calculated Gamble","Cloak And Dagger"],"picked":"Dagger Spray","floor":1},{"not_picked":["All Out Attack","Slice"],"picked":"Blade Dance","floor":3},{"not_picked":["Escape Plan","Slice"],"picked":"Underhanded Strike","floor":6},{"not_picked":["Underhanded Strike","Dagger Spray"],"picked":"Flying Knee","floor":7},{"not_picked":["Underhanded Strike","Deadly Poison"],"picked":"Dodge and Roll","floor":8},{"not_picked":["Phantasmal Killer","Accuracy"],"picked":"Tactician","floor":10},{"not_picked":["Calculated Gamble","Dagger Spray"],"picked":"Deadly Poison","floor":14},{"not_picked":["Die Die Die","Grand Finale"],"picked":"After Image","floor":16},{"not_picked":["Deadly Poison+1","Masterful Stab"],"picked":"Footwork","floor":18},{"not_picked":["Flying Knee","Heel Hook"],"picked":"Prepared","floor":19},{"not_picked":["Deadly Poison","Concentrate"],"picked":"Finisher","floor":22},{"not_picked":["Heel Hook","Poisoned Stab"],"picked":"Footwork+1","floor":23}],"player_experience":328429,"relics_obtained":[{"floor":6,"key":"Vajra"},{"floor":8,"key":"FossilizedHelix"},{"floor":10,"key":"Art of War"},{"floor":23,"key":"Omamori"}],"event_choices":[{"damage_healed":0,"gold_gain":0,"player_choice":"Entered Light","damage_taken":14,"max_hp_gain":0,"max_hp_loss":0,"event_name":"Shining Light","floor":2,"gold_loss":0,"cards_upgraded":["Strike_G","Defend_G"]},{"damage_healed":0,"gold_gain":75,"player_choice":"Gather Gold","damage_taken":11,"max_hp_gain":0,"max_hp_loss":0,"event_name":"World of Goop","floor":5,"gold_loss":0},{"damage_healed":0,"gold_gain":0,"player_choice":"Take Wound","damage_taken":0,"relics_obtained":["Golden Idol"],"max_hp_gain":0,"max_hp_loss":0,"event_name":"Golden Idol","floor":11,"gold_loss":0,"cards_obtained":["Injury"]},{"damage_healed":0,"gold_gain":175,"player_choice":"AGREE","damage_taken":0,"max_hp_gain":0,"max_hp_loss":0,"event_name":"Liars Game","floor":13,"gold_loss":0,"cards_obtained":["Doubt"]},{"damage_healed":0,"gold_gain":0,"player_choice":"Gave Potion","damage_taken":0,"relics_obtained":["Torii"],"max_hp_gain":0,"max_hp_loss":0,"event_name":"WeMeetAgain","floor":21,"gold_loss":0}],"is_beta":false,"boss_relics":[{"not_picked":["Fusion Hammer","Ring of the Serpent"],"picked":"WristBlade"}],"items_purged_floors":[12,20],"is_endless":false,"potions_floor_spawned":[6,7,8,10,16,18],"killed_by":"Shelled Parasite and Fungi","ascension_level":4}