{"gold_per_floor":[110,128,58,58,8,36,36,55,55,75,75,95,113,128,128,225,225,215,215,227,238,238,266,281,298,325,325,343,343,375,392,392,392],"floor_reached":33,"playtime":3680,"items_purged":[],"score":343,"play_id":"7a6ca701-19e0-4b17-ac02-b47685ba0f62","local_time":"20190311044902","is_ascension_mode":false,"campfire_choices":[{"data":"Noxious Fumes","floor":7,"key":"SMITH"},{"floor":15,"key":"REST"},{"floor":27,"key":"REST"},{"floor":29,"key":"REST"},{"floor":32,"key":"REST"}],"neow_cost":"NONE","seed_source_timestamp":195518237004100,"circlet_count":0,"master_deck":["Defend_G","Defend_G","Defend_G","Defend_G","Defend_G","Strike_G","Strike_G","Strike_G","Strike_G","Strike_G","Survivor","Neutralize","Bouncing Flask","PiercingWail","Noxious Fumes+1","Dagger Throw","Blade Dance","Quick Slash+1","Acrobatics","After Image+1","Slice+1","Tools of the Trade","Dagger Spray+1","Leg Sweep","Skewer+1","Reflex","Bullet Time","Dagger Spray+1","Eviscerate+1","Distraction","PiercingWail","Riddle With Holes+1"],"relics":["Ring of the Snake","NeowsBlessing","Nunchaku","Ice Cream","Molten Egg 2","FaceOfCleric","White Beast Statue","Lantern","Blood Vial","Question Card"],"potions_floor_usage":[18,18,21,23,23,23,24,28,30,30,31,33],"damage_taken":[{"damage":0,"enemies":"Small Slimes","floor":1,"turns":1},{"damage":0,"enemies":"Cultist","floor":2,"turns":1},{"damage":0,"enemies":"Gremlin Nob","floor":6,"turns":1},{"damage":0,"enemies":"Jaw Worm","floor":8,"turns":3},{"damage":13,"enemies":"Red Slaver","floor":10,"turns":3},{"damage":6,"enemies":"Large Slime","floor":12,"turns":6},{"damage":15,"enemies":"Exordium Wildlife","floor":13,"turns":4},{"damage":5,"enemies":"Red Slaver","floor":14,"turns":5},{"damage":24,"enemies":"Hexaghost","floor":16,"turns":9},{"damage":27,"enemies":"2 Thieves","floor":18,"turns":4},{"damage":0,"enemies":"Chosen","floor":20,"turns":6},{"damage":23,"enemies":"Sentry and Sphere","floor":21,"turns":6},{"damage":19,"enemies":"Book of Stabbing","floor":23,"turns":7},{"damage":4,"enemies":"Snecko","floor":24,"turns":5},{"damage":4,"enemies":"Chosen and Byrds","floor":25,"turns":6},{"damage":8,"enemies":"Cultist and Chosen","floor":28,"turns":5},{"damage":24,"enemies":"Gremlin Leader","floor":30,"turns":6},{"damage":17,"enemies":"Centurion and Healer","floor":31,"turns":7},{"damage":77,"enemies":"Champ","floor":33,"turns":14}],"seed_played":"1544616277531556007","potions_obtained":[{"floor":8,"key":"Regen Potion"},{"floor":10,"key":"SpeedPotion"},{"floor":14,"key":"SneckoOil"},{"floor":18,"key":"SkillPotion"},{"floor":20,"key":"AttackPotion"},{"floor":21,"key":"SteroidPotion"},{"floor":23,"key":"Fruit Juice"},{"floor":24,"key":"Poison Potion"},{"floor":25,"key":"PowerPotion"},{"floor":28,"key":"SkillPotion"},{"floor":30,"key":"LiquidBronze"},{"floor":31,"key":"Dexterity Potion"}],"is_trial":false,"path_per_floor":["M","M","$","?","?","E","R","M","T","M","?","M","M","M","R","B",null,"M","?","M","M","?","E","M","M","T","R","M","R","E","M","R","B"],"character_chosen":"THE_SILENT","items_purchased":["Noxious Fumes"],"campfire_rested":4,"item_purchase_floors":[3],"current_hp_per_floor":[70,70,70,75,75,75,75,75,75,62,62,57,43,39,62,39,79,53,53,54,47,47,29,31,28,28,55,50,77,56,42,69,0],"gold":392,"neow_bonus":"THREE_ENEMY_KILL","is_prod":false,"is_daily":false,"chose_seed":false,"campfire_upgraded":1,"win_rate":0.0,"timestamp":1552297742,"path_taken":["M","M","$","?","?","E","R","M","T","?","?","M","?","M","R","BOSS","M","?","M","M","?","E","M","M","T","R","M","R","E","?","R","BOSS"],"build_version":"2019-01-23","purchased_purges":0,"victory":false,"max_hp_per_floor":[70,70,70,75,75,75,75,75,75,75,75,76,77,78,78,79,79,80,80,81,82,82,83,89,90,90,90,91,91,92,93,93,93],"card_choices":[{"not_picked":["Quick Slash","Escape Plan"],"picked":"Bouncing Flask","floor":1},{"not_picked":["Backflip","Underhanded Strike"],"picked":"PiercingWail","floor":2},{"not_picked":["Calculated Gamble","Masterful Stab"],"picked":"Dagger Throw","floor":6},{"not_picked":["Deflect","Dagger Spray"],"picked":"Blade Dance","floor":8},{"not_picked":["All Out Attack+1","Dagger Throw+1"],"picked":"Quick Slash+1","floor":10},{"not_picked":["Dagger Throw+1","Slice+1"],"picked":"Acrobatics","floor":12},{"not_picked":["Choke+1","Deadly Poison"],"picked":"After Image","floor":13},{"not_picked":["Acrobatics","Outmaneuver"],"picked":"Slice+1","floor":14},{"not_picked":["Night Terror","Adrenaline"],"picked":"Tools of the Trade","floor":16},{"not_picked":["Deflect","Riddle With Holes+1"],"picked":"Dagger Spray+1","floor":18},{"not_picked":["Prepared","Slice+1"],"picked":"Skewer+1","floor":20},{"not_picked":["All Out Attack+1","Masterful Stab+1"],"picked":"Reflex","floor":21},{"not_picked":["Blade Dance","PiercingWail"],"picked":"Bullet Time","floor":23},{"not_picked":["Slice+1","Dodge and Roll"],"picked":"Dagger Spray+1","floor":24},{"not_picked":["Quick Slash+1","Adrenaline"],"picked":"Eviscerate+1","floor":25},{"not_picked":["Quick Slash+1","Dagger Spray+1"],"picked":"Distraction","floor":28},{"not_picked":["Bouncing Flask","Outmaneuver"],"picked":"PiercingWail","floor":30},{"not_picked":["Slice+1","Noxious Fumes+1","PiercingWail"],"picked":"Riddle With Holes+1","floor":31}],"player_experience":24014,"relics_obtained":[{"floor":6,"key":"Ice Cream"},{"floor":9,"key":"Molten Egg 2"},{"floor":23,"key":"Lantern"},{"floor":26,"key":"Blood Vial"},{"floor":30,"key":"Question Card"}],"event_choices":[{"damage_healed":0,"gold_gain":0,"player_choice":"Donut","damage_taken":0,"max_hp_gain":5,"max_hp_loss":0,"event_name":"Big Fish","floor":4,"gold_loss":0},{"damage_healed":0,"gold_gain":0,"player_choice":"Paid Gold","damage_taken":0,"relics_obtained":["Nunchaku"],"max_hp_gain":0,"max_hp_loss":0,"event_name":"WeMeetAgain","floor":5,"gold_loss":50},{"damage_healed":0,"gold_gain":0,"player_choice":"Trade","damage_taken":0,"relics_obtained":["FaceOfCleric"],"max_hp_gain":0,"max_hp_loss":0,"event_name":"FaceTrader","floor":11,"gold_loss":0},{"damage_healed":0,"gold_gain":0,"player_choice":"Read","damage_taken":0,"max_hp_gain":0,"max_hp_loss":0,"event_name":"The Library","floor":19,"gold_loss":0,"cards_obtained":["Leg Sweep"]},{"damage_healed":0,"gold_gain":0,"player_choice":"Forge","damage_taken":0,"max_hp_gain":0,"max_hp_loss":0,"event_name":"Accursed Blacksmith","floor":22,"gold_loss":0,"cards_upgraded":["After Image"]}],"is_beta":false,"boss_relics":[{"not_picked":["Runic Dome","Orrery"],"picked":"White Beast Statue"}],"items_purged_floors":[],"is_endless":false,"potions_floor_spawned":[8,10,14,18,20,21,23,24,25,28,30,31],"killed_by":"Champ","ascension_level":0}