{"path_per_floor":["M","?","$","M","M","R","?","R","T","E","M","E","M","M","R","B",null,"M","?","M","$","M","R","$","M","T","R","M","R","M","?","R","B",null,"M","?","?","$","M","R","M","?","T","R","M","M","M","$","R"],"character_chosen":"DEFECT","items_purchased":["Strength Potion","Regen Potion","Sweeping Beam","Block Potion"],"gold_per_floor":[111,111,36,53,66,66,66,66,66,92,105,136,153,166,166,263,263,281,204,217,69,87,87,36,50,50,50,69,69,88,88,88,192,192,209,209,209,59,77,77,95,0,23,23,38,52,72,20,20,20],"floor_reached":50,"campfire_rested":3,"playtime":1592,"current_hp_per_floor":[75,68,68,67,60,60,60,60,60,39,33,32,24,23,23,11,75,74,74,64,64,63,63,63,42,42,64,62,62,62,62,62,25,75,74,65,65,65,62,62,55,55,55,75,60,43,45,45,67,0],"items_purged":["Writhe","Doubt","Strike_B"],"gold":20,"score":456,"play_id":"fe176ec1-f0e1-4eaa-9a82-e7ccab3c1a5c","local_time":"20180429195028","is_prod":false,"is_daily":false,"chose_seed":false,"is_ascension_mode":false,"campfire_upgraded":4,"timestamp":1525045828,"path_taken":["M","?","$","M","?","R","?","R","T","E","M","E","M","M","R","BOSS","M","?","M","$","M","R","$","M","T","R","M","R","?","?","R","BOSS","M","?","?","?","M","R","M","?","T","R","?","M","M","$","R","BOSS"],"build_version":"2018-04-27v3","seed_source_timestamp":0,"purchased_purges":3,"victory":false,"master_deck":["Strike_B+1","Strike_B","Defend_B","Defend_B","Defend_B","Zap+1","Dualcast","Static Discharge+1","Beam Cell+1","Capacitor","Rebound+1","Rebound","Stack","Hyperbeam","Sweeping Beam+1","Doom and Gloom+1","Glacier","J.A.X.","Hologram+1","Meteor Strike","Madness","Madness","Sweeping Beam","Sweeping Beam+1","Rip and Tear+1","Hologram+1","Chaos+1"],"max_hp_per_floor":[75,75,75,75,75,75,75,75,75,75,75,75,75,75,75,75,75,75,75,75,75,75,75,75,75,75,75,75,75,75,75,75,75,75,75,75,75,75,75,75,75,75,75,75,75,75,75,75,75,75],"relics":["Cracked Core","Torii","Pen Nib","Bag of Marbles","Mercury Hourglass","Girya","Whetstone","Astrolabe","Kunai","Nuclear Battery","Red Mask","Blood Vial"],"card_choices":[{"not_picked":["Axe Kick","Reprogram"],"picked":"Static Discharge","floor":1.0},{"not_picked":["Cold Snap","Capacitor"],"picked":"Beam Cell","floor":5.0},{"not_picked":["Cold Snap","Barrage"],"picked":"Capacitor","floor":10.0},{"not_picked":["Tempest","Impulse"],"picked":"Rebound","floor":11.0},{"not_picked":["Ball Lightning","Chill"],"picked":"Rebound","floor":12.0},{"not_picked":["Hologram","Flux Capacitor"],"picked":"Stack","floor":14.0},{"not_picked":["Meteor Strike","Redo"],"picked":"Hyperbeam","floor":16.0},{"not_picked":["Sunder","Impulse"],"picked":"Glacier","floor":18.0},{"not_picked":["Blizzard","Beam Cell"],"picked":"Hologram","floor":28.0},{"not_picked":["Rainbow","Fission"],"picked":"Meteor Strike","floor":33.0},{"not_picked":["Melter","Impulse"],"picked":"Sweeping Beam","floor":39.0},{"not_picked":["Impulse","Static Discharge"],"picked":"Rip and Tear","floor":41.0},{"not_picked":["Barrage","Axe Kick"],"picked":"Hologram","floor":45.0},{"not_picked":["Axe Kick","Beam Cell"],"picked":"Chaos","floor":47.0}],"player_experience":24109,"potions_floor_usage":[50,50],"damage_taken":[{"damage":0.0,"enemies":"2 Louse","floor":1.0,"turns":3.0},{"damage":1.0,"enemies":"Cultist","floor":4.0,"turns":4.0},{"damage":7.0,"enemies":"Jaw Worm","floor":5.0,"turns":3.0},{"damage":21.0,"enemies":"Lagavulin","floor":10.0,"turns":4.0},{"damage":6.0,"enemies":"2 Fungi Beasts","floor":11.0,"turns":2.0},{"damage":1.0,"enemies":"Gremlin Nob","floor":12.0,"turns":3.0},{"damage":8.0,"enemies":"Blue Slaver","floor":13.0,"turns":3.0},{"damage":1.0,"enemies":"Large Slime","floor":14.0,"turns":3.0},{"damage":12.0,"enemies":"The Guardian","floor":16.0,"turns":7.0},{"damage":1.0,"enemies":"Chosen","floor":18.0,"turns":3.0},{"damage":10.0,"enemies":"2 Thieves","floor":20.0,"turns":2.0},{"damage":1.0,"enemies":"Centurion and Healer","floor":22.0,"turns":3.0},{"damage":21.0,"enemies":"Snake Plant","floor":25.0,"turns":2.0},{"damage":2.0,"enemies":"Snecko","floor":28.0,"turns":4.0},{"damage":0.0,"enemies":"Slaver and Parasite","floor":30.0,"turns":3.0},{"damage":52.0,"enemies":"Champ","floor":33.0,"turns":8.0},{"damage":1.0,"enemies":"Orb Walker","floor":35.0,"turns":3.0},{"damage":3.0,"enemies":"3 Shapes","floor":39.0,"turns":1.0},{"damage":7.0,"enemies":"Sphere and 2 Shapes","floor":41.0,"turns":3.0},{"damage":15.0,"enemies":"Spire Growth","floor":45.0,"turns":3.0},{"damage":19.0,"enemies":"Maw","floor":46.0,"turns":5.0},{"damage":0.0,"enemies":"3 Darklings","floor":47.0,"turns":3.0},{"damage":76,"enemies":"Donu and Deca","floor":50,"turns":5}],"event_choices":[{"event_name":"Scrap Ooze","player_choice":"success","floor":2.0,"damage_taken":7.0},{"event_name":"Big Fish","player_choice":"Box","floor":7.0,"damage_taken":0.0},{"event_name":"Drug Dealer","player_choice":"Got JAXXED","floor":19.0,"damage_taken":0.0},{"event_name":"Ghosts","player_choice":"Ignored","floor":31.0,"damage_taken":0.0},{"event_name":"Winding Halls","player_choice":"Embrace Madness","floor":36.0,"damage_taken":0.0},{"event_name":"Mysterious Sphere","player_choice":"Ignore","floor":37.0,"damage_taken":0.0},{"event_name":"Tomb of Lord Red Mask","player_choice":"Paid","floor":42.0,"damage_taken":0.0}],"boss_relics":[],"potions_floor_spawned":[5,11,13,14,16,20,28,30,35,46],"seed_played":"5204876441899156970","killed_by":"Donu and Deca","ascension_level":0,"is_trial":false}