{"gold_per_floor":[111,122,122,140,156,190,190,217,295,295,195,213,59,59,59,133,133,133,133,133,92,153,153,172,200,200,75,75,94,169,219,219,294,294,305,155,175,225,239,264,264,414,440,440,490,490,590,640,640,640,640,640,640,138,170,170],"floor_reached":57,"playtime":2663,"items_purged":["Strike_R","Strike_R","Twin Strike","Bash","Power Through"],"score":2833,"play_id":"ecb4c886-374c-40aa-a22d-193d171f376d","local_time":"20190506185349","is_ascension_mode":true,"campfire_choices":[{"data":"Armaments","floor":7.0,"key":"SMITH"},{"data":"Flex","floor":10.0,"key":"SMITH"},{"data":"True Grit","floor":15.0,"key":"SMITH"},{"data":"Barricade","floor":23.0,"key":"SMITH"},{"data":"Entrench","floor":28.0,"key":"SMITH"},{"data":"Second Wind","floor":32.0,"key":"SMITH"},{"data":"Power Through","floor":41,"key":"SMITH"},{"data":"Deep Breath","floor":44,"key":"SMITH"},{"data":"Evolve","floor":46,"key":"SMITH"},{"floor":49,"key":"RECALL"},{"data":"Battle Trance","floor":53,"key":"SMITH"}],"neow_cost":"NONE","seed_source_timestamp":1019108484308808,"circlet_count":0,"master_deck":["AscendersBane","Disarm","Flex+1","Armaments+1","Sword Boomerang","True Grit+1","Shrug It Off","Barricade+1","Entrench+1","Reaper","Infernal Blade","Power Through+1","Evolve+1","Second Wind+1","Rampage+1","Limit Break+1","Deep Breath+1","Battle Trance+1","Body Slam"],"special_seed":0,"relics":["Burning Blood","NeowsBlessing","Meat on the Bone","Unceasing Top","Letter Opener","Bag of Preparation","Pandora\u0027s Box","SsserpentHead","Champion Belt","Self Forming Clay","Red Mask","Coffee Dripper","Mercury Hourglass","Incense Burner","Prayer Wheel","Dodecahedron","Red Skull"],"potions_floor_usage":[56,56],"damage_taken":[{"damage":0.0,"enemies":"Cultist","floor":1.0,"turns":1.0},{"damage":0.0,"enemies":"2 Louse","floor":2.0,"turns":1.0},{"damage":0.0,"enemies":"Small Slimes","floor":4.0,"turns":1.0},{"damage":7.0,"enemies":"2 Fungi Beasts","floor":5.0,"turns":6.0},{"damage":50.0,"enemies":"Lagavulin","floor":6.0,"turns":10.0},{"damage":23.0,"enemies":"Gremlin Nob","floor":8.0,"turns":4.0},{"damage":0.0,"enemies":"Exordium Wildlife","floor":12.0,"turns":3.0},{"damage":24.0,"enemies":"Slime Boss","floor":16.0,"turns":9.0},{"damage":0.0,"enemies":"Spheric Guardian","floor":18.0,"turns":3.0},{"damage":18.0,"enemies":"Shell Parasite","floor":22.0,"turns":10.0},{"damage":18.0,"enemies":"Snecko","floor":24.0,"turns":9.0},{"damage":15.0,"enemies":"Book of Stabbing","floor":25.0,"turns":10.0},{"damage":12.0,"enemies":"Shelled Parasite and Fungi","floor":29.0,"turns":12.0},{"damage":55.0,"enemies":"Masked Bandits","floor":30.0,"turns":7.0},{"damage":16.0,"enemies":"Automaton","floor":33.0,"turns":15.0},{"damage":19.0,"enemies":"3 Darklings","floor":35.0,"turns":12.0},{"damage":0.0,"enemies":"Orb Walker","floor":37.0,"turns":8.0},{"damage":6,"enemies":"3 Darklings","floor":39,"turns":7},{"damage":3,"enemies":"Nemesis","floor":40,"turns":7},{"damage":0,"enemies":"Mind Bloom Boss Battle","floor":42,"turns":9},{"damage":27,"enemies":"2 Orb Walkers","floor":47,"turns":7},{"damage":3,"enemies":"Awakened One","floor":50,"turns":9},{"damage":22,"enemies":"Time Eater","floor":51,"turns":13},{"damage":32,"enemies":"Shield and Spear","floor":55,"turns":12},{"damage":0,"enemies":"The Heart","floor":56,"turns":10}],"seed_played":"8187710461006471727","potions_obtained":[{"floor":1.0,"key":"EntropicBrew"},{"floor":6.0,"key":"GamblersBrew"},{"floor":16.0,"key":"SmokeBomb"},{"floor":22.0,"key":"Explosive Potion"},{"floor":29.0,"key":"BloodPotion"},{"floor":33.0,"key":"EntropicBrew"},{"floor":35.0,"key":"Regen Potion"},{"floor":42,"key":"PowerPotion"}],"is_trial":false,"path_per_floor":["M","M","?","M","M","E","R","E","T","R","$","M","$","?","R","B",null,"M","?","?","$","M","R","M","E","T","$","R","M","?","?","R","B",null,"M","$","M","?","M","E","R","?","T","R","?","R","?","?","R","B","B",null,"R","$","E","B",null],"character_chosen":"IRONCLAD","items_purchased":["True Grit","Shrug It Off","Evolve","Body Slam","Dodecahedron"],"campfire_rested":0,"item_purchase_floors":[11,13,21,54,54],"current_hp_per_floor":[74,75,75,75,74,30,30,25,25,25,25,43,43,43,43,37,66,72,72,72,72,60,60,51,44,44,44,44,50,29,29,29,43,67,75,75,75,75,75,75,75,75,75,75,71,71,59,59,59,71,71,71,71,71,71,71],"gold":170,"neow_bonus":"THREE_ENEMY_KILL","is_prod":false,"is_daily":false,"chose_seed":false,"campfire_upgraded":10,"win_rate":0,"timestamp":1557140029,"path_taken":["M","?","?","M","M","E","R","E","T","R","$","?","$","?","R","BOSS","M","?","?","$","?","R","M","E","T","$","R","M","?","?","R","BOSS","M","$","M","?","M","E","R","?","T","R","?","R","?","?","R","BOSS","BOSS","R","$","E","BOSS"],"build_version":"2019-01-23","purchased_purges":5,"victory":true,"max_hp_per_floor":[75,75,75,75,75,75,75,75,75,75,75,75,75,75,75,75,75,75,75,75,75,75,75,75,75,75,75,75,75,75,75,75,75,75,75,75,75,75,75,75,75,75,75,75,71,71,71,71,71,71,71,71,71,71,71,71],"card_choices":[{"not_picked":["Corruption","Dual Wield"],"picked":"Disarm","floor":1.0},{"not_picked":["Headbutt","Fire Breathing"],"picked":"Flex","floor":2.0},{"not_picked":["Perfected Strike","Ghostly Armor"],"picked":"Armaments","floor":4.0},{"not_picked":["Brutality","Seeing Red","Armaments"],"picked":"SKIP","floor":5.0},{"not_picked":["Clothesline","Shockwave"],"picked":"Sword Boomerang","floor":6.0},{"not_picked":["Hemokinesis","Rupture","Carnage"],"picked":"SKIP","floor":8.0},{"not_picked":["Perfected Strike","Sword Boomerang","Pommel Strike"],"picked":"SKIP","floor":12.0},{"not_picked":["Bludgeon","Fiend Fire"],"picked":"Barricade","floor":16.0},{"not_picked":["Wild Strike","Thunderclap","Headbutt"],"picked":"SKIP","floor":22.0},{"not_picked":["Twin Strike","Seeing Red"],"picked":"Second Wind","floor":24.0},{"not_picked":["Flame Barrier","Corruption","Anger"],"picked":"SKIP","floor":25.0},{"not_picked":["Cleave","Fire Breathing+1"],"picked":"Rampage+1","floor":29.0},{"not_picked":["Dark Embrace","Berserk"],"picked":"Limit Break","floor":33.0},{"not_picked":["Infernal Blade","Ghostly Armor","Thunderclap+1"],"picked":"SKIP","floor":35.0},{"not_picked":["Headbutt","Searing Blow","Uppercut"],"picked":"SKIP","floor":37.0},{"not_picked":["HandOfGreed","Blind"],"picked":"Deep Breath","floor":38},{"not_picked":["Pommel Strike","Armaments","Headbutt"],"picked":"SKIP","floor":39},{"not_picked":["Dual Wield","Hemokinesis","Reckless Charge+1"],"picked":"SKIP","floor":40},{"not_picked":["Warcry","Reckless Charge"],"picked":"Battle Trance","floor":47},{"not_picked":["Barricade","Exhume","Battle Trance"],"picked":"SKIP","floor":55}],"player_experience":1565222,"relics_obtained":[{"floor":6.0,"key":"Meat on the Bone"},{"floor":8.0,"key":"Unceasing Top"},{"floor":9.0,"key":"Letter Opener"},{"floor":25.0,"key":"Champion Belt"},{"floor":26.0,"key":"Self Forming Clay"},{"floor":30.0,"key":"Red Mask"},{"floor":40,"key":"Mercury Hourglass"},{"floor":42,"key":"Incense Burner"},{"floor":47,"key":"Prayer Wheel"},{"floor":55,"key":"Red Skull"}],"event_choices":[{"cards_removed":["Strike_R"],"damage_healed":0.0,"max_hp_gain":0.0,"max_hp_loss":0.0,"gold_gain":0.0,"event_name":"Purifier","player_choice":"Purged","floor":3.0,"gold_loss":0.0,"damage_taken":0.0},{"damage_healed":0.0,"max_hp_gain":0.0,"max_hp_loss":0.0,"gold_gain":0.0,"event_name":"Dead Adventurer","player_choice":"Searched \u00271\u0027 times","floor":14.0,"gold_loss":0.0,"damage_taken":0.0,"relics_obtained":["Bag of Preparation"]},{"damage_healed":0.0,"max_hp_gain":0.0,"max_hp_loss":0.0,"gold_gain":0.0,"event_name":"Vampires","player_choice":"Ignored","floor":19.0,"gold_loss":0.0,"damage_taken":0.0},{"damage_healed":0.0,"max_hp_gain":0.0,"max_hp_loss":0.0,"gold_gain":0.0,"event_name":"FaceTrader","player_choice":"Trade","floor":20.0,"gold_loss":0.0,"damage_taken":0.0,"relics_obtained":["SsserpentHead"]},{"damage_healed":0.0,"max_hp_gain":0.0,"max_hp_loss":0.0,"gold_gain":0.0,"event_name":"Masked Bandits","player_choice":"Fought Bandits","floor":30.0,"gold_loss":0.0,"damage_taken":0.0},{"damage_healed":0.0,"max_hp_gain":0.0,"max_hp_loss":0.0,"gold_gain":0.0,"event_name":"The Mausoleum","player_choice":"Ignored","floor":31.0,"gold_loss":0.0,"damage_taken":0.0},{"damage_healed":0,"gold_gain":0,"player_choice":"Memory 1","damage_taken":0,"max_hp_gain":0,"max_hp_loss":0,"event_name":"SensoryStone","floor":38,"gold_loss":0},{"damage_healed":0,"gold_gain":0,"player_choice":"Fight","damage_taken":0,"max_hp_gain":0,"max_hp_loss":0,"event_name":"MindBloom","floor":42,"gold_loss":0},{"damage_healed":0,"gold_gain":0,"player_choice":"Max HP","damage_taken":0,"max_hp_gain":0,"max_hp_loss":4,"event_name":"Winding Halls","floor":45,"gold_loss":0},{"damage_healed":0,"gold_gain":0,"player_choice":"Fight","damage_taken":0,"max_hp_gain":0,"max_hp_loss":0,"event_name":"Mysterious Sphere","floor":47,"gold_loss":0},{"damage_healed":0,"gold_gain":0,"player_choice":"Forge","damage_taken":0,"max_hp_gain":0,"max_hp_loss":0,"event_name":"Accursed Blacksmith","floor":48,"gold_loss":0,"cards_upgraded":["Limit Break"]}],"is_beta":false,"boss_relics":[{"not_picked":["Velvet Choker","Cursed Key"],"picked":"Pandora\u0027s Box"},{"not_picked":["Lizard Tail","White Beast Statue"],"picked":"Coffee Dripper"}],"items_purged_floors":[11,13,27,36,54],"is_endless":false,"potions_floor_spawned":[1,6,16,22,29,33,35,42,55],"ascension_level":20}