{"gold_per_floor":[113,113,113,133,56,89,104,118,188],"floor_reached":9,"playtime":150,"items_purged":[],"score":176,"play_id":"43b6f156-6e02-4585-80a3-15a072516749","local_time":"20190428120028","is_ascension_mode":true,"campfire_choices":[],"neow_cost":"NONE","seed_source_timestamp":426021632433923,"circlet_count":0,"master_deck":["AscendersBane","Defend_G","Defend_G","Defend_G","Defend_G","Strike_G","Strike_G","Strike_G","Strike_G","Strike_G","Survivor","Neutralize","Flechettes","Footwork","Noxious Fumes","Choke","Dagger Throw"],"relics":["Ring of the Snake","NeowsBlessing","Gambling Chip","Pantograph"],"potions_floor_usage":[],"damage_taken":[{"damage":0,"enemies":"Cultist","floor":1,"turns":1},{"damage":0,"enemies":"Jaw Worm","floor":4,"turns":1},{"damage":0,"enemies":"Lagavulin","floor":6,"turns":1},{"damage":14,"enemies":"Small Slimes","floor":7,"turns":4},{"damage":22,"enemies":"Exordium Thugs","floor":8,"turns":4}],"seed_played":"7182527667913111256","potions_obtained":[{"floor":6,"key":"Dexterity Potion"},{"floor":7,"key":"AttackPotion"}],"is_trial":false,"path_per_floor":["M","?","?","M","$","E","M","M","T"],"character_chosen":"THE_SILENT","items_purchased":["Noxious Fumes"],"campfire_rested":0,"item_purchase_floors":[5],"current_hp_per_floor":[59,59,59,59,59,59,45,23,23],"gold":188,"neow_bonus":"THREE_ENEMY_KILL","is_prod":false,"is_daily":false,"chose_seed":false,"campfire_upgraded":0,"win_rate":0,"timestamp":1556467228,"path_taken":["M","?","?","?","$","E","M","M","T"],"build_version":"2019-01-23","purchased_purges":0,"victory":false,"max_hp_per_floor":[66,66,66,66,66,66,66,66,66],"card_choices":[{"not_picked":["Underhanded Strike","Flying Knee","Eviscerate"],"picked":"SKIP","floor":1},{"not_picked":["Outmaneuver","Deflect"],"picked":"Footwork","floor":4},{"not_picked":["Eviscerate","Tactician"],"picked":"Choke","floor":6},{"not_picked":["Backflip","Flechettes"],"picked":"Dagger Throw","floor":7},{"not_picked":["Endless Agony","Eviscerate","Acrobatics"],"picked":"SKIP","floor":8}],"player_experience":933754,"relics_obtained":[{"floor":6,"key":"Gambling Chip"},{"floor":9,"key":"Pantograph"}],"event_choices":[{"damage_healed":0,"gold_gain":0,"player_choice":"Ignored","damage_taken":0,"max_hp_gain":0,"max_hp_loss":0,"event_name":"Golden Wing","floor":2,"gold_loss":0},{"damage_healed":0,"gold_gain":0,"cards_transformed":["Defend_G"],"player_choice":"Transformed","damage_taken":0,"max_hp_gain":0,"max_hp_loss":0,"event_name":"Transmorgrifier","floor":3,"gold_loss":0,"cards_obtained":["Flechettes"]}],"is_beta":false,"boss_relics":[],"items_purged_floors":[],"is_endless":false,"potions_floor_spawned":[6,7],"ascension_level":20}