{"gold_per_floor":[115,131,149,168,178,178,192,218,242,275,294,306,306,321,321,321],"floor_reached":16,"playtime":1400,"items_purged":[],"score":108,"play_id":"bd3907c9-2bfd-4076-8e75-b4688bb7f27d","local_time":"20190501155849","is_ascension_mode":false,"campfire_choices":[{"data":"Heavy Blade","floor":6.0,"key":"SMITH"},{"data":"Fiend Fire","floor":13,"key":"SMITH"},{"data":"Bash","floor":15,"key":"SMITH"}],"neow_cost":"NONE","seed_source_timestamp":1790270658394016,"circlet_count":0,"master_deck":["Strike_R","Strike_R","Strike_R","Strike_R","Strike_R","Defend_R","Defend_R","Defend_R","Defend_R","Bash+1","Twin Strike","Warcry","Thunderclap","Heavy Blade+1","Thunderclap","Fiend Fire+1","Shrug It Off","Cleave","Shrug It Off","Metallicize","Havoc"],"special_seed":0,"relics":["Burning Blood","Anchor","Odd Mushroom","Juzu Bracelet"],"potions_floor_usage":[16,16],"damage_taken":[{"damage":6.0,"enemies":"2 Louse","floor":1.0,"turns":3.0},{"damage":1.0,"enemies":"Small Slimes","floor":2.0,"turns":3.0},{"damage":6.0,"enemies":"Cultist","floor":3.0,"turns":3.0},{"damage":14.0,"enemies":"Blue Slaver","floor":4.0,"turns":3.0},{"damage":1.0,"enemies":"3 Louse","floor":5.0,"turns":2.0},{"damage":7.0,"enemies":"Large Slime","floor":7.0,"turns":4.0},{"damage":0.0,"enemies":"The Mushroom Lair","floor":8.0,"turns":3.0},{"damage":40.0,"enemies":"Gremlin Nob","floor":10.0,"turns":5.0},{"damage":0.0,"enemies":"Looter","floor":11.0,"turns":2.0},{"damage":8,"enemies":"Exordium Wildlife","floor":12,"turns":3},{"damage":3,"enemies":"Exordium Thugs","floor":14,"turns":3},{"damage":66,"enemies":"The Guardian","floor":16,"turns":16}],"seed_played":"2873738710799467775","potions_obtained":[{"floor":1.0,"key":"GamblersBrew"},{"floor":3.0,"key":"Fire Potion"},{"floor":4.0,"key":"Poison Potion"},{"floor":5.0,"key":"Strength Potion"},{"floor":12,"key":"AttackPotion"}],"is_trial":false,"path_per_floor":["M","M","M","M","M","R","M","?","T","E","M","M","R","M","R","B"],"character_chosen":"IRONCLAD","items_purchased":[],"campfire_rested":0,"item_purchase_floors":[],"current_hp_per_floor":[80,80,80,72,77,77,76,80,80,46,52,50,50,53,53,0],"gold":321,"neow_bonus":"RANDOM_COMMON_RELIC","is_prod":false,"is_daily":false,"chose_seed":false,"campfire_upgraded":3,"win_rate":0,"timestamp":1556744329,"path_taken":["M","M","M","M","M","R","M","?","T","E","M","M","R","M","R","BOSS"],"build_version":"2019-01-23","purchased_purges":0,"victory":false,"max_hp_per_floor":[80,80,80,80,80,80,80,80,80,80,80,80,80,80,80,80],"card_choices":[{"not_picked":["Sever Soul","Body Slam"],"picked":"Twin Strike","floor":1.0},{"not_picked":["Clash","Second Wind"],"picked":"Warcry","floor":2.0},{"not_picked":["Wild Strike","Seeing Red"],"picked":"Thunderclap","floor":3.0},{"not_picked":["Twin Strike","Thunderclap"],"picked":"Heavy Blade","floor":4.0},{"not_picked":["Perfected Strike","Wild Strike"],"picked":"Thunderclap","floor":5.0},{"not_picked":["Perfected Strike","Sword Boomerang"],"picked":"Fiend Fire","floor":7.0},{"not_picked":["Carnage","Heavy Blade"],"picked":"Shrug It Off","floor":8.0},{"not_picked":["Entrench","Heavy Blade"],"picked":"Cleave","floor":10.0},{"not_picked":["Hemokinesis","Blood for Blood"],"picked":"Shrug It Off","floor":11.0},{"not_picked":["Headbutt","Second Wind"],"picked":"Metallicize","floor":12},{"not_picked":["Sword Boomerang","Power Through"],"picked":"Havoc","floor":14}],"player_experience":253409,"relics_obtained":[{"floor":8.0,"key":"Odd Mushroom"},{"floor":10.0,"key":"Juzu Bracelet"}],"event_choices":[{"damage_healed":0.0,"max_hp_gain":0.0,"max_hp_loss":0.0,"gold_gain":0.0,"event_name":"Mushrooms","player_choice":"Fought Mushrooms","floor":8.0,"gold_loss":0.0,"damage_taken":0.0}],"is_beta":false,"boss_relics":[],"items_purged_floors":[],"is_endless":false,"potions_floor_spawned":[1,3,4,5,12],"killed_by":"The Guardian","ascension_level":0}