{"gold_per_floor":[111,18,34,52,69,69,83,83,107,107,132,132,132,144,144,239,239,252,270,270,545,76,76,76,76,76,76],"floor_reached":27,"playtime":653,"items_purged":["Regret"],"score":285,"play_id":"77fcac65-b05d-4a82-b7af-7cf3cb523230","local_time":"20181003145957","is_ascension_mode":true,"campfire_choices":[{"floor":6,"key":"REST"},{"floor":8,"key":"REST"},{"floor":10,"key":"REST"},{"data":"Loop","floor":12,"key":"SMITH"},{"floor":15,"key":"REST"},{"floor":23,"key":"REST"}],"neow_cost":"","seed_source_timestamp":23366560456955,"circlet_count":0,"master_deck":["Strike_B+1","Strike_B+1","Strike_B+1","Strike_B+1","Defend_B+1","Defend_B+1","Defend_B+1","Defend_B+1","Zap","Dualcast","Redo","Loop+1","Conserve Battery","Tempest+1","Auto Shields","Thunder Strike","Self Repair","Chill","Multi-Cast","Injury","Clumsy","Injury","White Noise+1","Master of Strategy+1"],"relics":["Cracked Core","Lantern","Bronze Scales","Oddly Smooth Stone","Calling Bell","Boot","Toxic Egg 2","Shovel","ClockworkSouvenir","Mummified Hand"],"potions_floor_usage":[7,14],"damage_taken":[{"damage":6,"enemies":"Cultist","floor":1,"turns":4},{"damage":4,"enemies":"Small Slimes","floor":3,"turns":4},{"damage":12,"enemies":"Jaw Worm","floor":4,"turns":3},{"damage":42,"enemies":"Exordium Wildlife","floor":5,"turns":6},{"damage":20,"enemies":"Gremlin Gang","floor":7,"turns":4},{"damage":18,"enemies":"Lagavulin","floor":11,"turns":6},{"damage":6,"enemies":"Lots of Slimes","floor":14,"turns":1},{"damage":24,"enemies":"Slime Boss","floor":16,"turns":9},{"damage":40,"enemies":"2 Thieves","floor":18,"turns":4},{"damage":18,"enemies":"Shell Parasite","floor":19,"turns":5},{"damage":32,"enemies":"Slavers","floor":27,"turns":3}],"seed_played":"-1228060335642788216","potions_obtained":[{"floor":5,"key":"Explosive Potion"},{"floor":7,"key":"SpeedPotion"},{"floor":11,"key":"Explosive Potion"},{"floor":19,"key":"Dexterity Potion"}],"is_trial":false,"path_per_floor":["M","$","M","M","M","R","M","R","T","R","E","R","?","M","R","B",null,"M","M","?","?","$","R","?","?","T"],"character_chosen":"DEFECT","items_purchased":["Loop","Conserve Battery","ClockworkSouvenir","Master of Strategy+1"],"campfire_rested":5,"item_purchase_floors":[2,2,22,22],"current_hp_per_floor":[62,62,58,46,4,26,6,28,28,50,32,32,20,21,43,26,63,30,19,5,5,5,29,29,29,29,0],"gold":76,"neow_bonus":"","is_prod":false,"is_daily":false,"chose_seed":false,"campfire_upgraded":1,"win_rate":0,"timestamp":1538571597,"path_taken":["M","?","M","?","M","R","?","R","T","R","E","R","?","?","R","BOSS","M","M","?","?","$","R","?","?","T","E"],"build_version":"2018-10-02","purchased_purges":1,"victory":false,"max_hp_per_floor":[75,75,75,75,75,75,75,75,75,75,75,75,75,75,75,75,75,75,75,80,80,80,80,80,80,80,80],"card_choices":[{"not_picked":["Rebound","Blizzard"],"picked":"Redo","floor":1},{"not_picked":["Go for the Eyes","Stack","Beam Cell"],"picked":"SKIP","floor":3},{"not_picked":["Rip and Tear","Steam"],"picked":"Tempest","floor":4},{"not_picked":["Steam","Hologram"],"picked":"Auto Shields","floor":5},{"not_picked":["Sweeping Beam","Gash"],"picked":"Thunder Strike","floor":7},{"not_picked":["Beam Cell","Rebound"],"picked":"Self Repair","floor":11},{"not_picked":["Stack","Sweeping Beam"],"picked":"Chill","floor":14},{"not_picked":["Meteor Strike","Amplify"],"picked":"Multi-Cast","floor":16},{"not_picked":["Barrage","Conserve Battery+1"],"picked":"White Noise+1","floor":18},{"not_picked":["Gash+1","Heatsinks","Glacier+1"],"picked":"SKIP","floor":19}],"player_experience":143352,"relics_obtained":[{"floor":9,"key":"Lantern"},{"floor":11,"key":"Bronze Scales"},{"floor":17,"key":"Boot"},{"floor":17,"key":"Toxic Egg 2"},{"floor":17,"key":"Shovel"},{"floor":26,"key":"Mummified Hand"}],"event_choices":[{"event_name":"Scrap Ooze","player_choice":"success","floor":13,"damage_taken":12},{"event_name":"Forgotten Altar","player_choice":"Shed Blood","floor":20,"damage_taken":0},{"event_name":"Golden Shrine","player_choice":"Desecrate","floor":21,"damage_taken":0},{"event_name":"Back to Basics","player_choice":"Simplicity","floor":24,"damage_taken":0},{"event_name":"Upgrade Shrine","player_choice":"Upgraded","floor":25,"damage_taken":0}],"is_beta":true,"boss_relics":[{"not_picked":["Orrery","Eternal Feather"],"picked":"Calling Bell"}],"items_purged_floors":[22],"is_endless":false,"potions_floor_spawned":[5,7,11,19],"killed_by":"Slavers","ascension_level":7}