{"gold_per_floor":[111,126,126,186,206,206,238,296,296,314,314,314,324,338,338,438,438,449,122,122,47,57,84,84,111,135,135,145,162,77,77,77,172,172,188,0,0,0,16,50,50,67,67,19,19,32,32,32,32,32],"floor_reached":50,"playtime":2138,"items_purged":["Bloodletting"],"score":533,"play_id":"ef3c4f3f-6c8d-4b28-9dd5-ee3bfa474b6f","local_time":"20190220171352","is_ascension_mode":false,"campfire_choices":[{"data":"Rampage","floor":6,"key":"SMITH"},{"data":"Anger","floor":15,"key":"SMITH"},{"data":"Double Tap","floor":24,"key":"SMITH"},{"floor":27,"key":"REST"},{"data":"Anger","floor":32,"key":"SMITH"},{"floor":41,"key":"REST"},{"floor":45,"key":"REST"},{"data":"Flex","floor":49,"key":"SMITH"}],"neow_cost":"NONE","seed_source_timestamp":340588114160318,"circlet_count":0,"master_deck":["Strike_R","Strike_R","Strike_R","Strike_R+1","Defend_R+1","Defend_R","Defend_R","Bash+1","Rampage+1","Wild Strike","Anger+1","Anger+1","Clash","Twin Strike","Wild Strike","Double Tap+1","Perfected Strike+1","Cleave+1","Clash+1","Perfected Strike+1","Metallicize+1","Impervious","Rupture+1","Pummel+1","Rage+1","Spot Weakness+1","Armaments+1","Wild Strike+1","Infernal Blade+1","Flex","Flex+1"],"relics":["Burning Blood","Vajra","Matryoshka","Dodecahedron","Omamori","Anchor","Bag of Preparation","Cursed Key","Molten Egg 2","Ancient Tea Set","Bronze Scales","Pen Nib","War Paint","Pantograph","Astrolabe","Red Mask","Red Skull","Darkstone Periapt"],"potions_floor_usage":[18,28,40,40,50,50],"damage_taken":[{"damage":0,"enemies":"2 Louse","floor":1,"turns":3},{"damage":6,"enemies":"Jaw Worm","floor":2,"turns":3},{"damage":0,"enemies":"Small Slimes","floor":5,"turns":3},{"damage":15,"enemies":"Gremlin Nob","floor":7,"turns":4},{"damage":15,"enemies":"Gremlin Nob","floor":8,"turns":4},{"damage":0,"enemies":"3 Louse","floor":10,"turns":2},{"damage":1,"enemies":"Exordium Wildlife","floor":13,"turns":2},{"damage":3,"enemies":"Exordium Thugs","floor":14,"turns":3},{"damage":44,"enemies":"Slime Boss","floor":16,"turns":11},{"damage":10,"enemies":"2 Thieves","floor":18,"turns":3},{"damage":0,"enemies":"Chosen","floor":22,"turns":3},{"damage":0,"enemies":"Book of Stabbing","floor":23,"turns":2},{"damage":29,"enemies":"Slavers","floor":25,"turns":4},{"damage":0,"enemies":"Snake Plant","floor":28,"turns":2},{"damage":0,"enemies":"Cultist and Chosen","floor":29,"turns":2},{"damage":25,"enemies":"Collector","floor":33,"turns":4},{"damage":0,"enemies":"3 Darklings","floor":35,"turns":2},{"damage":0,"enemies":"Orb Walker","floor":39,"turns":2},{"damage":62,"enemies":"Giant Head","floor":40,"turns":7},{"damage":0,"enemies":"Jaw Worm Horde","floor":42,"turns":3},{"damage":12,"enemies":"Writhing Mass","floor":46,"turns":4},{"damage":93,"enemies":"Awakened One","floor":50,"turns":9}],"seed_played":"-1666580706616878178","potions_obtained":[{"floor":1,"key":"SteroidPotion"},{"floor":5,"key":"Weak Potion"},{"floor":8,"key":"Poison Potion"},{"floor":14,"key":"Block Potion"},{"floor":18,"key":"SteroidPotion"},{"floor":28,"key":"Energy Potion"},{"floor":42,"key":"Block Potion"},{"floor":46,"key":"Swift Potion"}],"is_trial":false,"path_per_floor":["M","M","?","?","M","R","E","?","T","M","?","?","M","M","R","B",null,"M","$","?","?","M","E","R","E","T","R","M","M","?","$","R","B",null,"M","?","?","$","M","E","R","M","T","$","R","M","?","$","R","B"],"character_chosen":"IRONCLAD","items_purchased":["Molten Egg 2","Heavy Blade+1"],"campfire_rested":3,"item_purchase_floors":[19,44],"current_hp_per_floor":[80,80,80,80,80,80,71,62,62,68,52,45,50,53,53,15,80,76,76,76,76,80,80,80,57,57,80,80,80,80,80,80,61,80,80,80,80,80,80,24,48,54,54,54,78,72,72,72,72,0],"gold":32,"neow_bonus":"RANDOM_COMMON_RELIC","is_prod":false,"is_daily":false,"chose_seed":false,"campfire_upgraded":5,"win_rate":0.0,"timestamp":1550704432,"path_taken":["M","M","?","?","M","R","E","?","T","M","?","?","?","M","R","BOSS","M","$","?","?","M","E","R","E","T","R","M","M","?","?","R","BOSS","M","?","?","?","M","E","R","M","T","$","R","M","?","$","R","BOSS"],"build_version":"2019-01-23","purchased_purges":1,"victory":false,"max_hp_per_floor":[80,80,80,80,80,80,80,80,80,80,80,80,80,80,80,80,80,80,80,80,80,80,80,80,80,80,80,80,80,80,80,80,80,80,80,80,80,80,80,80,80,80,80,80,80,80,80,80,80,80],"card_choices":[{"not_picked":["Battle Trance","Dual Wield"],"picked":"Rampage","floor":1},{"not_picked":["Carnage","Feel No Pain"],"picked":"Wild Strike","floor":2},{"not_picked":["Wild Strike","Infernal Blade"],"picked":"Anger","floor":5},{"not_picked":["Searing Blow","Sword Boomerang"],"picked":"Anger","floor":7},{"not_picked":["Headbutt","Blood for Blood"],"picked":"Clash","floor":8},{"not_picked":["Immolate","Corruption"],"picked":"Twin Strike","floor":10},{"not_picked":["Clothesline","Searing Blow"],"picked":"Bloodletting","floor":13},{"not_picked":["Sentinel","Infernal Blade"],"picked":"Wild Strike","floor":14},{"not_picked":["Immolate","Fiend Fire"],"picked":"Double Tap","floor":16},{"not_picked":["True Grit+1","Body Slam"],"picked":"Bloodletting","floor":18},{"not_picked":["Corruption","Body Slam+1"],"picked":"Cleave+1","floor":22},{"not_picked":["Brutality","Reckless Charge+1"],"picked":"Sever Soul+1","floor":23},{"not_picked":["Shrug It Off+1","Pummel+1"],"picked":"Clash+1","floor":25},{"not_picked":["Clash+1","Sword Boomerang+1"],"picked":"Perfected Strike+1","floor":28},{"not_picked":["Second Wind","Headbutt+1"],"picked":"Metallicize+1","floor":29},{"not_picked":["Brutality","Feed+1"],"picked":"Impervious","floor":33},{"not_picked":["Carnage+1","Havoc+1"],"picked":"Spot Weakness+1","floor":35},{"not_picked":["Sword Boomerang+1","Spot Weakness"],"picked":"Armaments+1","floor":39},{"not_picked":["Clothesline+1","Metallicize+1"],"picked":"Wild Strike+1","floor":40},{"not_picked":["Bloodletting+1","True Grit"],"picked":"Infernal Blade+1","floor":42},{"not_picked":["Clothesline+1","Combust+1"],"picked":"Flex","floor":46}],"player_experience":48152,"relics_obtained":[{"floor":7,"key":"Matryoshka"},{"floor":8,"key":"Dodecahedron"},{"floor":9,"key":"Omamori"},{"floor":9,"key":"Anchor"},{"floor":23,"key":"Ancient Tea Set"},{"floor":25,"key":"Bronze Scales"},{"floor":26,"key":"Pen Nib"},{"floor":26,"key":"War Paint"},{"floor":40,"key":"Red Skull"},{"floor":43,"key":"Darkstone Periapt"}],"event_choices":[{"damage_healed":0,"gold_gain":0,"player_choice":"Leave","damage_taken":0,"max_hp_gain":0,"max_hp_loss":0,"event_name":"The Cleric","floor":3,"gold_loss":0},{"damage_healed":0,"gold_gain":60,"player_choice":"Gained Gold","damage_taken":0,"max_hp_gain":0,"max_hp_loss":0,"event_name":"Golden Wing","floor":4,"gold_loss":0},{"damage_healed":0,"gold_gain":0,"player_choice":"Searched \u00271\u0027 times","damage_taken":0,"max_hp_gain":0,"max_hp_loss":0,"event_name":"Dead Adventurer","floor":8,"gold_loss":0},{"damage_healed":0,"gold_gain":0,"player_choice":"Entered Light","damage_taken":16,"max_hp_gain":0,"max_hp_loss":0,"event_name":"Shining Light","floor":11,"gold_loss":0,"cards_upgraded":["Strike_R","Bash"]},{"damage_healed":0,"gold_gain":0,"player_choice":"Success","damage_taken":7,"relics_obtained":["Bag of Preparation"],"max_hp_gain":0,"max_hp_loss":0,"event_name":"Scrap Ooze","floor":12,"gold_loss":0},{"damage_healed":0,"gold_gain":0,"player_choice":"Read","damage_taken":0,"max_hp_gain":0,"max_hp_loss":0,"event_name":"The Library","floor":20,"gold_loss":0,"cards_obtained":["Perfected Strike"]},{"cards_removed":["Bloodletting"],"damage_healed":0,"gold_gain":0,"player_choice":"Gave Gold","damage_taken":0,"max_hp_gain":0,"max_hp_loss":0,"event_name":"Beggar","floor":21,"gold_loss":75},{"damage_healed":0,"gold_gain":0,"player_choice":"Obtained Relic","damage_taken":0,"relics_obtained":["Pantograph"],"max_hp_gain":0,"max_hp_loss":0,"event_name":"Addict","floor":30,"gold_loss":85},{"damage_healed":0,"gold_gain":0,"player_choice":"Paid","damage_taken":0,"relics_obtained":["Red Mask"],"max_hp_gain":0,"max_hp_loss":0,"event_name":"Tomb of Lord Red Mask","floor":36,"gold_loss":188},{"damage_healed":0,"gold_gain":0,"player_choice":"Ignored","damage_taken":0,"max_hp_gain":0,"max_hp_loss":0,"event_name":"Mysterious Sphere","floor":37,"gold_loss":0},{"damage_healed":0,"gold_gain":0,"cards_transformed":["Heavy Blade"],"player_choice":"Transformed","damage_taken":0,"max_hp_gain":0,"max_hp_loss":0,"event_name":"Transmorgrifier","floor":47,"gold_loss":0,"cards_obtained":["Flex"]}],"is_beta":false,"boss_relics":[{"not_picked":["Fusion Hammer","Ectoplasm"],"picked":"Cursed Key"},{"not_picked":["Runic Cube","Calling Bell"],"picked":"Astrolabe"}],"items_purged_floors":[19],"is_endless":false,"potions_floor_spawned":[1,5,8,14,18,25,28,33,35,42,46],"killed_by":"Awakened One","ascension_level":0}