{"gold_per_floor":[115,126,4,79,79,79,99,115,115,115,115,125,25,36,36,36],"floor_reached":16,"playtime":211,"items_purged":["Strike_R","Decay"],"score":92,"play_id":"73ab471c-88a8-43cb-b6d2-3e2724e80e13","local_time":"20190308161847","is_ascension_mode":false,"campfire_choices":[{"data":"Searing Blow","floor":6,"key":"SMITH"},{"data":"Searing Blow+1","floor":10,"key":"SMITH"},{"data":"Searing Blow+2","floor":15,"key":"SMITH"}],"neow_cost":"NONE","seed_source_timestamp":600197690703278,"circlet_count":0,"master_deck":["Strike_R","Strike_R","Strike_R","Strike_R","Defend_R","Defend_R","Defend_R","Defend_R","Bash","Searing Blow+3","Whirlwind","Flex"],"relics":["Burning Blood","NeowsBlessing","Singing Bowl"],"potions_floor_usage":[8,12,16,16],"damage_taken":[{"damage":0,"enemies":"Jaw Worm","floor":1,"turns":1},{"damage":0,"enemies":"2 Louse","floor":2,"turns":1},{"damage":0,"enemies":"Cultist","floor":7,"turns":1},{"damage":13,"enemies":"2 Fungi Beasts","floor":8,"turns":3},{"damage":27,"enemies":"Exordium Wildlife","floor":12,"turns":4},{"damage":0,"enemies":"3 Louse","floor":14,"turns":1},{"damage":58,"enemies":"The Guardian","floor":16,"turns":7}],"seed_played":"-6171636175365402625","potions_obtained":[{"floor":1,"key":"Energy Potion"},{"floor":2,"key":"LiquidBronze"},{"floor":8,"key":"GamblersBrew"},{"floor":12,"key":"SkillPotion"}],"is_trial":false,"path_per_floor":["M","M","$","?","?","R","M","M","T","R","?","M","$","M","R","B"],"character_chosen":"IRONCLAD","items_purchased":["Flex"],"campfire_rested":0,"item_purchase_floors":[3],"current_hp_per_floor":[80,80,80,69,69,69,75,68,68,68,68,49,49,57,57,0],"gold":36,"neow_bonus":"THREE_ENEMY_KILL","is_prod":false,"is_daily":false,"chose_seed":false,"campfire_upgraded":3,"win_rate":0,"timestamp":1552079927,"path_taken":["M","M","$","?","?","R","?","M","T","R","?","?","$","M","R","BOSS"],"build_version":"2019-01-23","purchased_purges":2,"victory":false,"max_hp_per_floor":[80,80,80,80,80,80,80,80,80,80,80,82,82,84,84,84],"card_choices":[{"not_picked":["True Grit","Anger"],"picked":"Searing Blow","floor":1},{"not_picked":["Havoc","Warcry"],"picked":"Whirlwind","floor":2},{"not_picked":["Clothesline","Armaments","Juggernaut"],"picked":"SKIP","floor":7},{"not_picked":["Twin Strike","Clothesline","Searing Blow"],"picked":"SKIP","floor":8},{"not_picked":["Pummel","Wild Strike","Seeing Red"],"picked":"Singing Bowl","floor":12},{"not_picked":["Wild Strike","Intimidate","Body Slam"],"picked":"Singing Bowl","floor":14}],"player_experience":856407,"relics_obtained":[{"floor":9,"key":"Singing Bowl"}],"event_choices":[{"damage_healed":0,"gold_gain":75,"player_choice":"Gather Gold","damage_taken":11,"max_hp_gain":0,"max_hp_loss":0,"event_name":"World of Goop","floor":4,"gold_loss":0},{"damage_healed":0,"gold_gain":0,"player_choice":"Fled","damage_taken":0,"max_hp_gain":0,"max_hp_loss":0,"event_name":"Scrap Ooze","floor":5,"gold_loss":0},{"damage_healed":0,"gold_gain":0,"player_choice":"Cursed","damage_taken":0,"max_hp_gain":0,"max_hp_loss":0,"event_name":"Wheel of Change","floor":11,"gold_loss":0,"cards_obtained":["Decay"]}],"is_beta":false,"boss_relics":[],"items_purged_floors":[3,13],"is_endless":false,"potions_floor_spawned":[1,2,8,12],"killed_by":"The Guardian","ascension_level":0}