{"gold_per_floor":[114,114,39,59,12,45,55,55,80,90,119,119,119,194,194,297,297,315,327,327,327,358,358,369,294,320,320],"floor_reached":27,"playtime":1020,"items_purged":["Pain"],"score":219,"play_id":"b83b974a-90b0-484e-bc78-53a5a75d9d36","local_time":"20190501161602","is_ascension_mode":false,"campfire_choices":[{"data":"Shockwave","floor":8,"key":"SMITH"},{"floor":15,"key":"REST"},{"data":"Shrug It Off","floor":23,"key":"SMITH"}],"neow_cost":"NONE","seed_source_timestamp":1791704535311196,"circlet_count":0,"master_deck":["Strike_R","Strike_R","Strike_R","Strike_R","Strike_R","Defend_R","Defend_R","Defend_R","Defend_R","Bash","Body Slam","Heavy Blade","Shrug It Off+1","Spot Weakness","Shockwave+1","Twin Strike","Corruption","Berserk","Thunderclap","Pummel","Spot Weakness","Disarm","Disarm"],"relics":["Burning Blood","Lantern","WarpedTongs","Regal Pillow","Potion Belt","Orichalcum","Pantograph","Mark of Pain","Strawberry","Red Mask"],"potions_floor_usage":[16,18,22,27],"damage_taken":[{"damage":6,"enemies":"2 Louse","floor":1,"turns":4},{"damage":1,"enemies":"Cultist","floor":4,"turns":3},{"damage":31,"enemies":"Gremlin Nob","floor":6,"turns":5},{"damage":6,"enemies":"Jaw Worm","floor":7,"turns":2},{"damage":9,"enemies":"Blue Slaver","floor":10,"turns":2},{"damage":29,"enemies":"3 Sentries","floor":11,"turns":6},{"damage":25,"enemies":"Slime Boss","floor":16,"turns":9},{"damage":1,"enemies":"Shell Parasite","floor":18,"turns":3},{"damage":19,"enemies":"2 Thieves","floor":19,"turns":3},{"damage":46,"enemies":"Masked Bandits","floor":22,"turns":4},{"damage":12,"enemies":"Snake Plant","floor":24,"turns":3},{"damage":29,"enemies":"Slavers","floor":27,"turns":3}],"seed_played":"-7661322075397335483","potions_obtained":[{"floor":1,"key":"Strength Potion"},{"floor":4,"key":"LiquidBronze"},{"floor":6,"key":"Poison Potion"},{"floor":11,"key":"Explosive Potion"},{"floor":19,"key":"Weak Potion"},{"floor":24,"key":"Strength Potion"}],"is_trial":false,"path_per_floor":["M","?","$","M","$","E","M","R","T","M","E","T","$","?","R","B",null,"M","M","?","?","?","R","M","$","T","E"],"character_chosen":"IRONCLAD","items_purchased":["Shrug It Off","Disarm"],"campfire_rested":1,"item_purchase_floors":[5,25],"current_hp_per_floor":[80,80,80,80,80,55,55,55,55,52,29,29,29,18,57,61,80,80,67,74,74,34,34,28,28,28,0],"gold":320,"neow_bonus":"RANDOM_COMMON_RELIC","is_prod":false,"is_daily":false,"chose_seed":false,"campfire_upgraded":2,"win_rate":0,"timestamp":1556745362,"path_taken":["M","?","?","M","$","E","M","R","T","M","E","?","?","?","R","BOSS","M","M","?","?","?","R","M","$","T","E"],"build_version":"2019-01-23","purchased_purges":1,"victory":false,"max_hp_per_floor":[80,80,80,80,80,80,80,80,80,80,80,80,80,80,80,80,80,80,80,87,87,87,87,87,87,87,87],"card_choices":[{"not_picked":["Combust","Armaments"],"picked":"Body Slam","floor":1},{"not_picked":["Sentinel","Havoc"],"picked":"Heavy Blade","floor":4},{"not_picked":["Impervious","Pommel Strike"],"picked":"Spot Weakness","floor":6},{"not_picked":["Pummel","True Grit"],"picked":"Shockwave","floor":7},{"not_picked":["Bloodletting","Sentinel"],"picked":"Twin Strike","floor":10},{"not_picked":["Clothesline","Bloodletting"],"picked":"Corruption","floor":11},{"not_picked":["Juggernaut","Impervious"],"picked":"Berserk","floor":16},{"not_picked":["Carnage+1","Clothesline"],"picked":"Thunderclap","floor":18},{"not_picked":["Perfected Strike","Clothesline"],"picked":"Pummel","floor":19},{"not_picked":["Anger","Shrug It Off"],"picked":"Spot Weakness","floor":22},{"not_picked":["Rupture","Pummel"],"picked":"Disarm","floor":24}],"player_experience":254809,"relics_obtained":[{"floor":6,"key":"Regal Pillow"},{"floor":9,"key":"Potion Belt"},{"floor":11,"key":"Orichalcum"},{"floor":12,"key":"Pantograph"},{"floor":22,"key":"Red Mask"}],"event_choices":[{"damage_healed":0,"gold_gain":0,"player_choice":"Rummage","damage_taken":0,"relics_obtained":["WarpedTongs"],"max_hp_gain":0,"max_hp_loss":0,"event_name":"Accursed Blacksmith","floor":2,"gold_loss":0,"cards_obtained":["Pain"]},{"damage_healed":0,"gold_gain":75,"player_choice":"Gather Gold","damage_taken":11,"max_hp_gain":0,"max_hp_loss":0,"event_name":"World of Goop","floor":14,"gold_loss":0},{"damage_healed":0,"gold_gain":0,"player_choice":"Opened","damage_taken":0,"relics_obtained":["Strawberry"],"max_hp_gain":0,"max_hp_loss":0,"event_name":"The Mausoleum","floor":20,"gold_loss":0},{"damage_healed":0,"gold_gain":0,"player_choice":"Ignored","damage_taken":0,"max_hp_gain":0,"max_hp_loss":0,"event_name":"Ghosts","floor":21,"gold_loss":0},{"damage_healed":0,"gold_gain":0,"player_choice":"Fought Bandits","damage_taken":0,"max_hp_gain":0,"max_hp_loss":0,"event_name":"Masked Bandits","floor":22,"gold_loss":0}],"is_beta":false,"boss_relics":[{"not_picked":["Coffee Dripper","Lizard Tail"],"picked":"Mark of Pain"}],"items_purged_floors":[3],"is_endless":false,"potions_floor_spawned":[1,4,6,7,11,19,24],"killed_by":"Slavers","ascension_level":0}