{"gold_per_floor":[118,118,129,129,94,94,108,108,176,176,191,201,231,231,231,334,334,354,369,6,6,6,6,41,41,41,67,86,106,106,106,106,106],"floor_reached":33,"playtime":1687,"items_purged":["Regret"],"score":407,"play_id":"b3b5be20-c845-4c54-926d-c911b1b993c3","local_time":"20190410115504","is_ascension_mode":true,"campfire_choices":[{"data":"Armaments","floor":6,"key":"SMITH"},{"data":"Pommel Strike","floor":8,"key":"SMITH"},{"data":"Bash","floor":10,"key":"SMITH"},{"data":"Whirlwind","floor":15,"key":"SMITH"},{"data":"Feed","floor":23,"key":"SMITH"},{"data":"Immolate","floor":25,"key":"SMITH"},{"data":"Shrug It Off","floor":32,"key":"SMITH"}],"neow_cost":"PERCENT_DAMAGE","seed_source_timestamp":2239597711780100,"circlet_count":0,"master_deck":["Strike_R","Strike_R","Strike_R","Strike_R","Defend_R","Defend_R","Defend_R","Defend_R","Bash+1","Reaper","Headbutt","Armaments+1","Pommel Strike+1","Feed+1","Shrug It Off+1","Whirlwind+1","Double Tap","Clothesline","Immolate+1","Dropkick+1","Ghostly Armor+1","Clothesline","Limit Break","Ghostly","Ghostly","Ghostly","Ghostly","Ghostly"],"relics":["Burning Blood","Letter Opener","Du-Vu Doll","Juzu Bracelet","Champion Belt","Busted Crown","Pen Nib","Nloth\u0027s Gift","Ancient Tea Set","Pantograph","The Courier"],"potions_floor_usage":[18,24,27,33,33],"damage_taken":[{"damage":1,"enemies":"Cultist","floor":1,"turns":3},{"damage":6,"enemies":"Jaw Worm","floor":3,"turns":5},{"damage":0,"enemies":"Small Slimes","floor":7,"turns":3},{"damage":26,"enemies":"Exordium Wildlife","floor":11,"turns":6},{"damage":8,"enemies":"Large Slime","floor":12,"turns":5},{"damage":24,"enemies":"Gremlin Nob","floor":13,"turns":4},{"damage":32,"enemies":"Slime Boss","floor":16,"turns":10},{"damage":17,"enemies":"Spheric Guardian","floor":18,"turns":4},{"damage":0,"enemies":"Chosen","floor":19,"turns":3},{"damage":21,"enemies":"Slavers","floor":24,"turns":2},{"damage":21,"enemies":"Gremlin Leader","floor":27,"turns":5},{"damage":15,"enemies":"Shelled Parasite and Fungi","floor":28,"turns":3},{"damage":12,"enemies":"Centurion and Healer","floor":29,"turns":4},{"damage":55,"enemies":"Collector","floor":33,"turns":9}],"seed_played":"2636098894108163074","potions_obtained":[{"floor":11,"key":"SpeedPotion"},{"floor":13,"key":"LiquidBronze"},{"floor":16,"key":"Poison Potion"},{"floor":19,"key":"Energy Potion"},{"floor":24,"key":"Explosive Potion"},{"floor":28,"key":"FearPotion"},{"floor":29,"key":"Ancient Potion"}],"is_trial":false,"path_per_floor":["M","T","M","?","?","R","M","R","T","R","M","M","E","?","R","B",null,"M","M","$","?","?","R","E","R","T","E","M","M","?","?","R","B"],"character_chosen":"IRONCLAD","items_purchased":["Pen Nib","Immolate"],"campfire_rested":0,"item_purchase_floors":[20,20],"current_hp_per_floor":[56,56,60,42,62,62,76,76,86,86,70,76,64,64,64,48,86,75,84,84,84,84,84,76,76,76,87,83,85,85,54,54,0],"gold":106,"neow_bonus":"THREE_RARE_CARDS","is_prod":false,"is_daily":false,"chose_seed":false,"campfire_upgraded":7,"win_rate":0,"timestamp":1554911704,"path_taken":["M","?","M","?","?","R","M","R","T","R","M","M","E","?","R","BOSS","M","M","$","?","?","R","E","R","T","E","M","M","?","?","R","BOSS"],"build_version":"2019-01-23","purchased_purges":1,"victory":false,"max_hp_per_floor":[80,80,80,80,80,80,80,80,90,90,90,94,94,94,94,98,98,98,101,101,101,101,101,101,101,101,105,105,109,109,54,54,54],"card_choices":[{"not_picked":["Barricade","Double Tap"],"picked":"Reaper","floor":0},{"not_picked":["Iron Wave","True Grit"],"picked":"Headbutt","floor":1},{"not_picked":["Fire Breathing","Sword Boomerang"],"picked":"Armaments","floor":3},{"not_picked":["Flex","Pummel"],"picked":"Pommel Strike","floor":7},{"not_picked":["Searing Blow","Seeing Red"],"picked":"Feed","floor":11},{"not_picked":["Dual Wield","Armaments"],"picked":"Shrug It Off","floor":12},{"not_picked":["Entrench","Seeing Red"],"picked":"Whirlwind","floor":13},{"not_picked":["Exhume","Brutality"],"picked":"Double Tap","floor":16},{"not_picked":[],"picked":"Clothesline","floor":18},{"not_picked":["Clash"],"picked":"SKIP","floor":19},{"not_picked":[],"picked":"Dropkick+1","floor":24},{"not_picked":["Dark Embrace"],"picked":"SKIP","floor":27},{"not_picked":[],"picked":"Ghostly Armor+1","floor":28},{"not_picked":[],"picked":"Clothesline","floor":29}],"player_experience":309624,"relics_obtained":[{"floor":2,"key":"Letter Opener"},{"floor":9,"key":"Pear"},{"floor":13,"key":"Juzu Bracelet"},{"floor":24,"key":"Ancient Tea Set"},{"floor":26,"key":"Pantograph"},{"floor":27,"key":"The Courier"}],"event_choices":[{"damage_healed":0,"gold_gain":0,"player_choice":"Success","damage_taken":18,"relics_obtained":["Du-Vu Doll"],"max_hp_gain":0,"max_hp_loss":0,"event_name":"Scrap Ooze","floor":4,"gold_loss":0},{"damage_healed":20,"gold_gain":0,"player_choice":"Healed","damage_taken":0,"max_hp_gain":0,"max_hp_loss":0,"event_name":"The Cleric","floor":5,"gold_loss":35},{"damage_healed":0,"gold_gain":0,"player_choice":"Box","damage_taken":0,"relics_obtained":["Champion Belt"],"max_hp_gain":0,"max_hp_loss":0,"event_name":"Big Fish","floor":14,"gold_loss":0,"cards_obtained":["Regret"]},{"damage_healed":0,"gold_gain":0,"player_choice":"Ignored","damage_taken":0,"max_hp_gain":0,"max_hp_loss":0,"event_name":"Beggar","floor":21,"gold_loss":0},{"damage_healed":0,"gold_gain":0,"player_choice":"Traded Relic","damage_taken":0,"relics_obtained":["Nloth\u0027s Gift"],"max_hp_gain":0,"max_hp_loss":0,"event_name":"N\u0027loth","floor":22,"relics_lost":["Pear"],"gold_loss":0},{"damage_healed":0,"gold_gain":0,"cards_transformed":["Strike_R"],"player_choice":"Transformed","damage_taken":0,"max_hp_gain":0,"max_hp_loss":0,"event_name":"Transmorgrifier","floor":30,"gold_loss":0,"cards_obtained":["Limit Break"]},{"damage_healed":0,"gold_gain":0,"player_choice":"Became a Ghost","damage_taken":0,"max_hp_gain":0,"max_hp_loss":55,"event_name":"Ghosts","floor":31,"gold_loss":0,"cards_obtained":["Ghostly","Ghostly","Ghostly","Ghostly","Ghostly"]}],"is_beta":false,"boss_relics":[{"not_picked":["Runic Cube","Pandora\u0027s Box"],"picked":"Busted Crown"}],"items_purged_floors":[20],"is_endless":false,"potions_floor_spawned":[11,13,16,19,24,28,29],"killed_by":"Collector","ascension_level":7}