{"gold_per_floor":[110,123,136,7,7,7,7,41,41,102,119,139,139,165,165,165],"floor_reached":16,"playtime":361,"items_purged":[],"score":240,"play_id":"ee8c8d33-5af2-4fc4-a3ee-c1baa8203803","local_time":"20190403214425","is_ascension_mode":true,"campfire_choices":[{"data":"True Grit","floor":6.0,"key":"SMITH"},{"data":"Perfected Strike","floor":13.0,"key":"SMITH"},{"data":"Perfected Strike","floor":15.0,"key":"SMITH"}],"neow_cost":"NONE","seed_source_timestamp":611706451717785,"circlet_count":0,"master_deck":["AscendersBane","Strike_R","Strike_R","Strike_R","Strike_R","Strike_R","Defend_R","Defend_R","Defend_R","Defend_R","Bash","Perfected Strike+1","True Grit+1","Power Through","Perfected Strike+1","Perfected Strike"],"special_seed":0,"relics":["Burning Blood","NeowsBlessing","FaceOfCleric","Singing Bowl","Letter Opener","Tiny Chest","Peace Pipe"],"potions_floor_usage":[16,16],"damage_taken":[{"damage":0.0,"enemies":"Cultist","floor":1.0,"turns":1.0},{"damage":0.0,"enemies":"Jaw Worm","floor":2.0,"turns":1.0},{"damage":0.0,"enemies":"Small Slimes","floor":3.0,"turns":1.0},{"damage":32.0,"enemies":"Gremlin Nob","floor":8.0,"turns":4.0},{"damage":25.0,"enemies":"Lagavulin","floor":10.0,"turns":7.0},{"damage":9.0,"enemies":"Red Slaver","floor":11.0,"turns":4.0},{"damage":3.0,"enemies":"3 Louse","floor":12.0,"turns":4.0},{"damage":26.0,"enemies":"3 Sentries","floor":14.0,"turns":9.0},{"damage":25,"enemies":"Hexaghost","floor":16,"turns":7}],"seed_played":"657615750502290022","potions_obtained":[{"floor":8.0,"key":"Explosive Potion"},{"floor":10.0,"key":"Energy Potion"},{"floor":11.0,"key":"PowerPotion"}],"is_trial":false,"path_per_floor":["M","M","M","$","?","R","?","E","T","E","M","M","R","E","R","B"],"character_chosen":"IRONCLAD","items_purchased":["Power Through","Perfected Strike"],"campfire_rested":0,"item_purchase_floors":[4,4],"current_hp_per_floor":[74,75,75,75,75,75,75,50,50,34,34,40,40,23,23,0],"gold":165,"neow_bonus":"THREE_ENEMY_KILL","is_prod":false,"is_daily":false,"chose_seed":false,"campfire_upgraded":3,"win_rate":0,"timestamp":1554299065,"path_taken":["M","?","M","$","?","R","?","E","T","E","?","M","R","E","R","BOSS"],"build_version":"2019-01-23","purchased_purges":0,"victory":false,"max_hp_per_floor":[75,75,75,75,75,75,75,76,76,79,82,85,85,88,88,88],"card_choices":[{"not_picked":["Headbutt","Cleave"],"picked":"Perfected Strike","floor":1.0},{"not_picked":["Flex","Headbutt"],"picked":"True Grit","floor":2.0},{"not_picked":["Sever Soul","Metallicize","Iron Wave"],"picked":"SKIP","floor":3.0},{"not_picked":["Double Tap","Inflame"],"picked":"Perfected Strike","floor":8.0},{"not_picked":["Flex","Rupture","Anger"],"picked":"Singing Bowl","floor":10.0},{"not_picked":["Blood for Blood","Clothesline","Warcry"],"picked":"Singing Bowl","floor":11.0},{"not_picked":["Wild Strike","Warcry","Shrug It Off"],"picked":"Singing Bowl","floor":12.0},{"not_picked":["True Grit","Combust","Warcry"],"picked":"Singing Bowl","floor":14.0}],"player_experience":1316843,"relics_obtained":[{"floor":8.0,"key":"Singing Bowl"},{"floor":9.0,"key":"Letter Opener"},{"floor":10.0,"key":"Tiny Chest"},{"floor":14.0,"key":"Peace Pipe"}],"event_choices":[{"damage_healed":0.0,"max_hp_gain":0.0,"max_hp_loss":0.0,"gold_gain":0.0,"event_name":"The Cleric","player_choice":"Leave","floor":5.0,"gold_loss":0.0,"damage_taken":0.0},{"damage_healed":0.0,"max_hp_gain":0.0,"max_hp_loss":0.0,"gold_gain":0.0,"event_name":"FaceTrader","player_choice":"Trade","floor":7.0,"gold_loss":0.0,"damage_taken":0.0,"relics_obtained":["FaceOfCleric"]}],"is_beta":false,"boss_relics":[],"items_purged_floors":[],"is_endless":false,"potions_floor_spawned":[8,10,11,12,14],"killed_by":"Hexaghost","ascension_level":20}