{"gold_per_floor":[110,60,60,73,73,73,73,73,97,22,52,52,65,80,80,92],"floor_reached":16,"playtime":247,"items_purged":["Strike_R"],"score":150,"play_id":"9b70a06b-2d73-4efa-b452-b9efc1270c7d","local_time":"20190430122727","is_ascension_mode":true,"campfire_choices":[{"floor":6,"key":"DIG"},{"floor":8,"key":"DIG"},{"floor":12,"key":"DIG"},{"floor":15,"key":"DIG"}],"neow_cost":"CURSE","seed_source_timestamp":8761710833499,"circlet_count":0,"master_deck":["AscendersBane","Strike_R","Strike_R","Strike_R","Strike_R","Defend_R","Defend_R","Defend_R+1","Defend_R+1","Bash","Pummel","Sentinel+1","Shrug It Off","Inflame"],"relics":["Burning Blood","Shovel","Golden Idol","Question Card","War Paint","Omamori","Letter Opener","Pen Nib","MawBank"],"potions_floor_usage":[16],"damage_taken":[{"damage":7,"enemies":"Small Slimes","floor":1,"turns":4},{"damage":7,"enemies":"2 Louse","floor":4,"turns":3},{"damage":11,"enemies":"Cultist","floor":13,"turns":4},{"damage":13,"enemies":"3 Louse","floor":14,"turns":4},{"damage":37,"enemies":"Hexaghost","floor":16,"turns":7}],"seed_played":"7234460476507371888","potions_obtained":[{"floor":1,"key":"SteroidPotion"},{"floor":13,"key":"EssenceOfSteel"}],"is_trial":false,"path_per_floor":["M","?","?","M","?","R","$","R","T","$","?","R","M","M","R","B"],"character_chosen":"IRONCLAD","items_purchased":[],"campfire_rested":0,"item_purchase_floors":[],"current_hp_per_floor":[67,67,67,66,48,48,48,48,48,48,48,48,43,36,36,0],"gold":92,"neow_bonus":"ONE_RARE_RELIC","is_prod":false,"is_daily":false,"chose_seed":false,"campfire_upgraded":0,"win_rate":0,"timestamp":1556598447,"path_taken":["M","?","?","?","?","R","$","R","T","?","?","R","M","M","R","BOSS"],"build_version":"2019-01-23","purchased_purges":1,"victory":false,"max_hp_per_floor":[75,75,75,75,75,75,75,75,75,75,75,75,75,75,75,75],"card_choices":[{"not_picked":["Seeing Red","Pommel Strike"],"picked":"Pummel","floor":1},{"not_picked":["Intimidate","Perfected Strike"],"picked":"Sentinel","floor":4},{"not_picked":["Thunderclap","Clothesline","Havoc"],"picked":"Shrug It Off","floor":13},{"not_picked":["Combust","Perfected Strike","Armaments"],"picked":"Inflame","floor":14}],"player_experience":561410,"relics_obtained":[{"floor":6,"key":"Question Card"},{"floor":8,"key":"War Paint"},{"floor":9,"key":"Omamori"},{"floor":12,"key":"Pen Nib"},{"floor":15,"key":"MawBank"}],"event_choices":[{"cards_removed":["Injury"],"damage_healed":0,"gold_gain":0,"player_choice":"Card Removal","damage_taken":0,"max_hp_gain":0,"max_hp_loss":0,"event_name":"The Cleric","floor":2,"gold_loss":50},{"damage_healed":0,"gold_gain":0,"player_choice":"Forge","damage_taken":0,"max_hp_gain":0,"max_hp_loss":0,"event_name":"Accursed Blacksmith","floor":3,"gold_loss":0,"cards_upgraded":["Defend_R"]},{"damage_healed":0,"gold_gain":0,"player_choice":"Take Damage","damage_taken":18,"relics_obtained":["Golden Idol"],"max_hp_gain":0,"max_hp_loss":0,"event_name":"Golden Idol","floor":5,"gold_loss":0},{"damage_healed":0,"gold_gain":30,"player_choice":"Searched \u00272\u0027 times","damage_taken":0,"relics_obtained":["Letter Opener"],"max_hp_gain":0,"max_hp_loss":0,"event_name":"Dead Adventurer","floor":11,"gold_loss":0}],"is_beta":false,"boss_relics":[],"items_purged_floors":[10],"is_endless":false,"potions_floor_spawned":[1,13],"killed_by":"Hexaghost","ascension_level":14}