{"gold_per_floor":[116,133,148,166,20,20,47,47,47,67,78,92,167,186,186,288,288,301,201,201,201,213,213,226,226,226,250,280,308,331,357,369,381],"floor_reached":33,"playtime":1606,"items_purged":["Bash","Flex"],"score":321,"play_id":"7f0d6c20-84db-46de-9775-734f2556d71c","local_time":"20180824220808","is_ascension_mode":true,"campfire_choices":[{"data":"Armaments","floor":6,"key":"SMITH"},{"data":"Perfected Strike","floor":8,"key":"SMITH"},{"floor":15,"key":"REST"},{"floor":23,"key":"REST"},{"floor":25,"key":"REST"},{"floor":32,"key":"REST"}],"neow_cost":"NONE","seed_source_timestamp":431234563956975,"circlet_count":0,"master_deck":["Strike_R","Strike_R","Strike_R","Strike_R","Strike_R","Defend_R","Defend_R","Defend_R","Defend_R","Perfected Strike+1","Warcry","Twin Strike","Warcry","Pommel Strike+1","Armaments+1","Thunderclap","Dropkick","Dropkick","Headbutt","Ghostly Armor","Feed"],"relics":["Burning Blood","Dodecahedron","Magic Flower","Busted Crown","Nilry\u0027s Codex","MawBank"],"potions_floor_usage":[16,18,27,28,29,29],"damage_taken":[{"damage":0,"enemies":"Small Slimes","floor":1,"turns":3},{"damage":2,"enemies":"2 Louse","floor":2,"turns":3},{"damage":12,"enemies":"Jaw Worm","floor":3,"turns":2},{"damage":13,"enemies":"Exordium Wildlife","floor":4,"turns":5},{"damage":24,"enemies":"Gremlin Nob","floor":7,"turns":4},{"damage":16,"enemies":"Gremlin Gang","floor":10,"turns":5},{"damage":0,"enemies":"2 Fungi Beasts","floor":11,"turns":2},{"damage":9,"enemies":"3 Louse","floor":12,"turns":2},{"damage":18,"enemies":"Red Slaver","floor":14,"turns":3},{"damage":52,"enemies":"The Guardian","floor":16,"turns":13},{"damage":14,"enemies":"Shell Parasite","floor":18,"turns":3},{"damage":25,"enemies":"Spheric Guardian","floor":22,"turns":4},{"damage":11,"enemies":"3 Cultists","floor":24,"turns":5},{"damage":43,"enemies":"Snake Plant","floor":27,"turns":3},{"damage":14,"enemies":"Chosen and Byrds","floor":28,"turns":5},{"damage":20,"enemies":"Centurion and Healer","floor":29,"turns":4},{"damage":26,"enemies":"Sentry and Sphere","floor":30,"turns":4},{"damage":7,"enemies":"Chosen and Byrds","floor":31,"turns":3},{"damage":91,"enemies":"Automaton","floor":33,"turns":8}],"seed_played":"5402506897591867624","potions_obtained":[{"floor":10,"key":"FairyPotion"},{"floor":11,"key":"SpeedPotion"},{"floor":12,"key":"Dexterity Potion"},{"floor":16,"key":"BloodPotion"},{"floor":18,"key":"Weak Potion"},{"floor":24,"key":"PowerPotion"},{"floor":27,"key":"Energy Potion"},{"floor":28,"key":"Swift Potion"}],"is_trial":false,"path_per_floor":["M","M","M","M","$","R","E","R","T","M","M","M","?","M","R","B",null,"M","$","?","?","M","R","M","R","T","M","M","M","M","M","R"],"character_chosen":"IRONCLAD","items_purchased":["Flex","Armaments"],"campfire_rested":4,"item_purchase_floors":[5,5],"current_hp_per_floor":[80,80,74,67,67,67,49,49,49,42,51,51,40,31,55,12,63,75,75,75,59,43,67,65,83,83,49,44,33,22,24,50,0],"gold":381,"neow_bonus":"THREE_CARDS","is_prod":false,"is_daily":false,"chose_seed":false,"campfire_upgraded":2,"win_rate":0,"timestamp":1535119688,"path_taken":["M","M","M","M","$","R","E","R","T","M","M","M","?","M","R","BOSS","M","$","?","?","M","R","?","R","T","M","M","M","?","M","R","BOSS"],"build_version":"2018-08-23v2","purchased_purges":2,"victory":false,"max_hp_per_floor":[80,80,80,80,80,80,80,80,80,80,80,80,80,80,80,80,80,83,83,83,83,83,83,83,83,83,83,83,83,87,87,87,87],"card_choices":[{"not_picked":["Clothesline","Intimidate"],"picked":"Perfected Strike","floor":0},{"not_picked":["Heavy Blade","Infernal Blade"],"picked":"Warcry","floor":1},{"not_picked":["Bloodletting","Clothesline"],"picked":"Twin Strike","floor":2},{"not_picked":["Body Slam","Havoc"],"picked":"Warcry","floor":3},{"not_picked":["Iron Wave","Juggernaut"],"picked":"Pommel Strike","floor":4},{"not_picked":["Sever Soul","Dropkick"],"picked":"Thunderclap","floor":7},{"not_picked":["Ghostly Armor","Wild Strike"],"picked":"Dropkick","floor":10},{"not_picked":["Cleave","Hemokinesis"],"picked":"Dropkick","floor":11},{"not_picked":["True Grit","Pummel"],"picked":"Headbutt","floor":12},{"not_picked":["Bloodletting","Seeing Red"],"picked":"Ghostly Armor","floor":14},{"not_picked":["Offering","Berserk"],"picked":"Feed","floor":16},{"not_picked":["Armaments"],"picked":"SKIP","floor":18},{"not_picked":["Sword Boomerang"],"picked":"SKIP","floor":22},{"not_picked":["Sword Boomerang+1"],"picked":"SKIP","floor":24},{"not_picked":["Fire Breathing"],"picked":"SKIP","floor":27},{"not_picked":["Armaments"],"picked":"SKIP","floor":28},{"not_picked":["Wild Strike"],"picked":"SKIP","floor":29},{"not_picked":["Flex"],"picked":"SKIP","floor":30},{"not_picked":["Fire Breathing"],"picked":"SKIP","floor":31}],"player_experience":358407,"relics_obtained":[{"floor":7,"key":"Dodecahedron"},{"floor":9,"key":"Magic Flower"},{"floor":21,"key":"Nilry\u0027s Codex"},{"floor":26,"key":"MawBank"}],"event_choices":[{"event_name":"World of Goop","player_choice":"Gather Gold","floor":13,"damage_taken":0},{"event_name":"Upgrade Shrine","player_choice":"Upgraded","floor":20,"damage_taken":0},{"event_name":"Cursed Tome","player_choice":"Obtained Book","floor":21,"damage_taken":0}],"is_beta":false,"boss_relics":[{"not_picked":["Ectoplasm","Orrery"],"picked":"Busted Crown"}],"items_purged_floors":[5,19],"is_endless":false,"potions_floor_spawned":[10,11,12,16,18,24,27,28],"killed_by":"Automaton","ascension_level":5}