{"gold_per_floor":[114,124,135,145,145,145,159,234,261,261,282,282,303,316,316,440,440,455,455,471,491,44,44,44,44,69,93,93,93,107,146,146,270,270,283,44,0,13,13,26,26,26,26,26,41,65,85,106,106,106],"floor_reached":50,"playtime":5164,"items_purged":[],"score":660,"play_id":"c08580e2-bd4e-4aaa-8cb7-908959d4b559","local_time":"20180724183516","is_ascension_mode":false,"campfire_choices":[{"floor":6,"key":"REST"},{"data":"Barricade","floor":15,"key":"SMITH"},{"floor":23,"key":"REST"},{"data":"Metallicize","floor":25,"key":"SMITH"},{"data":"Inflame","floor":28,"key":"SMITH"},{"floor":32,"key":"REST"},{"floor":41,"key":"REST"},{"floor":49,"key":"REST"}],"neow_cost":"NONE","seed_source_timestamp":947148884950310,"circlet_count":0,"master_deck":["Strike_R+1","Strike_R+1","Strike_R+1","Strike_R+1","Strike_R+1","Defend_R+1","Defend_R+1","Defend_R+1","Bash","Flame Barrier+1","Seeing Red+1","Metallicize+1","Inflame+1","Clothesline","Headbutt","Barricade+1","Iron Wave","Impervious","Cleave","Infernal Blade","Pommel Strike","Ghostly Armor+1","Warcry","Reaper","Dark Embrace","Combust+1","Searing Blow+1","Pommel Strike+1","Pommel Strike+1","Thunderclap+1","Ghostly Armor+1","Cleave+1","Rage","True Grit+1","Double Tap","Shockwave+1"],"relics":["Black Blood","Golden Idol","War Paint","Gambling Chip","Lizard Tail","Vajra","Charon\u0027s Ashes","Pen Nib","Blood Vial","Boot","Mercury Hourglass","Red Mask","Prayer Wheel","Regal Pillow"],"potions_floor_usage":[4,16,18,18,30,31,33,39,39,45,45,45,50],"damage_taken":[{"damage":3,"enemies":"Small Slimes","floor":1,"turns":3},{"damage":6,"enemies":"Cultist","floor":2,"turns":3},{"damage":6,"enemies":"Jaw Worm","floor":3,"turns":3},{"damage":25,"enemies":"Exordium Thugs","floor":4,"turns":6},{"damage":1,"enemies":"2 Fungi Beasts","floor":7,"turns":5},{"damage":8,"enemies":"Lots of Slimes","floor":11,"turns":5},{"damage":5,"enemies":"Large Slime","floor":13,"turns":8},{"damage":7,"enemies":"Looter","floor":14,"turns":3},{"damage":26,"enemies":"Hexaghost","floor":16,"turns":15},{"damage":21,"enemies":"Spheric Guardian","floor":18,"turns":9},{"damage":33,"enemies":"2 Thieves","floor":20,"turns":5},{"damage":7,"enemies":"Chosen and Byrds","floor":21,"turns":8},{"damage":5,"enemies":"Centurion and Healer","floor":27,"turns":8},{"damage":17,"enemies":"Cultist and Chosen","floor":30,"turns":7},{"damage":20,"enemies":"Gremlin Leader","floor":31,"turns":7},{"damage":77,"enemies":"Automaton","floor":33,"turns":16},{"damage":25,"enemies":"3 Shapes","floor":35,"turns":7},{"damage":33,"enemies":"3 Darklings","floor":38,"turns":5},{"damage":24,"floor":39,"turns":9},{"damage":75,"enemies":"Maw","floor":40,"turns":10},{"damage":23,"enemies":"Transient","floor":45,"turns":5},{"damage":35,"enemies":"3 Darklings","floor":46,"turns":6},{"damage":43,"enemies":"4 Shapes","floor":47,"turns":8},{"damage":15,"enemies":"Flame Bruiser 2 Orb","floor":48,"turns":4},{"damage":90,"enemies":"Donu and Deca","floor":50,"turns":7}],"seed_played":"-1958449331596565612","potions_obtained":[{"floor":2,"key":"Regen Potion"},{"floor":3,"key":"Weak Potion"},{"floor":4,"key":"Ancient Potion"},{"floor":11,"key":"Dexterity Potion"},{"floor":16,"key":"Poison Potion"},{"floor":20,"key":"SkillPotion"},{"floor":30,"key":"Block Potion"},{"floor":38,"key":"EntropicBrew"},{"floor":40,"key":"BloodPotion"},{"floor":46,"key":"Dexterity Potion"}],"is_trial":false,"path_per_floor":["M","M","M","M","?","R","M","?","T","?","M","T","M","M","R","B",null,"M","?","M","M","$","R","?","R","T","M","R","T","M","E","R","B",null,"M","$","?","M","?","M","R","?","T","?","M","M","M","M","R"],"character_chosen":"IRONCLAD","items_purchased":["Vajra","Charon\u0027s Ashes","Mercury Hourglass"],"campfire_rested":5,"item_purchase_floors":[22,22,36],"current_hp_per_floor":[80,80,80,70,50,74,79,79,79,80,78,78,79,78,78,58,80,65,65,38,37,37,61,61,61,61,76,76,76,67,55,79,17,80,68,68,68,61,65,50,74,74,74,74,71,48,41,56,80,0],"gold":106,"neow_bonus":"THREE_CARDS","is_prod":false,"is_daily":false,"chose_seed":false,"campfire_upgraded":3,"win_rate":0.0,"timestamp":1532450116,"path_taken":["M","M","M","M","?","R","?","?","T","?","M","?","M","M","R","BOSS","M","?","M","M","$","R","?","R","T","M","R","?","M","E","R","BOSS","M","$","?","?","?","M","R","?","T","?","?","M","?","M","R","BOSS"],"build_version":"2018-07-19v2","purchased_purges":0,"victory":false,"max_hp_per_floor":[80,80,80,80,80,80,80,80,80,80,80,80,80,80,80,80,80,80,80,80,80,80,80,80,80,80,80,80,80,80,80,80,80,80,80,80,80,80,80,80,80,80,80,80,80,80,80,80,80,80],"card_choices":[{"not_picked":["Sever Soul","Evolve"],"picked":"Perfected Strike","floor":0},{"not_picked":["Flex","True Grit"],"picked":"Flame Barrier","floor":1},{"not_picked":["Twin Strike","Evolve"],"picked":"Seeing Red","floor":2},{"not_picked":["Spot Weakness","Anger"],"picked":"Metallicize","floor":3},{"not_picked":["Sentinel","Fire Breathing"],"picked":"Inflame","floor":4},{"not_picked":["Entrench","Dual Wield"],"picked":"Clothesline","floor":7},{"not_picked":["Anger","Clothesline"],"picked":"Headbutt","floor":11},{"not_picked":["Blood for Blood","Evolve"],"picked":"Barricade","floor":13},{"not_picked":["Blood for Blood","Pommel Strike"],"picked":"Iron Wave","floor":14},{"not_picked":["Exhume","Limit Break"],"picked":"Impervious","floor":16},{"not_picked":["Anger+1","Havoc"],"picked":"Cleave","floor":18},{"not_picked":["Pommel Strike","Havoc"],"picked":"Infernal Blade","floor":20},{"not_picked":["Corruption","Wild Strike+1"],"picked":"Pommel Strike","floor":21},{"not_picked":["Thunderclap","Rupture"],"picked":"Ghostly Armor+1","floor":27},{"not_picked":["Whirlwind","Heavy Blade"],"picked":"Warcry","floor":30},{"not_picked":["Barricade","Infernal Blade"],"picked":"Reaper","floor":31},{"not_picked":["Fiend Fire","Barricade"],"picked":"Dark Embrace","floor":33},{"not_picked":["True Grit","Entrench"],"picked":"Combust+1","floor":35},{"not_picked":["Iron Wave+1","Pommel Strike+1"],"picked":"Searing Blow+1","floor":38},{"not_picked":["Sword Boomerang","Clothesline+1"],"picked":"Pommel Strike+1","floor":39},{"not_picked":["Reckless Charge+1","Perfected Strike"],"picked":"Pommel Strike+1","floor":40},{"not_picked":["Sword Boomerang","Thunderclap+1","Heavy Blade"],"picked":"SKIP","floor":40},{"not_picked":["Sword Boomerang","Heavy Blade"],"picked":"Thunderclap+1","floor":40},{"not_picked":["Carnage+1","Combust"],"picked":"Ghostly Armor+1","floor":45},{"not_picked":["Hemokinesis+1","Shrug It Off+1","Heavy Blade"],"picked":"SKIP","floor":45},{"not_picked":["Barricade","Sever Soul+1"],"picked":"Cleave+1","floor":46},{"not_picked":["Havoc","Heavy Blade+1"],"picked":"Rage","floor":46},{"not_picked":["Heavy Blade","Clash+1"],"picked":"True Grit+1","floor":47},{"not_picked":["Spot Weakness","Infernal Blade+1","Double Tap"],"picked":"SKIP","floor":47},{"not_picked":["Spot Weakness","Infernal Blade+1"],"picked":"Double Tap","floor":47},{"not_picked":["Body Slam","Wild Strike+1"],"picked":"Shockwave+1","floor":48},{"not_picked":["Headbutt","Twin Strike","Clothesline"],"picked":"SKIP","floor":48}],"player_experience":100210,"relics_obtained":[{"floor":9,"key":"War Paint"},{"floor":12,"key":"Gambling Chip"},{"floor":26,"key":"Pen Nib"},{"floor":29,"key":"Blood Vial"},{"floor":31,"key":"Boot"},{"floor":39,"key":"Prayer Wheel"},{"floor":43,"key":"Regal Pillow"}],"event_choices":[{"event_name":"Golden Idol","player_choice":"Take Damage","floor":5,"damage_taken":0},{"event_name":"Golden Wing","player_choice":"Gained Gold","floor":8,"damage_taken":0},{"event_name":"Bonfire Elementals","player_choice":"COMMON","floor":10,"damage_taken":0},{"event_name":"Vampires","player_choice":"Ignored","floor":19,"damage_taken":0},{"event_name":"Back to Basics","player_choice":"Simplicity","floor":24,"damage_taken":0},{"event_name":"Tomb of Lord Red Mask","player_choice":"Paid","floor":37,"damage_taken":0},{"event_name":"MindBloom","player_choice":"Fight","floor":39,"damage_taken":0},{"event_name":"Upgrade Shrine","player_choice":"Upgraded","floor":42,"damage_taken":0},{"event_name":"Falling","player_choice":"Removed Skill","floor":44,"damage_taken":0}],"is_beta":false,"boss_relics":[{"not_picked":["Philosopher\u0027s Stone","Ectoplasm"],"picked":"Lizard Tail"},{"not_picked":["Black Star","Runic Dome"],"picked":"Black Blood"}],"items_purged_floors":[],"is_endless":false,"potions_floor_spawned":[2,3,4,11,16,20,30,38,40,46],"killed_by":"Donu and Deca","ascension_level":0}