{"gold_per_floor":[109,109,109,121,46,76,76,90,90,90,118,134,167,178,178,256,256,273,273,273,293,24,24,74,87,112,124,47,63,10,21,21,100,100,114,114,40,57,0,0,55,55,80,92,125,144,175,190,190,190,190,190,190,32,62,62],"floor_reached":57,"playtime":3285,"items_purged":["Pain"],"score":2714,"play_id":"38359458-e81f-47eb-9094-c9716f57977b","local_time":"20190503165525","is_ascension_mode":true,"campfire_choices":[{"data":"Zap","floor":7.0,"key":"SMITH"},{"data":"Coolheaded","floor":10.0,"key":"SMITH"},{"data":"Dualcast","floor":15.0,"key":"SMITH"},{"data":"Recycle","floor":23.0,"key":"SMITH"},{"data":"Fusion","floor":32.0,"key":"SMITH"},{"data":"Heatsinks","floor":40,"key":"SMITH"},{"data":"Heatsinks","floor":42,"key":"SMITH"},{"floor":49,"key":"RECALL"},{"data":"Turbo","floor":53,"key":"SMITH"}],"neow_cost":"NONE","seed_source_timestamp":751847859386400,"circlet_count":0,"master_deck":["AscendersBane","Zap+1","Dualcast+1","Consume+1","Coolheaded+1","Recycle+1","Double Energy","Melter","Machine Learning","Go for the Eyes","Biased Cognition","Cold Snap","Hologram","Compile Driver","Chill","Loop","White Noise","Panacea","All For One","Fusion+1","Double Energy","BootSequence","Conserve Battery","Turbo+1","Heatsinks+1","Echo Form","Tempest","Gash","Double Energy","Genetic Algorithm","Capacitor","Heatsinks+1","Compile Driver","Force Field","Skim","Turbo+1","Hologram","Coolheaded","Core Surge","Glacier","Redo+1","White Noise+1","Biased Cognition"],"special_seed":0,"relics":["Cracked Core","NeowsBlessing","WarpedTongs","Ornamental Fan","Meat on the Bone","Mercury Hourglass","Orrery","Matryoshka","Potion Belt","Centennial Puzzle","Pandora\u0027s Box","Red Mask","Pear","Vajra","Shuriken","PreservedInsect","DataDisk","Bottled Flame"],"potions_floor_usage":[51,56,56,56],"damage_taken":[{"damage":0.0,"enemies":"Jaw Worm","floor":1.0,"turns":1.0},{"damage":0.0,"enemies":"Cultist","floor":4.0,"turns":1.0},{"damage":0.0,"enemies":"3 Sentries","floor":6.0,"turns":1.0},{"damage":0.0,"enemies":"2 Louse","floor":8.0,"turns":2.0},{"damage":11.0,"enemies":"Gremlin Nob","floor":11.0,"turns":3.0},{"damage":3.0,"enemies":"Looter","floor":12.0,"turns":4.0},{"damage":23.0,"enemies":"Lagavulin","floor":13.0,"turns":6.0},{"damage":6.0,"enemies":"Blue Slaver","floor":14.0,"turns":2.0},{"damage":6.0,"enemies":"Hexaghost","floor":16.0,"turns":8.0},{"damage":3.0,"enemies":"3 Byrds","floor":18.0,"turns":5.0},{"damage":8.0,"enemies":"Colosseum Slavers","floor":20.0,"turns":5.0},{"damage":0.0,"enemies":"Spheric Guardian","floor":21.0,"turns":3.0},{"damage":21.0,"enemies":"Snecko","floor":25.0,"turns":4.0},{"damage":2.0,"enemies":"Sentry and Sphere","floor":27.0,"turns":4.0},{"damage":34.0,"enemies":"Shelled Parasite and Fungi","floor":29.0,"turns":6.0},{"damage":4.0,"enemies":"Snake Plant","floor":31.0,"turns":3.0},{"damage":7.0,"enemies":"Champ","floor":33.0,"turns":14.0},{"damage":24.0,"enemies":"Orb Walker","floor":35.0,"turns":3.0},{"damage":0,"enemies":"3 Darklings","floor":38,"turns":4},{"damage":27,"enemies":"2 Orb Walkers","floor":41,"turns":3},{"damage":0,"enemies":"Spire Growth","floor":44,"turns":3},{"damage":5,"enemies":"Reptomancer","floor":45,"turns":8},{"damage":0,"enemies":"4 Shapes","floor":46,"turns":4},{"damage":9,"enemies":"Giant Head","floor":47,"turns":3},{"damage":6,"enemies":"Sphere and 2 Shapes","floor":48,"turns":3},{"damage":13,"enemies":"Time Eater","floor":50,"turns":12},{"damage":29,"enemies":"Awakened One","floor":51,"turns":8},{"damage":22,"enemies":"Shield and Spear","floor":55,"turns":7},{"damage":42,"enemies":"The Heart","floor":56,"turns":9}],"seed_played":"1815011164377222943","potions_obtained":[{"floor":8.0,"key":"PowerPotion"},{"floor":12.0,"key":"SkillPotion"},{"floor":14.0,"key":"LiquidBronze"},{"floor":16.0,"key":"Block Potion"},{"floor":18.0,"key":"SkillPotion"},{"floor":25.0,"key":"Strength Potion"},{"floor":27.0,"key":"Strength Potion"},{"floor":35.0,"key":"Weak Potion"},{"floor":45,"key":"LiquidBronze"},{"floor":46,"key":"EssenceOfSteel"},{"floor":47,"key":"EssenceOfSteel"},{"floor":48,"key":"Block Potion"}],"is_trial":false,"path_per_floor":["M","?","?","M","$","E","R","M","T","R","E","M","E","M","R","B",null,"M","T","?","M","$","R","?","M","T","M","$","M","$","M","R","B",null,"M","?","$","M","?","R","?","R","T","M","E","M","E","M","R","B","B",null,"R","$","E","B",null],"character_chosen":"DEFECT","items_purchased":["Panacea","All For One","BootSequence","Turbo","Skim","DataDisk"],"campfire_rested":0,"item_purchase_floors":[22,22,28,30,37,54],"current_hp_per_floor":[64,43,43,43,43,43,43,43,43,43,32,41,30,36,36,42,64,61,61,53,53,53,53,53,44,44,42,42,20,20,28,28,33,62,38,38,38,38,38,38,23,23,33,45,52,52,43,49,49,48,31,69,69,69,47,17],"gold":62,"neow_bonus":"THREE_ENEMY_KILL","is_prod":false,"is_daily":false,"chose_seed":false,"campfire_upgraded":8,"win_rate":0,"timestamp":1556873725,"path_taken":["M","?","?","?","$","E","R","M","T","R","E","M","E","M","R","BOSS","M","?","?","M","$","R","?","M","T","M","$","M","?","?","R","BOSS","M","?","$","M","?","R","?","R","T","?","E","M","E","M","R","BOSS","BOSS","R","$","E","BOSS"],"build_version":"2019-01-23","purchased_purges":1,"victory":true,"max_hp_per_floor":[71,71,71,71,71,71,71,71,71,71,71,71,71,71,71,71,71,71,71,71,71,71,71,71,71,71,71,71,71,71,71,71,71,71,71,71,71,71,71,71,71,71,81,81,81,81,81,81,81,81,81,81,81,81,81,81],"card_choices":[{"not_picked":["Gash","Hologram"],"picked":"Consume","floor":1.0},{"not_picked":["Go for the Eyes","Rainbow"],"picked":"Coolheaded","floor":4.0},{"not_picked":["Static Discharge","Barrage"],"picked":"Recycle","floor":6.0},{"not_picked":["Sweeping Beam","Storm"],"picked":"Double Energy","floor":8.0},{"not_picked":["Storm","Stack"],"picked":"Melter","floor":11.0},{"not_picked":["Streamline","Reprogram","Recycle"],"picked":"SKIP","floor":12.0},{"not_picked":["Streamline","Lockon"],"picked":"Machine Learning","floor":13.0},{"not_picked":["Leap","Sweeping Beam"],"picked":"Go for the Eyes","floor":14.0},{"not_picked":["Reboot","Hyperbeam"],"picked":"Biased Cognition","floor":16.0},{"not_picked":["Lockon","Compile Driver"],"picked":"Cold Snap","floor":17.0},{"not_picked":["Cold Snap","Conserve Battery"],"picked":"Hologram","floor":17.0},{"not_picked":["Scrape","Coolheaded"],"picked":"Compile Driver","floor":17.0},{"not_picked":["Streamline","Cold Snap"],"picked":"Chill","floor":17.0},{"not_picked":["Gash","Redo"],"picked":"Loop","floor":17.0},{"not_picked":["Barrage","Sweeping Beam"],"picked":"White Noise","floor":18.0},{"not_picked":["Chill","Reinforced Body","Genetic Algorithm"],"picked":"SKIP","floor":21.0},{"not_picked":["Seek","Sunder"],"picked":"Fusion","floor":25.0},{"not_picked":["Rebound","Chaos"],"picked":"Double Energy","floor":27.0},{"not_picked":["Streamline","Chill"],"picked":"Conserve Battery","floor":29.0},{"not_picked":["Conserve Battery","Genetic Algorithm"],"picked":"Heatsinks","floor":31.0},{"not_picked":["Electrodynamics","All For One"],"picked":"Echo Form","floor":33.0},{"not_picked":["Lockon+1","Auto Shields"],"picked":"Force Field","floor":35.0},{"not_picked":["Go for the Eyes","Stack"],"picked":"Turbo+1","floor":38},{"not_picked":["Rebound","Coolheaded"],"picked":"Hologram","floor":41},{"not_picked":["Darkness","Doom and Gloom+1"],"picked":"Coolheaded","floor":44},{"not_picked":["Go for the Eyes","Coolheaded"],"picked":"Core Surge","floor":45},{"not_picked":["Stack","Hologram"],"picked":"Glacier","floor":46},{"not_picked":["Beam Cell","Ball Lightning"],"picked":"Redo+1","floor":47},{"not_picked":["Hello World","Recycle"],"picked":"White Noise+1","floor":48},{"not_picked":["Coolheaded","Tempest+1"],"picked":"Biased Cognition","floor":55}],"player_experience":1540386,"relics_obtained":[{"floor":6.0,"key":"Ornamental Fan"},{"floor":11.0,"key":"Meat on the Bone"},{"floor":13.0,"key":"Mercury Hourglass"},{"floor":19.0,"key":"Matryoshka"},{"floor":26.0,"key":"Potion Belt"},{"floor":26.0,"key":"Centennial Puzzle"},{"floor":43,"key":"Pear"},{"floor":43,"key":"Vajra"},{"floor":45,"key":"Shuriken"},{"floor":47,"key":"PreservedInsect"},{"floor":55,"key":"Bottled Flame"}],"event_choices":[{"damage_healed":0.0,"max_hp_gain":0.0,"max_hp_loss":0.0,"gold_gain":0.0,"event_name":"Shining Light","player_choice":"Entered Light","floor":2.0,"gold_loss":0.0,"damage_taken":21.0,"cards_upgraded":["Strike_B","Consume"]},{"damage_healed":0.0,"max_hp_gain":0.0,"max_hp_loss":0.0,"gold_gain":0.0,"event_name":"Accursed Blacksmith","player_choice":"Rummage","floor":3.0,"gold_loss":0.0,"damage_taken":0.0,"relics_obtained":["WarpedTongs"],"cards_obtained":["Pain"]},{"damage_healed":0.0,"max_hp_gain":0.0,"max_hp_loss":0.0,"gold_gain":0.0,"event_name":"Colosseum","player_choice":"Fight","floor":20.0,"gold_loss":0.0,"damage_taken":0.0},{"damage_healed":0.0,"max_hp_gain":0.0,"max_hp_loss":0.0,"gold_gain":0.0,"event_name":"Colosseum","player_choice":"Fled From Nobs","floor":20.0,"gold_loss":0.0,"damage_taken":0.0},{"damage_healed":0.0,"max_hp_gain":0.0,"max_hp_loss":0.0,"gold_gain":50.0,"event_name":"Nest","player_choice":"Stole From Cult","floor":24.0,"gold_loss":0.0,"damage_taken":0.0},{"cards_removed":["Gash"],"damage_healed":0.0,"max_hp_gain":0.0,"max_hp_loss":0.0,"gold_gain":0.0,"event_name":"Falling","player_choice":"Removed Attack","floor":36.0,"gold_loss":0.0,"damage_taken":0.0},{"damage_healed":0,"gold_gain":0,"player_choice":"Paid","damage_taken":0,"relics_obtained":["Red Mask"],"max_hp_gain":0,"max_hp_loss":0,"event_name":"Tomb of Lord Red Mask","floor":39,"gold_loss":57},{"damage_healed":0,"gold_gain":0,"player_choice":"Fight","damage_taken":0,"max_hp_gain":0,"max_hp_loss":0,"event_name":"Mysterious Sphere","floor":41,"gold_loss":0}],"is_beta":false,"boss_relics":[{"not_picked":["Cursed Key","Runic Dome"],"picked":"Orrery"},{"not_picked":["Busted Crown","Snecko Eye"],"picked":"Pandora\u0027s Box"}],"items_purged_floors":[5],"is_endless":false,"potions_floor_spawned":[8,12,13,14,16,18,25,27,35,45,46,47,48],"ascension_level":20}