{"gold_per_floor":[118,118,118,139,64,64,79,79,79,79,95,95,111,132,132,252,252,265,165,180,55,55],"floor_reached":22,"playtime":674,"items_purged":["Defend_R","Defend_R","Strike_R"],"score":220,"play_id":"e7a4d81f-ea9d-4518-a364-29f98b3f2324","local_time":"20190321150527","is_ascension_mode":true,"campfire_choices":[{"data":"Shrug It Off","floor":6,"key":"SMITH"},{"data":"Bash","floor":10,"key":"SMITH"},{"floor":12,"key":"REST"},{"data":"Clash","floor":15,"key":"SMITH"}],"neow_cost":"NONE","seed_source_timestamp":148822962946800,"circlet_count":0,"master_deck":["Strike_R","Strike_R","Strike_R","Strike_R","Defend_R","Defend_R","Bash+1","Shrug It Off+1","Burning Pact","Clash+1","Barricade"],"relics":["Busted Crown","Golden Idol","Kunai","Mummified Hand","Black Star"],"potions_floor_usage":[16,16,20],"damage_taken":[{"damage":2,"enemies":"2 Louse","floor":1,"turns":3},{"damage":7,"enemies":"Jaw Worm","floor":4,"turns":3},{"damage":0,"enemies":"Cultist","floor":7,"turns":3},{"damage":14,"enemies":"Exordium Thugs","floor":11,"turns":6},{"damage":10,"enemies":"Blue Slaver","floor":13,"turns":3},{"damage":0,"enemies":"Exordium Wildlife","floor":14,"turns":4},{"damage":47,"enemies":"Hexaghost","floor":16,"turns":6},{"damage":20,"enemies":"3 Byrds","floor":18,"turns":8},{"damage":24,"enemies":"Shell Parasite","floor":20,"turns":6},{"damage":21,"enemies":"Snake Plant","floor":22,"turns":4}],"seed_played":"7684524707235070663","potions_obtained":[{"floor":4,"key":"SteroidPotion"},{"floor":14,"key":"Ancient Potion"},{"floor":16,"key":"Dexterity Potion"}],"is_trial":false,"path_per_floor":["M","?","?","M","$","R","M","T","T","R","M","R","M","M","R","B",null,"M","$","M","$","M"],"character_chosen":"IRONCLAD","items_purchased":[],"campfire_rested":1,"item_purchase_floors":[],"current_hp_per_floor":[78,78,74,67,67,67,67,67,67,67,53,74,64,64,64,17,60,40,40,16,16,0],"gold":55,"neow_bonus":"BOSS_RELIC","is_prod":false,"is_daily":false,"chose_seed":false,"campfire_upgraded":3,"win_rate":0,"timestamp":1553151927,"path_taken":["M","?","?","M","?","R","?","?","T","R","M","R","M","M","R","BOSS","M","$","M","$","M"],"build_version":"2019-01-23","purchased_purges":3,"victory":false,"max_hp_per_floor":[80,80,74,74,74,74,74,74,74,74,74,74,74,74,74,74,74,74,74,74,74,74],"card_choices":[{"not_picked":["Anger"],"picked":"SKIP","floor":1},{"not_picked":[],"picked":"Shrug It Off","floor":4},{"not_picked":[],"picked":"Burning Pact","floor":7},{"not_picked":["Cleave"],"picked":"SKIP","floor":11},{"not_picked":[],"picked":"Clash","floor":13},{"not_picked":["Burning Pact"],"picked":"SKIP","floor":14},{"not_picked":[],"picked":"Barricade","floor":16},{"not_picked":["Burning Pact"],"picked":"SKIP","floor":18},{"not_picked":["Searing Blow+1"],"picked":"SKIP","floor":20}],"player_experience":400743,"relics_obtained":[{"floor":8,"key":"Kunai"},{"floor":9,"key":"Mummified Hand"}],"event_choices":[{"damage_healed":0,"gold_gain":0,"player_choice":"Ignored","damage_taken":0,"max_hp_gain":0,"max_hp_loss":0,"event_name":"Liars Game","floor":2,"gold_loss":0},{"damage_healed":0,"gold_gain":0,"player_choice":"Lose Max HP","damage_taken":0,"relics_obtained":["Golden Idol"],"max_hp_gain":0,"max_hp_loss":6,"event_name":"Golden Idol","floor":3,"gold_loss":0}],"is_beta":false,"boss_relics":[{"not_picked":["Runic Pyramid","Mark of Pain"],"picked":"Black Star"}],"items_purged_floors":[5,19,21],"is_endless":false,"potions_floor_spawned":[4,14,16],"killed_by":"Snake Plant","ascension_level":5}