{"gold_per_floor":[117,117,136,6,6,6,6,37,37,52,52,84,111,386,386,386],"floor_reached":16,"playtime":772,"items_purged":[],"score":116,"play_id":"ba837edd-26fa-468c-baa5-506c51d72863","local_time":"20181231133536","is_ascension_mode":false,"campfire_choices":[{"floor":6,"key":"REST"},{"floor":15,"key":"REST"}],"neow_cost":"PERCENT_DAMAGE","seed_source_timestamp":254260085729147,"circlet_count":0,"master_deck":["Strike_B","Strike_B","Strike_B","Strike_B","Defend_B","Defend_B","Defend_B","Defend_B","Zap+1","Dualcast+1","Gash","Tempest","Self Repair","Leap+1","Conserve Battery","Double Energy","Glacier","Ball Lightning","Regret"],"relics":["Cracked Core","Symbiotic Virus","Juzu Bracelet","WingedGreaves","Mummified Hand"],"potions_floor_usage":[],"damage_taken":[{"damage":5,"enemies":"Small Slimes","floor":1,"turns":3},{"damage":1,"enemies":"Cultist","floor":3,"turns":3},{"damage":27,"enemies":"Gremlin Nob","floor":8,"turns":4},{"damage":2,"enemies":"2 Louse","floor":10,"turns":3},{"damage":19,"enemies":"Lagavulin","floor":12,"turns":5},{"damage":26,"enemies":"Gremlin Nob","floor":13,"turns":4},{"damage":51,"enemies":"Hexaghost","floor":16,"turns":12}],"seed_played":"5911741601285233104","potions_obtained":[{"floor":3,"key":"Poison Potion"},{"floor":12,"key":"Energy Potion"}],"is_trial":false,"path_per_floor":["M","?","M","$","?","R","$","E","T","M","?","E","E","?","R","B"],"character_chosen":"DEFECT","items_purchased":["Self Repair","Leap"],"campfire_rested":2,"item_purchase_floors":[4,4],"current_hp_per_floor":[63,63,62,62,44,70,70,50,50,55,55,43,24,24,50,0],"gold":386,"neow_bonus":"TWENTY_PERCENT_HP_BONUS","is_prod":false,"is_daily":false,"chose_seed":false,"campfire_upgraded":0,"win_rate":0.0,"timestamp":1546292136,"path_taken":["M","?","M","?","?","R","$","E","T","M","?","E","E","?","R","BOSS"],"build_version":"2018-12-20","purchased_purges":0,"victory":false,"max_hp_per_floor":[89,89,89,89,89,89,89,89,89,89,89,89,89,89,89,89],"card_choices":[{"not_picked":["Rebound","Conserve Battery"],"picked":"Gash","floor":1},{"not_picked":["Go for the Eyes","Multi-Cast"],"picked":"Tempest","floor":3},{"not_picked":["Barrage","Beam Cell"],"picked":"Conserve Battery","floor":8},{"not_picked":["Reprogram","Steam"],"picked":"Double Energy","floor":10},{"not_picked":["Conserve Battery","Rebound"],"picked":"Glacier","floor":12},{"not_picked":["Compile Driver","Multi-Cast"],"picked":"Ball Lightning","floor":13}],"player_experience":182364,"relics_obtained":[{"floor":8,"key":"Symbiotic Virus"},{"floor":9,"key":"Juzu Bracelet"},{"floor":12,"key":"WingedGreaves"},{"floor":13,"key":"Mummified Hand"}],"event_choices":[{"damage_healed":0,"gold_gain":0,"player_choice":"Forge","damage_taken":0,"max_hp_gain":0,"max_hp_loss":0,"event_name":"Accursed Blacksmith","floor":2,"gold_loss":0,"cards_upgraded":["Zap"]},{"damage_healed":0,"gold_gain":0,"player_choice":"Entered Light","damage_taken":18,"max_hp_gain":0,"max_hp_loss":0,"event_name":"Shining Light","floor":5,"gold_loss":0,"cards_upgraded":["Dualcast","Leap"]},{"damage_healed":0,"gold_gain":0,"player_choice":"Ignored","damage_taken":0,"max_hp_gain":0,"max_hp_loss":0,"event_name":"Golden Wing","floor":11,"gold_loss":0},{"damage_healed":0,"gold_gain":275,"player_choice":"Desecrate","damage_taken":0,"max_hp_gain":0,"max_hp_loss":0,"event_name":"Golden Shrine","floor":14,"gold_loss":0,"cards_obtained":["Regret"]}],"is_beta":false,"boss_relics":[],"items_purged_floors":[],"is_endless":false,"potions_floor_spawned":[3,12],"killed_by":"Hexaghost","ascension_level":0}