{"gold_per_floor":[111,127,22,37,37,67,67,98,98,98,109,127,127],"floor_reached":13,"playtime":642,"items_purged":[],"score":125,"play_id":"9c40baee-0d2e-430b-924c-00714674db0e","local_time":"20190409161839","is_ascension_mode":true,"campfire_choices":[{"data":"Loop","floor":7,"key":"SMITH"},{"data":"Defragment","floor":10,"key":"SMITH"}],"neow_cost":"NONE","seed_source_timestamp":0,"circlet_count":0,"master_deck":["Strike_B","Strike_B","Strike_B","Strike_B","Defend_B","Defend_B","Defend_B","Defend_B+1","Zap","Dualcast","Conserve Battery","Leap","White Noise","Loop+1","Loop+1","Tempest+1","Defragment+1","Go for the Eyes","Self Repair+1"],"special_seed":0,"relics":["Cracked Core","Toxic Egg 2","Pear","Frozen Egg 2"],"potions_floor_usage":[],"damage_taken":[{"damage":0,"enemies":"Cultist","floor":1,"turns":3},{"damage":6,"enemies":"Jaw Worm","floor":2,"turns":4},{"damage":9,"enemies":"2 Louse","floor":4,"turns":3},{"damage":24,"enemies":"Lagavulin","floor":6,"turns":6},{"damage":22,"enemies":"3 Sentries","floor":8,"turns":7},{"damage":11,"enemies":"Exordium Thugs","floor":11,"turns":4},{"damage":0,"enemies":"2 Fungi Beasts","floor":12,"turns":2},{"damage":7,"enemies":"3 Louse","floor":13,"turns":2}],"seed_played":"-5802728826964006760","potions_obtained":[{"floor":1,"key":"FocusPotion"},{"floor":6,"key":"FearPotion"}],"is_trial":false,"path_per_floor":["M","M","$","M","?","E","R","E","T","R","M","M","M"],"character_chosen":"DEFECT","items_purchased":["White Noise","Loop"],"campfire_rested":0,"item_purchase_floors":[3,3],"current_hp_per_floor":[82,76,76,67,51,27,27,15,15,15,4,4,0],"gold":127,"neow_bonus":"TEN_PERCENT_HP_BONUS","is_prod":false,"is_daily":false,"chose_seed":false,"campfire_upgraded":2,"win_rate":0,"timestamp":1554844719,"path_taken":["M","M","?","?","?","E","R","E","T","R","M","M","M"],"build_version":"2019-01-23","purchased_purges":0,"victory":false,"max_hp_per_floor":[82,82,82,82,82,82,82,92,92,92,92,92,92],"card_choices":[{"not_picked":["Undo","Beam Cell"],"picked":"Conserve Battery","floor":1},{"not_picked":["Hologram","Rebound"],"picked":"Leap","floor":2},{"not_picked":["Rip and Tear","Capacitor"],"picked":"Loop","floor":4},{"not_picked":["Core Surge","Lockon"],"picked":"Tempest","floor":6},{"not_picked":["Melter","Recycle+1"],"picked":"Defragment","floor":8},{"not_picked":["Sweeping Beam","Redo+1"],"picked":"Go for the Eyes","floor":11},{"not_picked":["Steam+1","Turbo+1"],"picked":"Self Repair+1","floor":12}],"player_experience":158742,"relics_obtained":[{"floor":6,"key":"Toxic Egg 2"},{"floor":8,"key":"Pear"},{"floor":9,"key":"Frozen Egg 2"}],"event_choices":[{"damage_healed":0,"gold_gain":0,"player_choice":"Entered Light","damage_taken":16,"max_hp_gain":0,"max_hp_loss":0,"event_name":"Shining Light","floor":5,"gold_loss":0,"cards_upgraded":["Defend_B","Loop"]}],"is_beta":false,"boss_relics":[],"items_purged_floors":[],"is_endless":false,"potions_floor_spawned":[1,6],"killed_by":"3 Louse","ascension_level":1}